timestamp,time,price,volume
34200664683702,09:30:00.664,0.0000,0
34212975257819,09:30:12.975,87.4500,59
34212976014289,09:30:12.976,87.4000,58
34267658435570,09:31:07.658,87.4200,11
34326809473773,09:32:06.809,87.6100,16
34326809569882,09:32:06.809,87.6100,74
34326809569882,09:32:06.809,87.6200,15
34326809569882,09:32:06.809,87.6300,100
34326809569882,09:32:06.809,87.6300,100
34326809569882,09:32:06.809,87.6300,11
34326809719845,09:32:06.809,87.6300,89
34326809719845,09:32:06.809,87.6300,11
34326809780722,09:32:06.809,87.6300,24
34326810666022,09:32:06.810,87.6500,64
34326816867794,09:32:06.816,87.6500,36
34326816867794,09:32:06.816,87.6500,64
34326817106539,09:32:06.817,87.6500,36
34326818353152,09:32:06.818,87.6400,100
34327308792769,09:32:07.308,87.5900,66
34327308817282,09:32:07.308,87.5900,34
34327308817282,09:32:07.308,87.5900,100
34327308817282,09:32:07.308,87.5900,246
34327309391066,09:32:07.309,87.5900,100
34327309482705,09:32:07.309,87.5900,100
34341463698274,09:32:21.463,87.5000,6
34341486749378,09:32:21.486,87.5100,12
34342620155773,09:32:22.620,87.4600,5
34342620512475,09:32:22.620,87.4400,100
34342620877835,09:32:22.620,87.4400,100
34348645329188,09:32:28.645,87.4700,100
34348645551851,09:32:28.645,87.4900,100
34403464319602,09:33:23.464,87.1300,1000
34403464319602,09:33:23.464,87.1200,23
34403464319602,09:33:23.464,87.1200,100
34403464319602,09:33:23.464,87.1200,100
34403465690533,09:33:23.465,87.0900,18
34403466700218,09:33:23.466,87.1300,100
34403471491407,09:33:23.471,87.0600,100
34403471491407,09:33:23.471,87.0600,100
34408496372129,09:33:28.496,87.0300,100
34412573855119,09:33:32.573,87.0000,100
34412573931262,09:33:32.573,87.0000,100
34434175913193,09:33:54.175,86.8300,100
34451430593761,09:34:11.430,86.9200,100
34473264353223,09:34:33.264,86.9200,5
34473264491000,09:34:33.264,86.9200,36
34473264513689,09:34:33.264,86.9200,59
34473264513689,09:34:33.264,86.9200,100
34498179198720,09:34:58.179,86.9500,1
34500595899366,09:35:00.595,86.9500,99
34500595899366,09:35:00.595,86.9500,100
34500595899366,09:35:00.595,86.9500,1
34500595941725,09:35:00.595,86.9500,99
34500596012706,09:35:00.596,86.9500,100
34501601857127,09:35:01.601,86.9300,100
34501603513190,09:35:01.603,86.9700,100
34501603513190,09:35:01.603,86.9700,100
34501801516683,09:35:01.801,86.9100,81
34501802404876,09:35:01.802,86.9000,38
34503605982677,09:35:03.605,86.8800,100
34530918709331,09:35:30.918,86.8900,100
34530919093566,09:35:30.919,86.8800,100
34532891774684,09:35:32.891,86.8000,200
34535997327149,09:35:35.997,86.7400,50
34535997327149,09:35:35.997,86.7400,50
34535997332380,09:35:35.997,86.7400,47
34535997332380,09:35:35.997,86.7400,3
34536065315837,09:35:36.065,86.7000,100
34536065704029,09:35:36.065,86.7000,100
34536065840623,09:35:36.065,86.7300,100
34536066035981,09:35:36.066,86.7100,10
34536066035981,09:35:36.066,86.7100,100
34536066381136,09:35:36.066,86.7300,10
34536067458833,09:35:36.067,86.7400,100
34536068657706,09:35:36.068,86.7600,100
34536384149365,09:35:36.384,86.7300,100
34536701174812,09:35:36.701,86.7000,100
34536701259183,09:35:36.701,86.7000,100
34536701681448,09:35:36.701,86.7200,10
34536701747953,09:35:36.701,86.7200,90
34536899661021,09:35:36.899,86.7200,10
34536899661021,09:35:36.899,86.7200,90
34536900021779,09:35:36.900,86.7000,100
34539297862172,09:35:39.297,86.6600,100
34539697871931,09:35:39.697,86.6500,100
34539697871931,09:35:39.697,86.5900,3
34539698388623,09:35:39.698,86.6300,100
34540281861531,09:35:40.281,86.6300,100
34540281886796,09:35:40.281,86.6300,100
34542246855980,09:35:42.246,86.5600,100
34542442521319,09:35:42.442,86.5600,157
34542442546999,09:35:42.442,86.5600,143
34542442546999,09:35:42.442,86.5600,100
34542442546999,09:35:42.442,86.5600,100
34542982719021,09:35:42.982,86.5200,6
34542986809425,09:35:42.986,86.5000,94
34543081951450,09:35:43.081,86.5000,6
34543081951450,09:35:43.081,86.5000,100
34543083155748,09:35:43.083,86.5300,100
34543300102676,09:35:43.300,86.4800,100
34543300102676,09:35:43.300,86.4800,100
34545442818151,09:35:45.442,86.5900,100
34545442818151,09:35:45.442,86.5900,100
34545442818151,09:35:45.442,86.5900,100
34545443266447,09:35:45.443,86.6200,82
34545443268772,09:35:45.443,86.6200,18
34550301684195,09:35:50.301,86.6600,200
34550301684195,09:35:50.301,86.6600,28
34550301716400,09:35:50.301,86.6600,100
34550301758766,09:35:50.301,86.6400,100
34550497756987,09:35:50.497,86.6900,52
34551305300125,09:35:51.305,86.6900,48
34551305909456,09:35:51.305,86.7100,26
34551305941808,09:35:51.305,86.7100,74
34551305968288,09:35:51.305,86.7100,100
34551305968288,09:35:51.305,86.7100,100
34567909953700,09:36:07.909,86.8500,100
34580425067138,09:36:20.425,86.9400,100
34581299660006,09:36:21.299,86.9400,51
34581856385338,09:36:21.856,86.9400,2
34581856413785,09:36:21.856,86.9400,47
34583302376610,09:36:23.302,86.9800,100
34583302384252,09:36:23.302,86.9800,100
34583302390110,09:36:23.302,86.9900,100
34583303028829,09:36:23.303,86.9900,100
34583303189254,09:36:23.303,86.9800,100
34585302815885,09:36:25.302,86.9800,900
34598105421230,09:36:38.105,86.9700,100
34600527909225,09:36:40.527,86.8600,100
34600527909225,09:36:40.527,86.8600,100
34600527978847,09:36:40.527,86.8600,100
34663300598640,09:37:43.300,86.7800,93
34663301825980,09:37:43.301,86.7000,12
34689346970268,09:38:09.346,86.9000,31
34689347092406,09:38:09.347,86.9000,57
34689347097494,09:38:09.347,86.9000,12
34695220304312,09:38:15.220,86.9100,100
34728770493275,09:38:48.770,87.0500,100
34728771015419,09:38:48.771,87.0800,100
34728781847203,09:38:48.781,87.0800,100
34728821219459,09:38:48.821,87.1000,100
34801493212900,09:40:01.493,87.1500,10
34801493212900,09:40:01.493,87.1400,290
34801493272230,09:40:01.493,87.1400,10
34801494421709,09:40:01.494,87.1200,100
34806608574701,09:40:06.608,87.1500,100
34806608574701,09:40:06.608,87.1500,100
34815992983554,09:40:15.992,87.1500,40
34815993016380,09:40:15.993,87.1500,60
34822742010898,09:40:22.742,87.2200,61
34827891624434,09:40:27.891,87.2300,61
34827891648822,09:40:27.891,87.2300,39
34830784858978,09:40:30.784,87.2700,10
34830785826915,09:40:30.785,87.2700,51
34860581521244,09:41:00.581,87.2600,9
34861019680790,09:41:01.019,87.2700,39
34861019680790,09:41:01.019,87.2700,21
34861019706726,09:41:01.019,87.2700,79
34861019706726,09:41:01.019,87.2700,100
34886196213340,09:41:26.196,87.2200,100
34910924694885,09:41:50.924,87.1000,100
34911681883710,09:41:51.681,87.1300,100
34918726272287,09:41:58.726,87.0900,100
34963063558654,09:42:43.063,87.1600,100
34963999757756,09:42:43.999,87.1600,100
35033948952072,09:43:53.948,87.2100,100
35033948952072,09:43:53.948,87.2100,100
35033967382525,09:43:53.967,87.2000,100
35033967460274,09:43:53.967,87.2000,100
35037074827295,09:43:57.074,87.2000,100
35037074827295,09:43:57.074,87.2000,100
35037074949920,09:43:57.074,87.2000,100
35037075044182,09:43:57.075,87.2000,100
35037075094085,09:43:57.075,87.2000,100
35038898770120,09:43:58.898,87.1900,100
35041189623159,09:44:01.189,87.1700,100
35065376874401,09:44:25.376,87.0600,100
35089778414796,09:44:49.778,86.9100,24
35089780407773,09:44:49.780,86.9100,100
35089781655799,09:44:49.781,86.8800,100
35089781655799,09:44:49.781,86.8800,100
35089781735009,09:44:49.781,86.9100,100
35089783767173,09:44:49.783,86.8900,100
35089791932985,09:44:49.791,86.9100,43
35092849483209,09:44:52.849,86.9800,100
35093783223509,09:44:53.783,87.0300,100
35093783223509,09:44:53.783,87.0300,100
35093783249848,09:44:53.783,87.0300,45
35094364654812,09:44:54.364,87.0500,100
35094364687386,09:44:54.364,87.0500,100
35097040099243,09:44:57.040,87.0800,48
35097040126451,09:44:57.040,87.0800,52
35098281428435,09:44:58.281,87.0900,100
35103137228921,09:45:03.137,87.0900,60
35103137259857,09:45:03.137,87.0500,24
35103137259857,09:45:03.137,87.0400,200
35104274852107,09:45:04.274,87.1100,23
35125031904552,09:45:25.031,87.2000,100
35152128413257,09:45:52.128,87.2500,1
35186097516494,09:46:26.097,87.2600,100
35210801884869,09:46:50.801,87.2400,100
35210801884869,09:46:50.801,87.2400,100
35210801969084,09:46:50.801,87.2400,100
35210802007476,09:46:50.802,87.2400,100
35210802210693,09:46:50.802,87.2400,100
35210802235257,09:46:50.802,87.2400,100
35210802367216,09:46:50.802,87.2300,100
35210802392640,09:46:50.802,87.2300,2
35210802392640,09:46:50.802,87.2300,72
35210802392640,09:46:50.802,87.2300,128
35233486354100,09:47:13.486,87.2200,73
35233486378857,09:47:13.486,87.2200,27
35233663783244,09:47:13.663,87.1900,72
35250008490762,09:47:30.008,87.2000,100
35250009665570,09:47:30.009,87.2100,100
35259585298169,09:47:39.585,87.1700,2
35286876601628,09:48:06.876,87.1100,100
35286876646275,09:48:06.876,87.1100,100
35286881686223,09:48:06.881,87.1100,100
35315604870616,09:48:35.604,87.0200,8
35315604870616,09:48:35.604,87.0200,8
35315604870616,09:48:35.604,87.0200,100
35315604870616,09:48:35.604,87.0200,2
35315605038606,09:48:35.605,87.0200,100
35368530981715,09:49:28.530,86.9200,100
35398012654375,09:49:58.012,86.8800,100
35398012654375,09:49:58.012,86.8800,200
35398012702775,09:49:58.012,86.8800,200
35398013674666,09:49:58.013,86.8800,200
35398013777907,09:49:58.013,86.8800,100
35398471747948,09:49:58.471,86.8700,2
35413087760249,09:50:13.087,86.8100,100
35425186490495,09:50:25.186,86.8400,100
35425187144297,09:50:25.187,86.8600,200
35425187592911,09:50:25.187,86.8700,100
35425187592911,09:50:25.187,86.8700,100
35425187814013,09:50:25.187,86.8700,100
35456695980815,09:50:56.695,86.8600,200
35456695980815,09:50:56.695,86.8700,100
35457331360448,09:50:57.331,86.8700,200
35458065780158,09:50:58.065,86.8700,100
35476082243047,09:51:16.082,86.8800,1
35476082594011,09:51:16.082,86.8800,99
35476082594011,09:51:16.082,86.8800,94
35476082606821,09:51:16.082,86.8800,100
35476082619914,09:51:16.082,86.8800,6
35476086223215,09:51:16.086,86.8900,100
35476088831265,09:51:16.088,86.8900,1
35480980846987,09:51:20.980,86.9100,100
35485284490480,09:51:25.284,86.9200,200
35485284490480,09:51:25.284,86.9200,93
35485284500272,09:51:25.284,86.9200,7
35485284500272,09:51:25.284,86.9200,12
35485284515931,09:51:25.284,86.9200,88
35485285977241,09:51:25.285,86.9100,100
35485289022461,09:51:25.289,86.8900,300
35485290894198,09:51:25.290,86.9000,200
35495946896936,09:51:35.946,86.8900,100
35495947580371,09:51:35.947,86.9000,100
35517782039759,09:51:57.782,86.8600,100
35517782039759,09:51:57.782,86.8500,2
35517782066912,09:51:57.782,86.8500,98
35517782066912,09:51:57.782,86.8500,2
35517784344707,09:51:57.784,86.8400,100
35517786856580,09:51:57.786,86.8400,100
35517789210455,09:51:57.789,86.8500,10
35517831335579,09:51:57.831,86.8100,4
35517891173529,09:51:57.891,86.8500,90
35521588292535,09:52:01.588,86.8000,100
35521588292535,09:52:01.588,86.8000,100
35521588367925,09:52:01.588,86.8000,100
35521592049528,09:52:01.592,86.8000,100
35523549207374,09:52:03.549,86.8000,100
35523549527693,09:52:03.549,86.8000,100
35525579474570,09:52:05.579,86.8000,2
35544774876704,09:52:24.774,86.7500,100
35544774915571,09:52:24.774,86.7400,100
35561990369764,09:52:41.990,86.7100,100
35563033761236,09:52:43.033,86.7100,100
35564047267385,09:52:44.047,86.7100,100
35572601682591,09:52:52.601,86.7400,100
35572601682591,09:52:52.601,86.7400,100
35608521542669,09:53:28.521,86.7400,100
35608521542669,09:53:28.521,86.7400,100
35608521544431,09:53:28.521,86.7400,69
35608522060694,09:53:28.522,86.7600,100
35608522652582,09:53:28.522,86.7600,10
35608523292453,09:53:28.523,86.7600,10
35608523889490,09:53:28.523,86.7600,10
35608524552703,09:53:28.524,86.7600,10
35633750018089,09:53:53.750,86.7300,12
35636549323930,09:53:56.549,86.7800,100
35636553377938,09:53:56.553,86.8100,100
35641829664203,09:54:01.829,86.8200,100
35641829674839,09:54:01.829,86.8300,100
35644530887798,09:54:04.530,86.8300,100
35644530887798,09:54:04.530,86.8300,100
35657712036671,09:54:17.712,86.8700,100
35659832884322,09:54:19.832,86.9000,100
35664143290360,09:54:24.143,86.9300,100
35664143362011,09:54:24.143,86.9300,100
35668934879529,09:54:28.934,86.9400,93
35668934898937,09:54:28.934,86.9400,7
35682285508953,09:54:42.285,86.9800,100
35700785245384,09:55:00.785,86.9600,53
35700785270474,09:55:00.785,86.9600,47
35752020186492,09:55:52.020,86.9200,200
35752380711037,09:55:52.380,86.9200,100
35752380714210,09:55:52.380,86.9200,100
35752380737051,09:55:52.380,86.9200,69
35752380853249,09:55:52.380,86.9200,31
35756253541649,09:55:56.253,86.8900,100
35764161310320,09:56:04.161,86.8500,100
35764161310320,09:56:04.161,86.8500,100
35764161310320,09:56:04.161,86.8500,2
35764161395366,09:56:04.161,86.8500,100
35764161395366,09:56:04.161,86.8500,2
35764161577618,09:56:04.161,86.8500,100
35764161577618,09:56:04.161,86.8500,102
35764161971758,09:56:04.161,86.8500,86
35764162011115,09:56:04.162,86.8500,10
35848436239130,09:57:28.436,86.8300,100
35848436239130,09:57:28.436,86.8300,100
35848436239130,09:57:28.436,86.8300,100
35848436239130,09:57:28.436,86.8300,100
35848437226792,09:57:28.437,86.8300,100
35848439149686,09:57:28.439,86.8500,100
35848439667593,09:57:28.439,86.8700,41
35848439691611,09:57:28.439,86.8700,159
35848439691611,09:57:28.439,86.8700,100
35848440024728,09:57:28.440,86.8500,100
35848440416659,09:57:28.440,86.8500,90
35854429746147,09:57:34.429,86.8400,100
35854431056070,09:57:34.431,86.8400,100
35864796123579,09:57:44.796,86.8300,86
35881733495515,09:58:01.733,86.8400,14
35881733495515,09:58:01.733,86.8400,70
35881734001901,09:58:01.734,86.8400,30
35882396216619,09:58:02.396,86.8300,100
35894464908574,09:58:14.464,86.7900,100
35919634154276,09:58:39.634,86.8000,100
35919634810135,09:58:39.634,86.8100,72
35952981813624,09:59:12.981,86.8000,100
35953413793944,09:59:13.413,86.8000,1
35954892616007,09:59:14.892,86.8400,300
35975956210799,09:59:35.956,86.8500,100
35991067689459,09:59:51.067,86.8800,1
36002961631150,10:00:02.961,86.9200,100
36022150981326,10:00:22.150,86.9200,100
36031563049626,10:00:31.563,86.9600,200
36031563049626,10:00:31.563,86.9500,100
36031563076437,10:00:31.563,86.9500,14
36031563078160,10:00:31.563,86.9500,86
36031563078160,10:00:31.563,86.9500,100
36031564628461,10:00:31.564,86.9400,27
36032537166211,10:00:32.537,86.9200,100
36032537166211,10:00:32.537,86.9200,100
36047179419821,10:00:47.179,86.8500,100
36051414542741,10:00:51.414,86.8100,9
36051414728994,10:00:51.414,86.8100,8
36051414939293,10:00:51.414,86.8100,17
36066317910510,10:01:06.317,86.8100,66
36135990135082,10:02:15.990,86.7900,100
36136966650642,10:02:16.966,86.7900,100
36137098131842,10:02:17.098,86.7800,1
36139743926563,10:02:19.743,86.7800,99
36139743926563,10:02:19.743,86.7800,1
36139743981396,10:02:19.743,86.7800,99
36140117612082,10:02:20.117,86.7800,100
36143783557260,10:02:23.783,86.7700,100
36143783724735,10:02:23.783,86.7700,100
36143896446186,10:02:23.896,86.7700,100
36144360331434,10:02:24.360,86.7600,100
36162068158507,10:02:42.068,86.7400,12
36166688477343,10:02:46.688,86.7300,200
36166691295701,10:02:46.691,86.7200,100
36166691466835,10:02:46.691,86.7200,100
36166701961915,10:02:46.701,86.6900,5
36166708183167,10:02:46.708,86.6900,25
36166715683182,10:02:46.715,86.6900,18
36166716327662,10:02:46.716,86.6900,23
36166716646613,10:02:46.716,86.6900,5
36166718756169,10:02:46.718,86.6900,6
36166720251897,10:02:46.720,86.6900,18
36166720251897,10:02:46.720,86.6900,24
36170470761029,10:02:50.470,86.6800,100
36170547687566,10:02:50.547,86.6900,100
36173364078542,10:02:53.364,86.7100,100
36173364078542,10:02:53.364,86.7100,100
36173365385366,10:02:53.365,86.7200,100
36173365385366,10:02:53.365,86.7200,100
36173365977044,10:02:53.365,86.7200,100
36173368063966,10:02:53.368,86.7300,86
36173368090826,10:02:53.368,86.7300,14
36173368100860,10:02:53.368,86.7300,14
36173368108584,10:02:53.368,86.7300,14
36173544317080,10:02:53.544,86.7300,100
36173544317080,10:02:53.544,86.7350,72
36173544317080,10:02:53.544,86.7400,100
36173544317080,10:02:53.544,86.7400,28
36173544346544,10:02:53.544,86.7400,72
36173544346544,10:02:53.544,86.7400,77
36173566713714,10:02:53.566,86.7400,97
36173602090215,10:02:53.602,86.7500,100
36177561064176,10:02:57.561,86.7700,100
36196420725570,10:03:16.420,86.7500,500
36196420725570,10:03:16.420,86.7500,100
36196420756142,10:03:16.420,86.7500,100
36196420804785,10:03:16.420,86.7500,100
36196420827138,10:03:16.420,86.7500,100
36196420833009,10:03:16.420,86.7500,100
36196420842849,10:03:16.420,86.7500,200
36196421386263,10:03:16.421,86.7400,100
36196428135415,10:03:16.428,86.7300,100
36196478327828,10:03:16.478,86.7300,100
36196478346753,10:03:16.478,86.7200,100
36237136016491,10:03:57.136,86.7400,100
36278947159844,10:04:38.947,86.7400,100
36278948150195,10:04:38.948,86.7300,100
36278948150195,10:04:38.948,86.7300,100
36278948150195,10:04:38.948,86.7300,100
36280363219162,10:04:40.363,86.6800,9
36293244256547,10:04:53.244,86.7500,43
36293244257833,10:04:53.244,86.7500,57
36293244257833,10:04:53.244,86.7500,43
36293244284960,10:04:53.244,86.7500,100
36293249823146,10:04:53.249,86.7500,100
36293249930529,10:04:53.249,86.7500,100
36302261600193,10:05:02.261,86.7800,100
36302261600193,10:05:02.261,86.7800,100
36302266672023,10:05:02.266,86.7700,100
36311911540355,10:05:11.911,86.7700,10
36311911540355,10:05:11.911,86.7700,21
36311911565377,10:05:11.911,86.7700,45
36311911618646,10:05:11.911,86.7700,34
36311911750094,10:05:11.911,86.7700,66
36311926887411,10:05:11.926,86.7600,100
36319333279112,10:05:19.333,86.7900,100
36339329124253,10:05:39.329,86.8100,12
36339329156310,10:05:39.329,86.8200,100
36339350906124,10:05:39.350,86.8400,100
36347554640117,10:05:47.554,86.7900,100
36347556930674,10:05:47.556,86.7900,100
36355951447102,10:05:55.951,86.7500,100
36362536393144,10:06:02.536,86.7800,100
36362536393144,10:06:02.536,86.7800,100
36382534880234,10:06:22.534,86.8000,13
36401168423872,10:06:41.168,86.8300,100
36401168423872,10:06:41.168,86.8300,100
36409060893129,10:06:49.060,86.8300,100
36409060917286,10:06:49.060,86.8300,2
36409060961418,10:06:49.060,86.8300,98
36409061563600,10:06:49.061,86.8300,100
36426910048618,10:07:06.910,86.7900,100
36426910116038,10:07:06.910,86.7900,100
36435973614840,10:07:15.973,86.7800,100
36435973713766,10:07:15.973,86.7800,100
36435974158456,10:07:15.974,86.7600,500
36435974807462,10:07:15.974,86.7600,100
36436004506970,10:07:16.004,86.7600,400
36437360057728,10:07:17.360,86.7500,100
36437360272339,10:07:17.360,86.7500,100
36437360333540,10:07:17.360,86.7500,100
36437368867511,10:07:17.368,86.7500,100
36437771266853,10:07:17.771,86.7500,100
36437771913328,10:07:17.771,86.7500,100
36437771987891,10:07:17.771,86.7500,100
36437772340703,10:07:17.772,86.7500,100
36437772340703,10:07:17.772,86.7500,700
36437779158038,10:07:17.779,86.7500,100
36437779909511,10:07:17.779,86.7500,100
36437788096946,10:07:17.788,86.7500,100
36437788767946,10:07:17.788,86.7500,100
36438017641418,10:07:18.017,86.7500,100
36438220955180,10:07:18.220,86.7500,100
36438525233930,10:07:18.525,86.7500,100
36438525233930,10:07:18.525,86.7500,100
36438525326138,10:07:18.525,86.7500,100
36438525335853,10:07:18.525,86.7500,100
36438525494628,10:07:18.525,86.7500,100
36438525494628,10:07:18.525,86.7500,57
36438525523281,10:07:18.525,86.7500,32
36438525544408,10:07:18.525,86.7500,11
36440545809007,10:07:20.545,86.7400,100
36440550779821,10:07:20.550,86.7500,90
36441209594135,10:07:21.209,86.7400,10
36441209594135,10:07:21.209,86.7400,90
36441209654431,10:07:21.209,86.7400,10
36441210065446,10:07:21.210,86.7400,26
36441211061129,10:07:21.211,86.7400,64
36441211061129,10:07:21.211,86.7400,10
36442379176924,10:07:22.379,86.7300,8
36442379176924,10:07:22.379,86.7300,100
36442379595512,10:07:22.379,86.7300,100
36442547478688,10:07:22.547,86.7300,100
36443562856260,10:07:23.562,86.7200,100
36467418081844,10:07:47.418,86.7100,100
36467418218521,10:07:47.418,86.7100,100
36491412926280,10:08:11.412,86.7100,100
36491412926280,10:08:11.412,86.7100,100
36491412926280,10:08:11.412,86.7100,100
36491412926280,10:08:11.412,86.7100,13
36491413028916,10:08:11.413,86.7100,100
36491413244545,10:08:11.413,86.7100,100
36491413244545,10:08:11.413,86.7100,100
36491413244545,10:08:11.413,86.7100,100
36491430331054,10:08:11.430,86.6900,100
36491430413909,10:08:11.430,86.6900,100
36491433261364,10:08:11.433,86.6900,100
36502532599236,10:08:22.532,86.6800,100
36502532724195,10:08:22.532,86.6800,100
36515005944843,10:08:35.005,86.6700,100
36535060189824,10:08:55.060,86.6900,24
36535060219162,10:08:55.060,86.6900,76
36535076259517,10:08:55.076,86.7000,100
36535078257519,10:08:55.078,86.7100,100
36535653583324,10:08:55.653,86.7000,100
36539957309657,10:08:59.957,86.7100,100
36539957335345,10:08:59.957,86.7200,100
36601782008617,10:10:01.782,86.6850,100
36603394613163,10:10:03.394,86.7000,58
36603394840104,10:10:03.394,86.7000,42
36603394840104,10:10:03.394,86.7000,13
36609878558423,10:10:09.878,86.7000,1
36610052195132,10:10:10.052,86.7100,100
36613884147860,10:10:13.884,86.7100,100
36652979094324,10:10:52.979,86.7200,500
36652979094324,10:10:52.979,86.7200,100
36652979182986,10:10:52.979,86.7200,100
36652979210682,10:10:52.979,86.7200,300
36652980559495,10:10:52.980,86.7200,100
36655335191104,10:10:55.335,86.7100,31
36662798976789,10:11:02.798,86.7300,100
36662799959223,10:11:02.799,86.7300,100
36662801274197,10:11:02.801,86.7300,100
36662871945291,10:11:02.871,86.7300,16
36671284858626,10:11:11.284,86.7400,100
36671353583861,10:11:11.353,86.7500,100
36671353583861,10:11:11.353,86.7500,100
36671353583861,10:11:11.353,86.7500,15
36671353781421,10:11:11.353,86.7500,85
36671353781421,10:11:11.353,86.7500,15
36671353822627,10:11:11.353,86.7500,85
36685480993846,10:11:25.480,86.7600,100
36686007864942,10:11:26.007,86.7700,100
36692437188279,10:11:32.437,86.8000,100
36692438005854,10:11:32.438,86.8000,100
36692654070083,10:11:32.654,86.8000,100
36708691135320,10:11:48.691,86.8350,15
36711009796044,10:11:51.009,86.8500,100
36718799046365,10:11:58.799,86.8400,19
36718799046365,10:11:58.799,86.8400,69
36718799046365,10:11:58.799,86.8400,100
36718799078111,10:11:58.799,86.8400,100
36718799167668,10:11:58.799,86.8400,69
36718801767414,10:11:58.801,86.8400,100
36719441746320,10:11:59.441,86.8300,100
36719441746320,10:11:59.441,86.8300,100
36719441746320,10:11:59.441,86.8300,100
36719441746320,10:11:59.441,86.8300,100
36719446121804,10:11:59.446,86.8200,100
36762389676622,10:12:42.389,86.8100,100
36778543102837,10:12:58.543,86.8000,200
36778543332730,10:12:58.543,86.8000,109
36778543475442,10:12:58.543,86.8000,91
36778543727842,10:12:58.543,86.8000,100
36778545005578,10:12:58.545,86.8000,100
36778571890630,10:12:58.571,86.7900,100
36794128992602,10:13:14.128,86.7800,100
36798293855046,10:13:18.293,86.8000,100
36798293855046,10:13:18.293,86.8000,100
36798293855046,10:13:18.293,86.8000,13
36816246158848,10:13:36.246,86.7900,100
36816247009435,10:13:36.247,86.7900,100
36816247009435,10:13:36.247,86.7900,100
36818715011897,10:13:38.715,86.7800,100
36839912413013,10:13:59.912,86.7600,100
36902649024374,10:15:02.649,86.7100,100
36912222299137,10:15:12.222,86.7100,100
36930812433124,10:15:30.812,86.6900,400
36930899528862,10:15:30.899,86.6900,100
36930899601293,10:15:30.899,86.6900,300
36938069857628,10:15:38.069,86.6500,100
36938069976685,10:15:38.069,86.6500,100
36939315719580,10:15:39.315,86.6500,100
36975973416776,10:16:15.973,86.6400,100
36975973416776,10:16:15.973,86.6400,100
36975973416776,10:16:15.973,86.6400,100
36975973416776,10:16:15.973,86.6400,100
36975974016728,10:16:15.974,86.6500,12
36975974016728,10:16:15.974,86.6500,100
36975974664620,10:16:15.974,86.6400,100
36975977678620,10:16:15.977,86.6600,100
36994947414149,10:16:34.947,86.6500,100
36994947414149,10:16:34.947,86.6500,100
36994975050906,10:16:34.975,86.6600,100
36998189696577,10:16:38.189,86.6600,100
36998189921349,10:16:38.189,86.6800,100
36999060247655,10:16:39.060,86.6500,100
37002725001932,10:16:42.725,86.6300,15
37002725351041,10:16:42.725,86.6300,85
37004731989666,10:16:44.731,86.6100,100
37004992923559,10:16:44.992,86.6100,100
37014848307529,10:16:54.848,86.6100,100
37014848384547,10:16:54.848,86.6100,100
37014848411130,10:16:54.848,86.6100,200
37014848586505,10:16:54.848,86.6100,100
37014848705754,10:16:54.848,86.6100,100
37017075460060,10:16:57.075,86.6100,100
37017075483023,10:16:57.075,86.6100,100
37017075600044,10:16:57.075,86.6100,100
37017075689410,10:16:57.075,86.6100,100
37022976629569,10:17:02.976,86.5900,100
37022976658080,10:17:02.976,86.5900,100
37039976755366,10:17:19.976,86.5700,100
37040959180233,10:17:20.959,86.5700,3
37040959254345,10:17:20.959,86.5700,97
37041403251506,10:17:21.403,86.5700,200
37042233395198,10:17:22.233,86.5700,100
37042233482878,10:17:22.233,86.5700,100
37047106907328,10:17:27.106,86.5500,1000
37057023355532,10:17:37.023,86.5700,100
37057023355532,10:17:37.023,86.5700,100
37057025229814,10:17:37.025,86.5800,100
37057025704883,10:17:37.025,86.5900,100
37057025744808,10:17:37.025,86.5900,100
37057026060208,10:17:37.026,86.5900,100
37057026489542,10:17:37.026,86.5900,100
37057026916279,10:17:37.026,86.5900,100
37057028031665,10:17:37.028,86.6000,100
37058948119776,10:17:38.948,86.6000,100
37064558656815,10:17:44.558,86.6000,40
37064558674305,10:17:44.558,86.6000,60
37087384715375,10:18:07.384,86.5700,100
37089862255416,10:18:09.862,86.5500,100
37089862255416,10:18:09.862,86.5500,100
37089862255416,10:18:09.862,86.5500,100
37089862255416,10:18:09.862,86.5500,100
37094346233610,10:18:14.346,86.5000,100
37094346233610,10:18:14.346,86.5000,100
37094346389643,10:18:14.346,86.5000,100
37094346482323,10:18:14.346,86.5000,100
37094346522373,10:18:14.346,86.5000,100
37094346522373,10:18:14.346,86.5000,100
37096217979266,10:18:16.217,86.4900,200
37096218051246,10:18:16.218,86.4900,100
37096218359392,10:18:16.218,86.4800,10
37104513354814,10:18:24.513,86.4800,90
37104513354814,10:18:24.513,86.4800,100
37122684661899,10:18:42.684,86.4600,100
37122686996069,10:18:42.686,86.4600,86
37122687427490,10:18:42.687,86.4600,14
37128774245083,10:18:48.774,86.4800,100
37129985642615,10:18:49.985,86.5000,13
37129985642615,10:18:49.985,86.5000,100
37129991020086,10:18:49.991,86.5100,100
37138395327321,10:18:58.395,86.5000,6
37141628680284,10:19:01.628,86.5200,100
37163965235619,10:19:23.965,86.5600,100
37173200604025,10:19:33.200,86.5700,100
37174387190231,10:19:34.387,86.6100,100
37174387190231,10:19:34.387,86.6100,100
37180185999021,10:19:40.185,86.6100,100
37180185999021,10:19:40.185,86.6100,100
37187480985819,10:19:47.480,86.6000,30
37187481035894,10:19:47.481,86.6000,70
37187481035894,10:19:47.481,86.6000,100
37189544101134,10:19:49.544,86.5800,100
37206991165543,10:20:06.991,86.6000,100
37206991165543,10:20:06.991,86.6000,12
37207772809642,10:20:07.772,86.6000,100
37220049939843,10:20:20.049,86.6000,100
37221320287692,10:20:21.320,86.6200,100
37226880828827,10:20:26.880,86.6100,100
37228496815415,10:20:28.496,86.6400,100
37228496853011,10:20:28.496,86.6400,100
37263200244374,10:21:03.200,86.6700,100
37270797059040,10:21:10.797,86.6400,40
37270797150297,10:21:10.797,86.6400,60
37270812777898,10:21:10.812,86.6300,18
37272172142858,10:21:12.172,86.6200,100
37272172142858,10:21:12.172,86.6200,100
37272172142858,10:21:12.172,86.6200,100
37282990262423,10:21:22.990,86.6300,100
37282990938935,10:21:22.990,86.6400,100
37290367338511,10:21:30.367,86.6600,21
37295600930081,10:21:35.600,86.6500,100
37295600937496,10:21:35.600,86.6500,14
37295600955434,10:21:35.600,86.6500,86
37317285821247,10:21:57.285,86.6500,100
37339952092861,10:22:19.952,86.6600,93
37339952378866,10:22:19.952,86.6600,7
37339952378866,10:22:19.952,86.6600,100
37339952378866,10:22:19.952,86.6600,100
37342532234672,10:22:22.532,86.6700,6
37350882670698,10:22:30.882,86.6700,40
37352087376215,10:22:32.087,86.6800,100
37352091642029,10:22:32.091,86.6900,100
37355570800020,10:22:35.570,86.7000,100
37355600362221,10:22:35.600,86.7200,100
37360000154503,10:22:40.000,86.7300,100
37363650438679,10:22:43.650,86.7200,800
37365987026840,10:22:45.987,86.7300,100
37367847919232,10:22:47.847,86.7300,100
37371291674048,10:22:51.291,86.7300,100
37373863683912,10:22:53.863,86.7200,35
37373863723684,10:22:53.863,86.7200,765
37373863723684,10:22:53.863,86.7200,35
37373863828481,10:22:53.863,86.7200,65
37389553941996,10:23:09.553,86.7300,60
37389553941996,10:23:09.553,86.7300,40
37389553962015,10:23:09.553,86.7300,60
37400232851961,10:23:20.232,86.7000,100
37400256051626,10:23:20.256,86.6900,100
37404944319835,10:23:24.944,86.6700,60
37404944344192,10:23:24.944,86.6700,1
37404945058151,10:23:24.945,86.6700,4
37412525180778,10:23:32.525,86.6800,100
37412556570100,10:23:32.556,86.6900,100
37413557729006,10:23:33.557,86.6900,100
37416136270517,10:23:36.136,86.7000,68
37416136585809,10:23:36.136,86.7000,32
37416136585809,10:23:36.136,86.7100,36
37416139494587,10:23:36.139,86.7100,32
37419844815815,10:23:39.844,86.7000,100
37420178468519,10:23:40.178,86.7200,100
37420178468519,10:23:40.178,86.7300,100
37453898971314,10:24:13.898,86.7100,100
37470318356042,10:24:30.318,86.6700,9
37470318366673,10:24:30.318,86.6700,69
37470318458260,10:24:30.318,86.6700,18
37471636393477,10:24:31.636,86.6600,100
37471636802252,10:24:31.636,86.6500,100
37499006376658,10:24:59.006,86.6700,100
37499006376658,10:24:59.006,86.6700,100
37499006408714,10:24:59.006,86.6700,100
37499006408714,10:24:59.006,86.6700,15
37505666214664,10:25:05.666,86.6800,100
37515184292297,10:25:15.184,86.7000,100
37519948126517,10:25:19.948,86.7100,100
37522896878673,10:25:22.896,86.7100,100
37527193586080,10:25:27.193,86.7200,100
37531565681857,10:25:31.565,86.7250,100
37531565986916,10:25:31.565,86.7400,100
37533569590804,10:25:33.569,86.7600,100
37557460069776,10:25:57.460,86.8000,100
37562892045346,10:26:02.892,86.8100,100
37565679450514,10:26:05.679,86.8200,100
37565679497235,10:26:05.679,86.8200,15
37575179463962,10:26:15.179,86.8200,1
37575179463962,10:26:15.179,86.8200,100
37578014185390,10:26:18.014,86.8000,105
37595836525427,10:26:35.836,86.7900,100
37597908940528,10:26:37.908,86.7800,100
37616894577690,10:26:56.894,86.7700,3
37631242529496,10:27:11.242,86.7400,100
37631242529496,10:27:11.242,86.7400,100
37631691611571,10:27:11.691,86.7300,47
37631691642137,10:27:11.691,86.7300,21
37636626313496,10:27:16.626,86.7100,100
37649176379027,10:27:29.176,86.7200,30
37649176481748,10:27:29.176,86.7200,70
37655185059873,10:27:35.185,86.7300,32
37655185059873,10:27:35.185,86.7300,100
37655185059873,10:27:35.185,86.7300,100
37660221524313,10:27:40.221,86.7400,100
37675699448920,10:27:55.699,86.7300,100
37675699453740,10:27:55.699,86.7300,100
37711231396732,10:28:31.231,86.7400,100
37711232089280,10:28:31.232,86.7500,14
37711232089280,10:28:31.232,86.7500,100
37711232528506,10:28:31.232,86.7500,1
37725385381704,10:28:45.385,86.7400,100
37725385381704,10:28:45.385,86.7400,100
37725385381704,10:28:45.385,86.7400,100
37727258612407,10:28:47.258,86.7300,100
37735217675414,10:28:55.217,86.7200,100
37744013394250,10:29:04.013,86.7500,100
37744013394250,10:29:04.013,86.7500,100
37744013588813,10:29:04.013,86.7600,100
37744013588813,10:29:04.013,86.7600,100
37744024738452,10:29:04.024,86.7700,100
37764030286851,10:29:24.030,86.7600,49
37767827300219,10:29:27.827,86.7600,51
37767827300219,10:29:27.827,86.7600,100
37768828477621,10:29:28.828,86.7600,100
37770959517365,10:29:30.959,86.7700,100
37790046930700,10:29:50.046,86.7900,30
37793931620004,10:29:53.931,86.7700,100
37800073848422,10:30:00.073,86.7900,70
37800087224327,10:30:00.087,86.8100,100
37812432191940,10:30:12.432,86.8400,14
37812432257664,10:30:12.432,86.8400,14
37812432571755,10:30:12.432,86.8450,6
37812432903065,10:30:12.432,86.8450,14
37812453750237,10:30:12.453,86.8450,14
37812454265834,10:30:12.454,86.8500,14
37812454265834,10:30:12.454,86.8500,38
37815948404100,10:30:15.948,86.8500,18
37815948404100,10:30:15.948,86.8500,82
37815948429745,10:30:15.948,86.8500,18
37815948429745,10:30:15.948,86.8500,100
37825994635005,10:30:25.994,86.8800,42
37825994680861,10:30:25.994,86.8800,58
37831036078549,10:30:31.036,86.8700,100
37831036544647,10:30:31.036,86.8700,100
37863142657573,10:31:03.142,86.8600,100
37863142657573,10:31:03.142,86.8600,100
37893020517041,10:31:33.020,86.8500,100
37893020542415,10:31:33.020,86.8500,100
37893020542415,10:31:33.020,86.8500,100
37931759369341,10:32:11.759,86.8500,900
37931759653439,10:32:11.759,86.8500,181
37931759967642,10:32:11.759,86.8500,100
37935215894278,10:32:15.215,86.8700,100
37935215900796,10:32:15.215,86.8700,36
37935215905392,10:32:15.215,86.8700,32
37935215907915,10:32:15.215,86.8700,32
37935220993333,10:32:15.220,86.8800,100
37935220993333,10:32:15.220,86.8800,100
37935220993333,10:32:15.220,86.8800,100
37935220993333,10:32:15.220,86.8800,100
37944414230257,10:32:24.414,86.8900,100
37944414230257,10:32:24.414,86.9000,13
37944414234317,10:32:24.414,86.9000,87
37944414234317,10:32:24.414,86.9000,13
37989305117022,10:33:09.305,86.9100,100
37989305336652,10:33:09.305,86.9100,76
37989305386460,10:33:09.305,86.9100,24
37989332232587,10:33:09.332,86.9100,100
37992421890162,10:33:12.421,86.9000,100
37992598654914,10:33:12.598,86.9300,200
37992598654914,10:33:12.598,86.9400,100
37992598654914,10:33:12.598,86.9400,100
37992598654914,10:33:12.598,86.9400,81
37992598806985,10:33:12.598,86.9400,19
37992598806985,10:33:12.598,86.9400,100
37992598806985,10:33:12.598,86.9400,100
37994427677648,10:33:14.427,86.9400,100
37994574739890,10:33:14.574,86.9500,100
37994574739890,10:33:14.574,86.9500,100
38001334055109,10:33:21.334,86.9600,1
38027429490277,10:33:47.429,86.9500,57
38035804174166,10:33:55.804,86.9800,100
38035804174166,10:33:55.804,86.9800,100
38048048536328,10:34:08.048,86.9700,96
38048048560687,10:34:08.048,86.9700,3
38048048577193,10:34:08.048,86.9700,1
38048048577193,10:34:08.048,86.9700,3
38048049188449,10:34:08.049,86.9600,100
38048049188449,10:34:08.049,86.9600,100
38048050098792,10:34:08.050,86.9600,100
38049455543006,10:34:09.455,86.9500,41
38049455568359,10:34:09.455,86.9500,2
38049459734133,10:34:09.459,86.9500,57
38069628250775,10:34:29.628,86.9300,100
38069628458842,10:34:29.628,86.9300,100
38076407389244,10:34:36.407,86.9100,100
38076407796535,10:34:36.407,86.9100,100
38080914156270,10:34:40.914,86.9300,100
38080914156270,10:34:40.914,86.9300,11
38084156612524,10:34:44.156,86.9400,100
38084156612524,10:34:44.156,86.9400,100
38084156612524,10:34:44.156,86.9400,99
38084161921285,10:34:44.161,86.9400,1
38103024147350,10:35:03.024,86.9500,100
38103024168173,10:35:03.024,86.9500,100
38121104284644,10:35:21.104,86.9600,100
38127658960792,10:35:27.658,86.9900,100
38127659341679,10:35:27.659,86.9800,10
38127679026707,10:35:27.679,86.9900,10
38127679026707,10:35:27.679,86.9900,10
38127679026707,10:35:27.679,86.9900,10
38127679026707,10:35:27.679,86.9900,10
38127679026707,10:35:27.679,86.9900,10
38127679499375,10:35:27.679,87.0000,200
38127679499375,10:35:27.679,87.0000,100
38127679499375,10:35:27.679,87.0000,30
38128182023904,10:35:28.182,87.0200,100
38128182287560,10:35:28.182,87.0200,100
38128183781603,10:35:28.183,87.0300,100
38128659911050,10:35:28.659,87.0200,16
38128659911050,10:35:28.659,87.0200,84
38131112836432,10:35:31.112,87.0100,31
38132535069649,10:35:32.535,87.0300,100
38135029862067,10:35:35.029,87.0500,4
38135029920700,10:35:35.029,87.0500,2
38135029976588,10:35:35.029,87.0500,2
38135030028466,10:35:35.030,87.0500,1
38135030079641,10:35:35.030,87.0500,1
38135030219169,10:35:35.030,87.0500,45
38135030245422,10:35:35.030,87.0500,7
38135030270653,10:35:35.030,87.0500,30
38135030295772,10:35:35.030,87.0500,8
38135030295772,10:35:35.030,87.0500,60
38139406571603,10:35:39.406,87.0400,100
38139406690499,10:35:39.406,87.0400,100
38139407200626,10:35:39.407,87.0400,100
38139408999000,10:35:39.408,87.0400,10
38139887270471,10:35:39.887,87.0400,100
38139887270471,10:35:39.887,87.0400,100
38142889765002,10:35:42.889,87.0500,4
38142889834182,10:35:42.889,87.0500,3
38142889905112,10:35:42.889,87.0500,2
38142889962627,10:35:42.889,87.0500,1
38142890017229,10:35:42.890,87.0500,1
38142890071577,10:35:42.890,87.0500,1
38161309931053,10:36:01.309,87.0400,98
38161309961231,10:36:01.309,87.0400,2
38161310229703,10:36:01.310,87.0400,91
38161333974288,10:36:01.333,87.0400,74
38161333974288,10:36:01.333,87.0400,100
38161333974288,10:36:01.333,87.0400,26
38161334024950,10:36:01.334,87.0400,20
38165936584641,10:36:05.936,87.0400,100
38166939337697,10:36:06.939,87.0400,100
38169812107378,10:36:09.812,87.0300,40
38169812187336,10:36:09.812,87.0300,375
38169812235728,10:36:09.812,87.0300,385
38169812550761,10:36:09.812,87.0300,600
38169812871467,10:36:09.812,87.0300,200
38169821953481,10:36:09.821,87.0300,100
38180031381104,10:36:20.031,87.0600,100
38180035885793,10:36:20.035,87.0700,100
38188627077549,10:36:28.627,87.0600,100
38234794738378,10:37:14.794,87.0300,86
38234794909213,10:37:14.794,87.0300,14
38234794909213,10:37:14.794,87.0300,49
38234795017275,10:37:14.795,87.0300,51
38234795017275,10:37:14.795,87.0300,100
38238140797814,10:37:18.140,87.0300,100
38238192434141,10:37:18.192,87.0200,7
38239761974655,10:37:19.761,87.0200,32
38239923237748,10:37:19.923,87.0200,61
38259138972374,10:37:39.138,86.9600,100
38267047554623,10:37:47.047,86.9500,30
38271841404186,10:37:51.841,86.9500,100
38277186380326,10:37:57.186,86.9500,100
38277186380326,10:37:57.186,86.9500,100
38277929211135,10:37:57.929,86.9600,100
38277929211135,10:37:57.929,86.9600,100
38277929211135,10:37:57.929,86.9600,100
38280140698477,10:38:00.140,86.9600,200
38289922346227,10:38:09.922,86.9600,100
38289922346227,10:38:09.922,86.9600,13
38289922574734,10:38:09.922,86.9700,51
38289922584093,10:38:09.922,86.9700,17
38290463611685,10:38:10.463,86.9700,100
38290923308107,10:38:10.923,86.9600,100
38294573688191,10:38:14.573,86.9900,100
38296953465409,10:38:16.953,87.0100,100
38304592550645,10:38:24.592,87.0200,40
38312670650805,10:38:32.670,87.0400,100
38331404255048,10:38:51.404,87.0400,100
38344288016729,10:39:04.288,87.0600,100
38344288016729,10:39:04.288,87.0600,86
38344288016729,10:39:04.288,87.0600,100
38344862010820,10:39:04.862,87.0750,100
38345363015991,10:39:05.363,87.0750,100
38345863013369,10:39:05.863,87.0750,100
38346163911272,10:39:06.163,87.0750,100
38346163990909,10:39:06.163,87.0800,100
38346164011427,10:39:06.164,87.0800,10
38346164020259,10:39:06.164,87.0800,90
38358136863350,10:39:18.136,87.0700,50
38358136941598,10:39:18.136,87.0700,76
38358136968378,10:39:18.136,87.0700,158
38358137007069,10:39:18.137,87.0700,16
38358137321264,10:39:18.137,87.0700,300
38358146078705,10:39:18.146,87.0700,100
38358177789217,10:39:18.177,87.0700,100
38401647851771,10:40:01.647,87.0500,100
38401647851771,10:40:01.647,87.0500,100
38416218693852,10:40:16.218,87.0500,12
38416218693852,10:40:16.218,87.0500,41
38416415463706,10:40:16.415,87.0400,100
38423308601257,10:40:23.308,87.0500,64
38423308604722,10:40:23.308,87.0500,36
38435870979025,10:40:35.870,87.0300,44
38444848993486,10:40:44.848,87.0300,56
38444848993486,10:40:44.848,87.0300,100
38463440970577,10:41:03.440,87.0100,100
38504218629341,10:41:44.218,86.9500,67
38514806509054,10:41:54.806,86.9500,100
38514806509054,10:41:54.806,86.9500,100
38520631313555,10:42:00.631,86.9600,14
38520631313555,10:42:00.631,86.9600,100
38520632613205,10:42:00.632,86.9700,100
38520632613205,10:42:00.632,86.9700,100
38520632613205,10:42:00.632,86.9700,100
38520632679926,10:42:00.632,86.9700,100
38521653773262,10:42:01.653,86.9700,100
38522181271562,10:42:02.181,86.9800,100
38522181362802,10:42:02.181,86.9800,100
38527504361087,10:42:07.504,86.9800,100
38565736093297,10:42:45.736,86.9500,100
38565736093297,10:42:45.736,86.9500,100
38565736281777,10:42:45.736,86.9500,100
38565736555173,10:42:45.736,86.9500,100
38565738353198,10:42:45.738,86.9400,100
38566666896204,10:42:46.666,86.9500,100
38573116356634,10:42:53.116,86.9700,14
38573116356634,10:42:53.116,86.9700,141
38593989770335,10:43:13.989,86.9600,100
38593989770335,10:43:13.989,86.9600,30
38593989770335,10:43:13.989,86.9600,100
38593989770335,10:43:13.989,86.9600,100
38593990177890,10:43:13.990,86.9600,2
38593990470066,10:43:13.990,86.9600,2
38593990504873,10:43:13.990,86.9600,98
38607614031506,10:43:27.614,86.9700,100
38607614048450,10:43:27.614,86.9800,15
38611038914239,10:43:31.038,86.9800,25
38611038953199,10:43:31.038,86.9800,60
38614948006920,10:43:34.948,86.9600,46
38619271876052,10:43:39.271,86.9600,100
38627738218680,10:43:47.738,86.9400,100
38627738327984,10:43:47.738,86.9400,100
38638332321701,10:43:58.332,86.9500,86
38638332448524,10:43:58.332,86.9500,14
38638332883656,10:43:58.332,86.9500,10
38638333086382,10:43:58.333,86.9500,10
38638333086382,10:43:58.333,86.9500,10
38638333086382,10:43:58.333,86.9500,10
38638333131339,10:43:58.333,86.9500,10
38638333334393,10:43:58.333,86.9500,100
38642417894031,10:44:02.417,86.9700,100
38642417894031,10:44:02.417,86.9800,100
38642417919651,10:44:02.417,86.9800,100
38647901444839,10:44:07.901,86.9900,70
38655418461582,10:44:15.418,87.0000,14
38665531677937,10:44:25.531,87.0200,100
38697994754378,10:44:57.994,87.0400,14
38697994954317,10:44:57.994,87.0400,86
38735465860778,10:45:35.465,87.0300,16
38735466369191,10:45:35.466,87.0300,29
38735467862118,10:45:35.467,87.0300,100
38735467896550,10:45:35.467,87.0300,100
38735470167518,10:45:35.470,87.0300,100
38739308161292,10:45:39.308,87.0300,555
38739308161292,10:45:39.308,87.0300,100
38739308161292,10:45:39.308,87.0300,14
38739308210426,10:45:39.308,87.0300,86
38739308246188,10:45:39.308,87.0300,86
38739308400551,10:45:39.308,87.0300,86
38739308534810,10:45:39.308,87.0300,100
38741648049925,10:45:41.648,87.0500,100
38741651756385,10:45:41.651,87.0500,100
38741651756385,10:45:41.651,87.0600,4
38741652069338,10:45:41.652,87.0600,96
38741652172078,10:45:41.652,87.0600,96
38741652872180,10:45:41.652,87.0600,4
38741652872180,10:45:41.652,87.0700,100
38741652872180,10:45:41.652,87.0700,96
38741652921021,10:45:41.652,87.0700,4
38766832347281,10:46:06.832,87.0600,1
38766975767844,10:46:06.975,87.0600,99
38766975767844,10:46:06.975,87.0600,1
38766975836453,10:46:06.975,87.0600,99
38772867182171,10:46:12.867,87.0600,2
38772867184812,10:46:12.867,87.0600,2
38772867196042,10:46:12.867,87.0600,66
38772867218687,10:46:12.867,87.0600,130
38772908133905,10:46:12.908,87.0600,100
38773608699905,10:46:13.608,87.0700,100
38773608699905,10:46:13.608,87.0700,100
38773608699905,10:46:13.608,87.0700,14
38779416351871,10:46:19.416,87.0700,100
38779417184928,10:46:19.417,87.0600,100
38807438113394,10:46:47.438,87.0500,22
38807438161846,10:46:47.438,87.0500,78
38808750173290,10:46:48.750,87.0300,100
38811984205412,10:46:51.984,87.0100,100
38811984357035,10:46:51.984,87.0000,1
38811984451381,10:46:51.984,87.0000,99
38815353741451,10:46:55.353,86.9700,100
38828005981876,10:47:08.005,86.9400,56
38828033482471,10:47:08.033,86.9400,23
38837429941049,10:47:17.429,86.9300,100
38849226999473,10:47:29.226,86.9200,100
38849226999473,10:47:29.226,86.9200,5
38860005948579,10:47:40.005,86.8900,1
38882392312959,10:48:02.392,86.9000,100
38882392312959,10:48:02.392,86.9000,100
38882392312959,10:48:02.392,86.9000,100
38892557394573,10:48:12.557,86.8900,35
38913182553263,10:48:33.182,86.9100,100
38913182553263,10:48:33.182,86.9100,13
38913182553263,10:48:33.182,86.9100,100
38913183068698,10:48:33.183,86.9200,100
38957232013942,10:49:17.232,86.9100,100
38957232013942,10:49:17.232,86.9100,30
38957232020960,10:49:17.232,86.9100,70
38957232020960,10:49:17.232,86.9100,100
38960450187630,10:49:20.450,86.9200,100
38960785980799,10:49:20.785,86.9300,100
38960785983455,10:49:20.785,86.9300,100
38961451138225,10:49:21.451,86.9200,30
38961451138225,10:49:21.451,86.9200,70
38979472532404,10:49:39.472,86.9500,58
38979472639623,10:49:39.472,86.9500,42
38979472639623,10:49:39.472,86.9500,100
38979472939170,10:49:39.472,86.9400,10
38979572570091,10:49:39.572,86.9500,10
39000248189692,10:50:00.248,86.9500,84
39000248222014,10:50:00.248,86.9500,16
39000248222014,10:50:00.248,86.9500,100
39000248222014,10:50:00.248,86.9500,100
39000248222014,10:50:00.248,86.9500,100
39000248222014,10:50:00.248,86.9500,27
39000256910309,10:50:00.256,86.9500,100
39000266957425,10:50:00.266,86.9400,2
39000267611980,10:50:00.267,86.9400,2
39000293689880,10:50:00.293,86.9500,100
39000293689880,10:50:00.293,86.9500,100
39035945017421,10:50:35.945,86.9500,15
39035971933074,10:50:35.971,86.9400,100
39076560057196,10:51:16.560,86.9000,100
39076560163806,10:51:16.560,86.9100,100
39076560163806,10:51:16.560,86.9100,100
39076560163806,10:51:16.560,86.9100,100
39076560791124,10:51:16.560,86.9100,100
39076564631237,10:51:16.564,86.9100,100
39076564631237,10:51:16.564,86.9200,100
39076564939603,10:51:16.564,86.9200,100
39076564940992,10:51:16.564,86.9200,100
39078122722375,10:51:18.122,86.9200,100
39078122722375,10:51:18.122,86.9200,37
39078122740209,10:51:18.122,86.9200,63
39082004449518,10:51:22.004,86.9300,12
39082010658766,10:51:22.010,86.9400,100
39102334455089,10:51:42.334,86.9800,100
39102334455089,10:51:42.334,86.9800,100
39162986691375,10:52:42.986,87.0100,100
39162986691375,10:52:42.986,87.0100,100
39162986691375,10:52:42.986,87.0100,100
39162986705535,10:52:42.986,87.0100,32
39162986706192,10:52:42.986,87.0100,68
39169757329385,10:52:49.757,87.0100,100
39169757329385,10:52:49.757,87.0100,100
39179789420964,10:52:59.789,86.9900,27
39179789445854,10:52:59.789,86.9900,66
39179789464347,10:52:59.789,86.9900,7
39179789464347,10:52:59.789,86.9900,93
39179789499770,10:52:59.789,86.9900,100
39179789543330,10:52:59.789,86.9900,600
39179789549968,10:52:59.789,86.9900,307
39179789549968,10:52:59.789,86.9900,100
39179789549968,10:52:59.789,86.9900,800
39179789583474,10:52:59.789,86.9900,67
39179789684985,10:52:59.789,86.9900,100
39179789775701,10:52:59.789,86.9900,66
39179791239183,10:52:59.791,86.9900,100
39179791794503,10:52:59.791,86.9900,67
39180127022322,10:53:00.127,86.9900,100
39180157437590,10:53:00.157,87.0100,25
39180158107919,10:53:00.158,87.0200,100
39180158107919,10:53:00.158,87.0200,100
39180158107919,10:53:00.158,87.0200,100
39186677745911,10:53:06.677,86.9700,100
39189436437145,10:53:09.436,86.9600,100
39189436502917,10:53:09.436,86.9600,100
39191086369789,10:53:11.086,86.9500,100
39191088069997,10:53:11.088,86.9500,100
39191088371480,10:53:11.088,86.9400,6
39191088536920,10:53:11.088,86.9400,94
39196248460564,10:53:16.248,86.9500,28
39196248460564,10:53:16.248,86.9500,58
39196248491467,10:53:16.248,86.9500,12
39244117340603,10:54:04.117,86.9600,100
39244117340603,10:54:04.117,86.9600,14
39244117340603,10:54:04.117,86.9600,1
39244123539656,10:54:04.123,86.9800,200
39244123539656,10:54:04.123,86.9900,100
39244123586986,10:54:04.123,86.9900,100
39244123586986,10:54:04.123,86.9900,100
39272927121628,10:54:32.927,86.9900,100
39276953085183,10:54:36.953,87.0100,100
39276953085183,10:54:36.953,87.0100,6
39276954413674,10:54:36.954,87.0200,100
39278364097787,10:54:38.364,87.0300,28
39278366377115,10:54:38.366,87.0350,100
39278405004116,10:54:38.405,87.0400,100
39308072508769,10:55:08.072,87.0700,100
39308072508769,10:55:08.072,87.0700,100
39308072508769,10:55:08.072,87.0700,21
39308072554036,10:55:08.072,87.0700,79
39311127379025,10:55:11.127,87.0700,13
39311127426649,10:55:11.127,87.0700,87
39354564259080,10:55:54.564,87.0700,79
39354564259080,10:55:54.564,87.0700,100
39354564259080,10:55:54.564,87.0700,21
39354564311272,10:55:54.564,87.0700,79
39354564935587,10:55:54.564,87.0700,33
39354565135209,10:55:54.565,87.0700,33
39354565211336,10:55:54.565,87.0700,67
39376172716414,10:56:16.172,87.0600,100
39394061906048,10:56:34.061,87.0600,100
39394536289751,10:56:34.536,87.0600,100
39394536289751,10:56:34.536,87.0500,100
39394536289751,10:56:34.536,87.0500,200
39394536382804,10:56:34.536,87.0500,100
39394536522303,10:56:34.536,87.0500,100
39394544796452,10:56:34.544,87.0600,20
39404519818004,10:56:44.519,87.0700,100
39404519818004,10:56:44.519,87.0700,100
39404519818004,10:56:44.519,87.0700,100
39404519818004,10:56:44.519,87.0700,14
39404520337109,10:56:44.520,87.0800,100
39404520337109,10:56:44.520,87.0800,100
39404526969738,10:56:44.526,87.1000,100
39404530933774,10:56:44.530,87.1050,100
39404530933774,10:56:44.530,87.1050,100
39404531384144,10:56:44.531,87.1100,100
39404531412870,10:56:44.531,87.1100,100
39404532657599,10:56:44.532,87.1100,100
39405023020568,10:56:45.023,87.1000,200
39405028914227,10:56:45.028,87.1000,100
39418081500470,10:56:58.081,87.0800,100
39431848096583,10:57:11.848,87.0600,32
39431848123841,10:57:11.848,87.0600,79
39431848123841,10:57:11.848,87.0600,21
39431848166375,10:57:11.848,87.0600,79
39431848166375,10:57:11.848,87.0600,100
39431848166375,10:57:11.848,87.0600,80
39431848166375,10:57:11.848,87.0600,20
39433685757212,10:57:13.685,87.0600,80
39434626903489,10:57:14.626,87.0500,100
39434961820224,10:57:14.961,87.0500,100
39436085895902,10:57:16.085,87.0600,100
39436085895902,10:57:16.085,87.0600,100
39441854582494,10:57:21.854,87.0600,100
39454717754701,10:57:34.717,87.0700,60
39454718296957,10:57:34.718,87.0700,60
39466620693496,10:57:46.620,87.0600,8
39466621167753,10:57:46.621,87.0600,60
39466621232003,10:57:46.621,87.0600,32
39490021722273,10:58:10.021,87.0700,100
39490021746423,10:58:10.021,87.0700,14
39490021746423,10:58:10.021,87.0700,86
39490021792380,10:58:10.021,87.0700,14
39518221898187,10:58:38.221,87.0600,77
39518222205594,10:58:38.222,87.0600,23
39518222205594,10:58:38.222,87.0600,100
39518222205594,10:58:38.222,87.0600,77
39518222358401,10:58:38.222,87.0600,23
39535769774307,10:58:55.769,87.0800,100
39535769774307,10:58:55.769,87.0800,25
39535769806589,10:58:55.769,87.0800,75
39535769829128,10:58:55.769,87.0800,75
39535769830550,10:58:55.769,87.0800,25
39575862954644,10:59:35.862,87.0800,100
39584622492598,10:59:44.622,87.0800,100
39586925954287,10:59:46.925,87.0700,39
39597234118727,10:59:57.234,87.0900,6
39597234118727,10:59:57.234,87.0900,100
39597234885442,10:59:57.234,87.1000,100
39597234894789,10:59:57.234,87.1000,100
39601007313801,11:00:01.007,87.1100,100
39648169098560,11:00:48.169,87.1450,87
39648169108144,11:00:48.169,87.1450,13
39648169112610,11:00:48.169,87.1450,13
39648169118850,11:00:48.169,87.1450,13
39648169196506,11:00:48.169,87.1450,9
39648169196506,11:00:48.169,87.1500,91
39648169239430,11:00:48.169,87.1500,9
39648174546790,11:00:48.174,87.1500,100
39662823120387,11:01:02.823,87.1600,13
39662823120387,11:01:02.823,87.1600,13
39662911504275,11:01:02.911,87.1700,100
39662963388317,11:01:02.963,87.1900,1
39663044901764,11:01:03.044,87.2000,63
39663459063247,11:01:03.459,87.2150,100
39663459063247,11:01:03.459,87.2400,100
39663460390396,11:01:03.460,87.2400,100
39663463026274,11:01:03.463,87.2500,100
39663463026274,11:01:03.463,87.2600,100
39663467174693,11:01:03.467,87.2600,100
39664971874846,11:01:04.971,87.3000,100
39664971874846,11:01:04.971,87.3100,100
39666851482192,11:01:06.851,87.2800,33
39666851482192,11:01:06.851,87.2800,100
39666851482192,11:01:06.851,87.2800,67
39666852146581,11:01:06.852,87.2800,133
39674320778289,11:01:14.320,87.2400,100
39674320778289,11:01:14.320,87.2400,100
39692302664215,11:01:32.302,87.2800,100
39692302690192,11:01:32.302,87.2800,100
39714596600989,11:01:54.596,87.3150,100
39724701836174,11:02:04.701,87.3600,4
39753513938157,11:02:33.513,87.3400,18
39753513964106,11:02:33.513,87.3500,100
39753513964106,11:02:33.513,87.3400,82
39753514302551,11:02:33.514,87.3400,100
39753804792913,11:02:33.804,87.3300,100
39775397900027,11:02:55.397,87.3600,100
39778195666722,11:02:58.195,87.3450,100
39778195666722,11:02:58.195,87.3300,100
39778196821086,11:02:58.196,87.3200,100
39779182651685,11:02:59.182,87.3200,100
39779182651685,11:02:59.182,87.3200,100
39788054304182,11:03:08.054,87.3300,11
39789490734061,11:03:09.490,87.3300,89
39789490734061,11:03:09.490,87.3300,11
39789490764361,11:03:09.490,87.3300,89
39789490764361,11:03:09.490,87.3300,100
39789797557213,11:03:09.797,87.3200,100
39790102923442,11:03:10.102,87.3200,100
39790103095767,11:03:10.103,87.3200,100
39790103229098,11:03:10.103,87.3200,100
39792260597461,11:03:12.260,87.3100,100
39801329280839,11:03:21.329,87.2900,200
39801329402923,11:03:21.329,87.2900,200
39801329554682,11:03:21.329,87.2900,100
39809220683175,11:03:29.220,87.2900,14
39809220683175,11:03:29.220,87.2900,100
39809223449495,11:03:29.223,87.3000,100
39809223492381,11:03:29.223,87.3000,100
39809223513655,11:03:29.223,87.3100,100
39816240851333,11:03:36.240,87.2900,95
39819712819361,11:03:39.712,87.2900,100
39884344676671,11:04:44.344,87.3600,11
39884344676671,11:04:44.344,87.3600,46
39884344678541,11:04:44.344,87.3600,54
39884344678541,11:04:44.344,87.3600,100
39885473774693,11:04:45.473,87.3800,100
39890972982826,11:04:50.972,87.3700,17
39890973008909,11:04:50.973,87.3700,83
39893657961643,11:04:53.657,87.3600,2
39893657966108,11:04:53.657,87.3600,98
39893657975627,11:04:53.657,87.3500,100
39893657983242,11:04:53.657,87.3500,26
39893657995595,11:04:53.657,87.3500,74
39893658041629,11:04:53.658,87.3500,86
39893658339560,11:04:53.658,87.3500,12
39893658339560,11:04:53.658,87.3500,100
39895550636430,11:04:55.550,87.3200,11
39896662783911,11:04:56.662,87.3200,89
39923379725403,11:05:23.379,87.3000,100
39923379860899,11:05:23.379,87.3000,100
39923379875506,11:05:23.379,87.3000,13
39923379881291,11:05:23.379,87.3000,87
39926750485987,11:05:26.750,87.2800,10
39944997698099,11:05:44.997,87.2900,88
39945371384342,11:05:45.371,87.2900,96
39958665946552,11:05:58.665,87.3100,100
39958665946552,11:05:58.665,87.3100,100
39958665954552,11:05:58.665,87.3100,100
39968394709286,11:06:08.394,87.3000,100
39969415465735,11:06:09.415,87.3000,148
39974684605472,11:06:14.684,87.3100,100
39974684674134,11:06:14.684,87.3100,13
40030722127850,11:07:10.722,87.3000,100
40030722344906,11:07:10.722,87.3000,24
40030722420707,11:07:10.722,87.3000,1
40030722482967,11:07:10.722,87.3000,75
40030722482967,11:07:10.722,87.3000,100
40030722685659,11:07:10.722,87.3000,52
40039014055166,11:07:19.014,87.3000,100
40039014055166,11:07:19.014,87.2900,100
40039014088666,11:07:19.014,87.2900,100
40042254875992,11:07:22.254,87.3000,100
40042275506880,11:07:22.275,87.3100,100
40042275506880,11:07:22.275,87.3100,100
40042275514240,11:07:22.275,87.3100,100
40051489768222,11:07:31.489,87.2900,100
40086605263598,11:08:06.605,87.2900,100
40123906231100,11:08:43.906,87.3000,100
40123906231100,11:08:43.906,87.3000,13
40123906231100,11:08:43.906,87.3000,43
40123906232421,11:08:43.906,87.3000,57
40123907948798,11:08:43.907,87.3000,100
40160338054274,11:09:20.338,87.3200,36
40160338240760,11:09:20.338,87.3200,37
40160338279283,11:09:20.338,87.3200,27
40187437623686,11:09:47.437,87.3100,20
40187437648565,11:09:47.437,87.3100,27
40187438086070,11:09:47.438,87.3100,53
40200598636528,11:10:00.598,87.3000,3
40208185551129,11:10:08.185,87.3000,26
40208185566781,11:10:08.185,87.3000,8
40208185569638,11:10:08.185,87.3000,63
40210809212849,11:10:10.809,87.2800,7
40213828018513,11:10:13.828,87.2800,200
40225487155513,11:10:25.487,87.2900,14
40231296675072,11:10:31.296,87.3000,100
40241183228333,11:10:41.183,87.3000,86
40241183252552,11:10:41.183,87.3000,14
40241183257591,11:10:41.183,87.3000,5
40241183268542,11:10:41.183,87.3000,14
40241183310850,11:10:41.183,87.3000,86
40241183316967,11:10:41.183,87.3000,14
40241183331432,11:10:41.183,87.3000,14
40241183394000,11:10:41.183,87.3000,100
40241183434968,11:10:41.183,87.3000,100
40241183726257,11:10:41.183,87.3000,100
40241186164003,11:10:41.186,87.3000,100
40241207885378,11:10:41.207,87.3000,100
40241225148171,11:10:41.225,87.3000,100
40241436691903,11:10:41.436,87.3000,100
40241436864115,11:10:41.436,87.3000,67
40281065547432,11:11:21.065,87.2700,100
40302203683570,11:11:42.203,87.2200,100
40309632050136,11:11:49.632,87.2300,70
40328139630155,11:12:08.139,87.2500,100
40328139630155,11:12:08.139,87.2500,14
40330656953108,11:12:10.656,87.2400,25
40330657389303,11:12:10.657,87.2400,2
40333207135342,11:12:13.207,87.2400,73
40345013293569,11:12:25.013,87.2600,100
40345013350062,11:12:25.013,87.2700,100
40388332272026,11:13:08.332,87.2600,100
40388332885978,11:13:08.332,87.2600,100
40418072283503,11:13:38.072,87.2500,1
40419310534209,11:13:39.310,87.2200,100
40440590750705,11:14:00.590,87.2200,100
40440590750705,11:14:00.590,87.2200,100
40443014787909,11:14:03.014,87.2300,100
40443014789330,11:14:03.014,87.2300,3
40443014789330,11:14:03.014,87.2300,97
40443015058011,11:14:03.015,87.2300,3
40443019038218,11:14:03.019,87.2400,100
40443019038218,11:14:03.019,87.2400,100
40443089072214,11:14:03.089,87.2500,100
40445878366318,11:14:05.878,87.2500,26
40445878730234,11:14:05.878,87.2500,69
40445878894843,11:14:05.878,87.2500,26
40449874948384,11:14:09.874,87.2300,100
40479036714100,11:14:39.036,87.2400,50
40479036722350,11:14:39.036,87.2400,50
40486245085046,11:14:46.245,87.2700,15
40486245085046,11:14:46.245,87.2700,100
40486249607647,11:14:46.249,87.2800,100
40501775765376,11:15:01.775,87.2800,96
40501775777984,11:15:01.775,87.2800,4
40524864653019,11:15:24.864,87.2900,47
40524864661595,11:15:24.864,87.2900,22
40524864667962,11:15:24.864,87.2900,31
40524864667962,11:15:24.864,87.3000,22
40524864754917,11:15:24.864,87.3000,78
40551293735525,11:15:51.293,87.2800,1
40551293737402,11:15:51.293,87.2800,8
40561812766203,11:16:01.812,87.2800,100
40562318012448,11:16:02.318,87.3000,100
40563992157610,11:16:03.992,87.3000,100
40563992177103,11:16:03.992,87.3000,100
40563992177103,11:16:03.992,87.3100,16
40563992273236,11:16:03.992,87.3100,84
40563992273236,11:16:03.992,87.3100,16
40575320396807,11:16:15.320,87.3200,100
40584094295611,11:16:24.094,87.3200,2
40616841920717,11:16:56.841,87.3000,100
40632095715656,11:17:12.095,87.3000,100
40632095843291,11:17:12.095,87.3000,100
40651450425399,11:17:31.450,87.3100,100
40677909462804,11:17:57.909,87.3100,100
40677909462804,11:17:57.909,87.3200,100
40677909462804,11:17:57.909,87.3200,4
40726108171688,11:18:46.108,87.2900,100
40726108171688,11:18:46.108,87.2900,65
40726108490391,11:18:46.108,87.2900,35
40726108490391,11:18:46.108,87.2900,100
40726108668191,11:18:46.108,87.2900,100
40744010630287,11:19:04.010,87.2800,100
40750880750281,11:19:10.880,87.2800,100
40750880862210,11:19:10.880,87.2800,11
40751349256174,11:19:11.349,87.2800,89
40751349256174,11:19:11.349,87.2800,11
40754991126984,11:19:14.991,87.2800,100
40754991216949,11:19:14.991,87.2800,100
40758683486386,11:19:18.683,87.2800,100
40764110476072,11:19:24.110,87.2700,100
40764110487882,11:19:24.110,87.2700,74
40764110571707,11:19:24.110,87.2700,26
40766167851295,11:19:26.167,87.2500,100
40766168039852,11:19:26.168,87.2500,100
40769134884960,11:19:29.134,87.2500,100
40769135143978,11:19:29.135,87.2400,10
40810945979624,11:20:10.945,87.2600,100
40810945987535,11:20:10.945,87.2600,100
40810945987535,11:20:10.945,87.2600,100
40810945987535,11:20:10.945,87.2600,13
40812736412576,11:20:12.736,87.2800,100
40821594284353,11:20:21.594,87.2900,100
40878991892012,11:21:18.991,87.2700,13
40878992324448,11:21:18.992,87.2700,87
40878992324448,11:21:18.992,87.2700,13
40882678593158,11:21:22.678,87.2600,100
40882678593158,11:21:22.678,87.2600,100
40889738178043,11:21:29.738,87.2600,100
40899987610406,11:21:39.987,87.2400,100
40899987694711,11:21:39.987,87.2400,100
40902435649889,11:21:42.435,87.2300,100
40924829521214,11:22:04.829,87.2100,6
40924829521214,11:22:04.829,87.2100,18
40924829529232,11:22:04.829,87.2100,61
40924829616552,11:22:04.829,87.2100,21
40930527737641,11:22:10.527,87.1900,100
40930527886905,11:22:10.527,87.1900,100
40956430932469,11:22:36.430,87.1500,3
40957042316314,11:22:37.042,87.1500,97
40957042316314,11:22:37.042,87.1500,100
40968640903898,11:22:48.640,87.1300,100
40997402494862,11:23:17.402,87.1500,35
40997402521985,11:23:17.402,87.1500,65
40997402521985,11:23:17.402,87.1500,100
41000892514791,11:23:20.892,87.1650,100
41000892514791,11:23:20.892,87.1700,14
41000893008882,11:23:20.893,87.1700,14
41013173663166,11:23:33.173,87.1600,100
41013180502669,11:23:33.180,87.1600,100
41013180527354,11:23:33.180,87.1600,100
41013181245147,11:23:33.181,87.1600,100
41013223850029,11:23:33.223,87.1600,100
41020285975572,11:23:40.285,87.1800,100
41021287230362,11:23:41.287,87.1800,100
41027878208769,11:23:47.878,87.2000,100
41027878307339,11:23:47.878,87.2100,100
41029006375635,11:23:49.006,87.2200,100
41029535610901,11:23:49.535,87.2200,100
41050676339163,11:24:10.676,87.2300,14
41055627896657,11:24:15.627,87.2300,100
41055628100510,11:24:15.628,87.2300,2
41055628100510,11:24:15.628,87.2300,36
41055628560189,11:24:15.628,87.2300,18
41055628588788,11:24:15.628,87.2300,82
41070786558379,11:24:30.786,87.2100,16
41070793758813,11:24:30.793,87.2100,42
41080754158727,11:24:40.754,87.2000,2
41080754275134,11:24:40.754,87.2000,154
41080754275134,11:24:40.754,87.2000,19
41080754308841,11:24:40.754,87.2000,45
41121457477676,11:25:21.457,87.1500,11
41146116377459,11:25:46.116,87.1700,100
41146116377459,11:25:46.116,87.1700,100
41146116377459,11:25:46.116,87.1700,100
41146116377459,11:25:46.116,87.1700,100
41146116377459,11:25:46.116,87.1700,100
41146116377459,11:25:46.116,87.1700,100
41146116458051,11:25:46.116,87.1700,100
41146975928482,11:25:46.975,87.1700,100
41148949488494,11:25:48.949,87.1600,100
41170245209288,11:26:10.245,87.1500,100
41170245209288,11:26:10.245,87.1500,10
41170245209288,11:26:10.245,87.1500,10
41187367172258,11:26:27.367,87.1500,100
41208211089381,11:26:48.211,87.1700,13
41277949660414,11:27:57.949,87.1500,12
41277949772967,11:27:57.949,87.1500,86
41277950151753,11:27:57.950,87.1500,2
41282253808584,11:28:02.253,87.1600,100
41282253808584,11:28:02.253,87.1600,100
41283501970242,11:28:03.501,87.1600,100
41284346005018,11:28:04.346,87.1700,100
41284346005018,11:28:04.346,87.1700,14
41284346038998,11:28:04.346,87.1700,86
41284346038998,11:28:04.346,87.1700,100
41284346038998,11:28:04.346,87.1700,100
41284346038998,11:28:04.346,87.1700,13
41284346147993,11:28:04.346,87.1700,86
41284346293040,11:28:04.346,87.1700,14
41284367339215,11:28:04.367,87.1800,2
41284380608082,11:28:04.380,87.1800,100
41290413303540,11:28:10.413,87.1850,100
41291977121029,11:28:11.977,87.1850,86
41294825014035,11:28:14.825,87.1900,100
41296344617597,11:28:16.344,87.1800,10
41296344642801,11:28:16.344,87.1800,90
41320357160316,11:28:40.357,87.1800,100
41320357160316,11:28:40.357,87.1800,100
41320357160316,11:28:40.357,87.1800,100
41358264016029,11:29:18.264,87.1800,100
41358264016029,11:29:18.264,87.1800,100
41358268290874,11:29:18.268,87.1700,2
41359628453857,11:29:19.628,87.1700,98
41359628453857,11:29:19.628,87.1700,2
41359629183995,11:29:19.629,87.1700,98
41377260333241,11:29:37.260,87.1900,100
41377260363432,11:29:37.260,87.1900,100
41377261835785,11:29:37.261,87.1900,100
41407476241503,11:30:07.476,87.1700,85
41410841108780,11:30:10.841,87.1700,2
41410841357006,11:30:10.841,87.1700,10
41410841357006,11:30:10.841,87.1700,2
41410841382082,11:30:10.841,87.1700,7
41423363627645,11:30:23.363,87.1400,100
41437154321013,11:30:37.154,87.1300,100
41437154321013,11:30:37.154,87.1300,100
41441615344238,11:30:41.615,87.1200,100
41444534272111,11:30:44.534,87.1100,100
41444534272111,11:30:44.534,87.1100,100
41445498288909,11:30:45.498,87.1000,100
41447512126151,11:30:47.512,87.1000,10
41452640201004,11:30:52.640,87.1200,13
41538331454929,11:32:18.331,87.0900,100
41538331454929,11:32:18.331,87.0900,5
41548904019022,11:32:28.904,87.0900,100
41548904019022,11:32:28.904,87.0900,100
41554853386773,11:32:34.853,87.0800,100
41574963707585,11:32:54.963,87.0800,100
41574965021799,11:32:54.965,87.0900,100
41574965021799,11:32:54.965,87.0900,100
41574965144214,11:32:54.965,87.0800,35
41574965176808,11:32:54.965,87.0800,27
41574965185157,11:32:54.965,87.0800,38
41576448801853,11:32:56.448,87.1000,100
41576448801853,11:32:56.448,87.1000,100
41576448801853,11:32:56.448,87.1000,12
41604518084022,11:33:24.518,87.1300,100
41607837913812,11:33:27.837,87.1400,100
41615455389703,11:33:35.455,87.1300,100
41615455389703,11:33:35.455,87.1300,52
41615455425795,11:33:35.455,87.1300,48
41615455425795,11:33:35.455,87.1300,100
41632173099989,11:33:52.173,87.1300,100
41642514847409,11:34:02.514,87.1100,100
41654753534698,11:34:14.753,87.1100,11
41657162300708,11:34:17.162,87.1200,100
41660578172803,11:34:20.578,87.1300,160
41660578197355,11:34:20.578,87.1300,340
41684106353001,11:34:44.106,87.1500,11
41698188886427,11:34:58.188,87.1600,25
41698188926494,11:34:58.188,87.1600,75
41702016587046,11:35:02.016,87.1800,100
41728349941256,11:35:28.349,87.1700,100
41728360165632,11:35:28.360,87.1700,86
41728360194701,11:35:28.360,87.1700,14
41753181669290,11:35:53.181,87.1700,86
41753181712682,11:35:53.181,87.1700,14
41753181712682,11:35:53.181,87.1700,26
41756348294045,11:35:56.348,87.1800,70
41789047343440,11:36:29.047,87.1800,100
41836185950737,11:37:16.185,87.1500,100
41836186016475,11:37:16.186,87.1500,86
41836186040588,11:37:16.186,87.1500,14
41854245516698,11:37:34.245,87.1500,100
41871435997560,11:37:51.435,87.1500,86
41871436028407,11:37:51.436,87.1500,14
41871437085770,11:37:51.437,87.1600,100
41903147175489,11:38:23.147,87.1300,100
41903147175489,11:38:23.147,87.1300,100
41905476660843,11:38:25.476,87.1200,11
41905476690889,11:38:25.476,87.1200,89
41934180883238,11:38:54.180,87.1100,100
41947767242774,11:39:07.767,87.1100,100
41947767242774,11:39:07.767,87.1100,100
41947767868530,11:39:07.767,87.1200,100
41947767868530,11:39:07.767,87.1200,14
41947768149288,11:39:07.768,87.1200,100
41947768149288,11:39:07.768,87.1200,100
41948258350727,11:39:08.258,87.1100,100
41948258350727,11:39:08.258,87.1100,29
41948258410113,11:39:08.258,87.1100,71
41948635378176,11:39:08.635,87.1000,300
41948635385569,11:39:08.635,87.1000,100
41948635411175,11:39:08.635,87.1000,100
41948635424832,11:39:08.635,87.1000,100
41948635485096,11:39:08.635,87.1000,100
41948644997862,11:39:08.644,87.1000,100
41948645110131,11:39:08.645,87.1000,100
41948645390388,11:39:08.645,87.1000,100
41948645555241,11:39:08.645,87.1000,100
41949084441284,11:39:09.084,87.1000,400
41949085208241,11:39:09.085,87.1100,100
41949085208241,11:39:09.085,87.1100,100
41949085208241,11:39:09.085,87.1100,100
41954516231073,11:39:14.516,87.1300,100
41955092896432,11:39:15.092,87.1300,100
41974389652287,11:39:34.389,87.1400,100
41984201879329,11:39:44.201,87.1300,100
41985017133183,11:39:45.017,87.1200,100
41987672513047,11:39:47.672,87.1200,5
41999443884332,11:39:59.443,87.1300,18
42004422053608,11:40:04.422,87.1300,86
42005023369416,11:40:05.023,87.1400,60
42005023411583,11:40:05.023,87.1400,40
42005023411583,11:40:05.023,87.1400,100
42005023411583,11:40:05.023,87.1400,12
42007781515394,11:40:07.781,87.1200,100
42020810955617,11:40:20.810,87.1600,6
42021735802140,11:40:21.735,87.1600,94
42044737229345,11:40:44.737,87.1400,10
42060432078364,11:41:00.432,87.1500,6
42061257681283,11:41:01.257,87.1500,86
42061355230842,11:41:01.355,87.1500,8
42087524963661,11:41:27.524,87.1400,100
42087524963661,11:41:27.524,87.1400,100
42114269456982,11:41:54.269,87.1500,100
42114269456982,11:41:54.269,87.1500,100
42114269491511,11:41:54.269,87.1500,100
42114270769815,11:41:54.270,87.1600,1
42114270769815,11:41:54.270,87.1600,8
42118001606868,11:41:58.001,87.1700,100
42120084889318,11:42:00.084,87.1750,100
42120084890601,11:42:00.084,87.1800,100
42120084901041,11:42:00.084,87.1800,58
42120084905901,11:42:00.084,87.1800,42
42131248746321,11:42:11.248,87.2050,12
42131250403205,11:42:11.250,87.2100,12
42163961567363,11:42:43.961,87.2100,100
42163961571968,11:42:43.961,87.2100,70
42163961627399,11:42:43.961,87.2100,30
42163961627399,11:42:43.961,87.2200,70
42163961680222,11:42:43.961,87.2200,30
42164739710298,11:42:44.739,87.2400,100
42195243605956,11:43:15.243,87.2500,100
42196061418190,11:43:16.061,87.2600,200
42200896746175,11:43:20.896,87.2700,100
42200896746175,11:43:20.896,87.2700,100
42200896746175,11:43:20.896,87.2700,100
42241344745434,11:44:01.344,87.2600,53
42241344747447,11:44:01.344,87.2600,47
42241344747447,11:44:01.344,87.2600,53
42241344774070,11:44:01.344,87.2600,47
42261306571267,11:44:21.306,87.2600,100
42261306571267,11:44:21.306,87.2600,200
42261306571267,11:44:21.306,87.2600,11
42270227772593,11:44:30.227,87.2800,100
42298915938027,11:44:58.915,87.3000,24
42298915956830,11:44:58.915,87.3000,76
42306115497841,11:45:06.115,87.3200,100
42331055954897,11:45:31.055,87.3450,100
42331055954897,11:45:31.055,87.3500,100
42331055981752,11:45:31.055,87.3500,100
42331827837081,11:45:31.827,87.3600,100
42331827837081,11:45:31.827,87.3600,100
42331828098691,11:45:31.828,87.3600,100
42332076559692,11:45:32.076,87.3500,100
42332076559692,11:45:32.076,87.3500,11
42333316209186,11:45:33.316,87.3400,100
42333316209186,11:45:33.316,87.3400,100
42339062006214,11:45:39.062,87.3400,100
42346819002591,11:45:46.819,87.3400,100
42357529023417,11:45:57.529,87.3200,72
42357529028141,11:45:57.529,87.3200,28
42357530294064,11:45:57.530,87.3000,46
42393863830051,11:46:33.863,87.3000,100
42393864576959,11:46:33.864,87.2900,100
42415846275152,11:46:55.846,87.2900,100
42415846275152,11:46:55.846,87.2900,100
42415846275152,11:46:55.846,87.2900,15
42415846275152,11:46:55.846,87.2900,100
42416436006759,11:46:56.436,87.2900,100
42440120516024,11:47:20.120,87.3100,94
42529650372368,11:48:49.650,87.3400,14
42529650372368,11:48:49.650,87.3400,100
42547479951592,11:49:07.479,87.3550,100
42547479959056,11:49:07.479,87.3600,100
42547479959056,11:49:07.479,87.3700,100
42547479959056,11:49:07.479,87.3700,100
42549825430667,11:49:09.825,87.3700,100
42549825522412,11:49:09.825,87.3700,100
42558871400689,11:49:18.871,87.3700,100
42612608411757,11:50:12.608,87.3500,19
42612609236467,11:50:12.609,87.3400,23
42612712915670,11:50:12.712,87.3400,46
42612712941403,11:50:12.712,87.3400,54
42612712941403,11:50:12.712,87.3400,100
42614286706073,11:50:14.286,87.3300,100
42614286706073,11:50:14.286,87.3300,100
42614286734914,11:50:14.286,87.3300,300
42614286734914,11:50:14.286,87.3300,100
42614287605667,11:50:14.287,87.3200,100
42636224823223,11:50:36.224,87.3400,12
42636224823223,11:50:36.224,87.3400,100
42636224823223,11:50:36.224,87.3400,88
42636224857281,11:50:36.224,87.3400,12
42664308056169,11:51:04.308,87.3500,200
42664308070020,11:51:04.308,87.3500,70
42664310131186,11:51:04.310,87.3500,200
42664310858144,11:51:04.310,87.3600,2
42664310858144,11:51:04.310,87.3600,100
42664310858144,11:51:04.310,87.3600,98
42664312393547,11:51:04.312,87.3500,100
42693883428751,11:51:33.883,87.3400,100
42701441222758,11:51:41.441,87.3200,100
42720316514905,11:52:00.316,87.3100,100
42737198412448,11:52:17.198,87.3000,6
42737198412448,11:52:17.198,87.3000,94
42737198818824,11:52:17.198,87.3000,6
42754118657316,11:52:34.118,87.3100,15
42754118657316,11:52:34.118,87.3100,100
42754118657316,11:52:34.118,87.3100,100
42754869821078,11:52:34.869,87.3100,100
42758041145194,11:52:38.041,87.3100,100
42758041248488,11:52:38.041,87.3100,100
42780002178818,11:53:00.002,87.3200,100
42788678390574,11:53:08.678,87.3300,18
42788678422504,11:53:08.678,87.3300,82
42788678422504,11:53:08.678,87.3300,15
42788678422504,11:53:08.678,87.3300,100
42788678438532,11:53:08.678,87.3300,100
42790302973746,11:53:10.302,87.3400,100
42790302973746,11:53:10.302,87.3400,100
42790302973746,11:53:10.302,87.3400,100
42790303094174,11:53:10.303,87.3400,100
42790897521479,11:53:10.897,87.3450,100
42794280227353,11:53:14.280,87.3600,70
42807662844803,11:53:27.662,87.3700,100
42842323699736,11:54:02.323,87.3600,33
42842324407958,11:54:02.324,87.3600,67
42847697189276,11:54:07.697,87.3800,100
42847697189276,11:54:07.697,87.3800,12
42847703509741,11:54:07.703,87.3800,100
42900496287275,11:55:00.496,87.3950,100
42900496572472,11:55:00.496,87.4000,100
42900632031015,11:55:00.632,87.4100,100
42902689139463,11:55:02.689,87.4000,25
42902689576389,11:55:02.689,87.4000,100
42912472956237,11:55:12.472,87.4000,6
42912472970225,11:55:12.472,87.4000,6
42949845062474,11:55:49.845,87.4100,100
42949845062474,11:55:49.845,87.4100,100
42954216737818,11:55:54.216,87.3900,100
42954216761601,11:55:54.216,87.3900,75
42954254178038,11:55:54.254,87.3900,25
42954254178038,11:55:54.254,87.3900,75
42954254227767,11:55:54.254,87.3900,25
42954261343832,11:55:54.261,87.3800,100
42954261367828,11:55:54.261,87.3800,2
42955894068914,11:55:55.894,87.3800,98
42956981529612,11:55:56.981,87.3800,200
42957278173318,11:55:57.278,87.3800,100
42977306003851,11:56:17.306,87.3800,100
42977306048429,11:56:17.306,87.3800,12
42978686954315,11:56:18.686,87.3900,86
42978686978039,11:56:18.686,87.3900,14
43008192166180,11:56:48.192,87.3900,15
43008192166180,11:56:48.192,87.3900,85
43008192220570,11:56:48.192,87.3900,15
43013458009663,11:56:53.458,87.4100,100
43013458009663,11:56:53.458,87.4100,100
43021464337263,11:57:01.464,87.4300,100
43044868431267,11:57:24.868,87.4200,100
43088656930435,11:58:08.656,87.4200,100
43088656930435,11:58:08.656,87.4200,100
43089356472540,11:58:09.356,87.4100,100
43089882858084,11:58:09.882,87.4000,100
43092600711342,11:58:12.600,87.4000,100
43100510404202,11:58:20.510,87.3900,100
43110128781538,11:58:30.128,87.4000,100
43110129165878,11:58:30.129,87.3900,10
43110129266957,11:58:30.129,87.4000,10
43110129987622,11:58:30.129,87.4100,100
43110129987622,11:58:30.129,87.4100,8
43110137173524,11:58:30.137,87.4000,100
43110665613845,11:58:30.665,87.4200,100
43110665613845,11:58:30.665,87.4200,100
43131648923817,11:58:51.648,87.4350,100
43139714950234,11:58:59.714,87.4350,100
43140613681817,11:59:00.613,87.4400,100
43140613681817,11:59:00.613,87.4400,13
43140613681817,11:59:00.613,87.4400,100
43163098846542,11:59:23.098,87.4400,100
43163098846542,11:59:23.098,87.4400,148
43163098846542,11:59:23.098,87.4400,100
43163099389042,11:59:23.099,87.4400,61
43164367931963,11:59:24.367,87.4300,100
43197286477613,11:59:57.286,87.4500,8
43197286477613,11:59:57.286,87.4500,100
43197287133684,11:59:57.287,87.4600,200
43215811729837,12:00:15.811,87.4700,70
43246008933589,12:00:46.008,87.4500,100
43246008933589,12:00:46.008,87.4500,100
43246008959531,12:00:46.008,87.4500,100
43246008959531,12:00:46.008,87.4500,100
43246859780879,12:00:46.859,87.4500,92
43247526181301,12:00:47.526,87.4500,100
43247526181301,12:00:47.526,87.4500,15
43259718824015,12:00:59.718,87.4600,100
43259718824015,12:00:59.718,87.4600,100
43259718824015,12:00:59.718,87.4600,100
43261495907272,12:01:01.495,87.4800,100
43261495936730,12:01:01.495,87.4900,100
43262067113584,12:01:02.067,87.5050,100
43272964876815,12:01:12.964,87.4900,93
43272964912915,12:01:12.964,87.4900,7
43272964912915,12:01:12.964,87.4900,11
43272966218395,12:01:12.966,87.4800,100
43272970136874,12:01:12.970,87.4900,100
43272990735097,12:01:12.990,87.4900,100
43273086856205,12:01:13.086,87.4700,100
43275582623530,12:01:15.582,87.4700,100
43285722989055,12:01:25.722,87.4500,100
43285723050703,12:01:25.723,87.4500,88
43285723065890,12:01:25.723,87.4500,12
43285887804493,12:01:25.887,87.4500,88
43285887804493,12:01:25.887,87.4500,12
43285887882842,12:01:25.887,87.4500,14
43289865465991,12:01:29.865,87.4500,100
43289865512145,12:01:29.865,87.4500,86
43312589940832,12:01:52.589,87.4300,8
43312589940832,12:01:52.589,87.4200,92
43315682270257,12:01:55.682,87.4200,100
43320200728046,12:02:00.200,87.4400,100
43333003969202,12:02:13.003,87.4600,15
43338778657609,12:02:18.778,87.4700,86
43338778683110,12:02:18.778,87.4700,14
43349681137959,12:02:29.681,87.4700,100
43356657236817,12:02:36.657,87.4800,100
43356672888088,12:02:36.672,87.4900,100
43371515251953,12:02:51.515,87.4900,100
43381182138838,12:03:01.182,87.5100,100
43382168615824,12:03:02.168,87.5300,100
43419881160283,12:03:39.881,87.5300,100
43419881160283,12:03:39.881,87.5300,100
43419881965495,12:03:39.881,87.5200,100
43422116629221,12:03:42.116,87.5200,100
43422116653284,12:03:42.116,87.5200,100
43432119259249,12:03:52.119,87.5200,86
43432119584623,12:03:52.119,87.5200,14
43442936651616,12:04:02.936,87.5100,100
43442936675854,12:04:02.936,87.5100,13
43442936781631,12:04:02.936,87.5100,87
43443229985142,12:04:03.229,87.5000,100
43446546534329,12:04:06.546,87.4900,1
43446546534329,12:04:06.546,87.4900,99
43446546560765,12:04:06.546,87.4900,1
43452474392748,12:04:12.474,87.4800,1
43461135948174,12:04:21.135,87.5000,21
43461136058685,12:04:21.136,87.5000,22
43461136083574,12:04:21.136,87.5000,57
43461136083574,12:04:21.136,87.5000,14
43461137255151,12:04:21.137,87.5100,14
43506960022309,12:05:06.960,87.5100,100
43508137865896,12:05:08.137,87.5000,100
43529480036872,12:05:29.480,87.4900,45
43529480036872,12:05:29.480,87.4800,55
43529480063451,12:05:29.480,87.4800,1
43529480197783,12:05:29.480,87.4800,44
43536486617359,12:05:36.486,87.4700,1
43536486617359,12:05:36.486,87.4700,99
43536487112475,12:05:36.487,87.4700,1
43538785007273,12:05:38.785,87.4700,100
43546263323622,12:05:46.263,87.4800,100
43566736194074,12:06:06.736,87.4700,13
43572143465908,12:06:12.143,87.4800,100
43572143490607,12:06:12.143,87.4800,100
43576367141652,12:06:16.367,87.4800,100
43610878312799,12:06:50.878,87.4300,72
43610878338018,12:06:50.878,87.4300,28
43620326635674,12:07:00.326,87.4300,100
43620326666634,12:07:00.326,87.4300,100
43620327238990,12:07:00.327,87.4400,100
43620327264132,12:07:00.327,87.4400,100
43620327294386,12:07:00.327,87.4400,100
43620358943787,12:07:00.358,87.4400,100
43622129541536,12:07:02.129,87.4500,100
43622329291721,12:07:02.329,87.4600,86
43622329321419,12:07:02.329,87.4600,14
43660814612853,12:07:40.814,87.4800,1
43660814612853,12:07:40.814,87.4800,200
43661104501212,12:07:41.104,87.4850,100
43661105256945,12:07:41.105,87.4800,100
43661105495244,12:07:41.105,87.4800,100
43661106629191,12:07:41.106,87.4800,100
43661108983902,12:07:41.108,87.4800,100
43661748952349,12:07:41.748,87.4850,100
43665455803749,12:07:45.455,87.4800,100
43665455828905,12:07:45.455,87.4800,100
43665455828905,12:07:45.455,87.4800,48
43665455828905,12:07:45.455,87.4800,33
43665455869991,12:07:45.455,87.4800,19
43666725390692,12:07:46.725,87.4900,72
43666725416135,12:07:46.725,87.4900,28
43666725416135,12:07:46.725,87.4900,100
43693485622122,12:08:13.485,87.5050,100
43695492948244,12:08:15.492,87.5000,100
43695492973005,12:08:15.492,87.5000,48
43695492998680,12:08:15.492,87.5000,48
43696337461269,12:08:16.337,87.5000,52
43696337461269,12:08:16.337,87.5000,100
43696337461269,12:08:16.337,87.5000,48
43698440865180,12:08:18.440,87.5100,100
43698440865180,12:08:18.440,87.5100,100
43698440865180,12:08:18.440,87.5100,15
43698440865180,12:08:18.440,87.5100,100
43698705847920,12:08:18.705,87.5200,100
43725369640993,12:08:45.369,87.5500,100
43742969724378,12:09:02.969,87.5700,32
43744272291075,12:09:04.272,87.5900,100
43769399001209,12:09:29.399,87.5700,5
43769399445425,12:09:29.399,87.5800,100
43769399445425,12:09:29.399,87.5700,15
43769399472261,12:09:29.399,87.5700,180
43769399472261,12:09:29.399,87.5700,100
43769399472261,12:09:29.399,87.5700,15
43769399763701,12:09:29.399,87.5700,85
43769399763701,12:09:29.399,87.5700,100
43769419533735,12:09:29.419,87.5750,100
43769710039693,12:09:29.710,87.5800,100
43770129691375,12:09:30.129,87.5900,100
43770814031644,12:09:30.814,87.5900,86
43777780634117,12:09:37.780,87.5900,100
43777780634117,12:09:37.780,87.5800,100
43777780634117,12:09:37.780,87.5800,100
43777780634117,12:09:37.780,87.5800,100
43786873954386,12:09:46.873,87.5800,100
43793392166876,12:09:53.392,87.5800,100
43800955197909,12:10:00.955,87.5900,100
43800957276487,12:10:00.957,87.6000,100
43800957276487,12:10:00.957,87.6000,100
43804314598117,12:10:04.314,87.5900,100
43804317654080,12:10:04.317,87.5800,100
43805480069408,12:10:05.480,87.5800,26
43810463857726,12:10:10.463,87.5900,100
43844198128495,12:10:44.198,87.5900,100
43851387393491,12:10:51.387,87.5900,100
43851388111172,12:10:51.388,87.5900,100
43851388339131,12:10:51.388,87.5900,100
43855204223570,12:10:55.204,87.5900,100
43860175269500,12:11:00.175,87.6000,100
43861168929695,12:11:01.168,87.6100,1
43861168929695,12:11:01.168,87.6100,100
43861168936953,12:11:01.168,87.6100,100
43861168936953,12:11:01.168,87.6100,1
43862716139402,12:11:02.716,87.6100,99
43908442574724,12:11:48.442,87.6300,18
43908442574724,12:11:48.442,87.6300,82
43908442631904,12:11:48.442,87.6300,18
43912517721446,12:11:52.517,87.6300,100
43941957532111,12:12:21.957,87.6300,100
43941957624095,12:12:21.957,87.6300,25
43941957624095,12:12:21.957,87.6300,75
43941957649821,12:12:21.957,87.6300,2
43941957677489,12:12:21.957,87.6300,23
43941957677489,12:12:21.957,87.6300,2
43945589523754,12:12:25.589,87.6300,98
43945589523754,12:12:25.589,87.6300,100
43945589523754,12:12:25.589,87.6300,102
43945589557250,12:12:25.589,87.6300,98
43945589606452,12:12:25.589,87.6300,100
43945590014345,12:12:25.590,87.6300,6
43945593191835,12:12:25.593,87.6300,94
43945593191835,12:12:25.593,87.6300,6
43950115474883,12:12:30.115,87.6300,94
43950115474883,12:12:30.115,87.6300,100
43950115474883,12:12:30.115,87.6300,100
43950115821211,12:12:30.115,87.6300,100
43950115955887,12:12:30.115,87.6300,100
43951396836918,12:12:31.396,87.6400,18
43951396836918,12:12:31.396,87.6400,67
43951396889302,12:12:31.396,87.6400,33
43951396889302,12:12:31.396,87.6400,100
43951401105367,12:12:31.401,87.6500,100
43978034786327,12:12:58.034,87.6800,55
43978034794604,12:12:58.034,87.6800,45
44045429410659,12:14:05.429,87.6900,100
44045429410659,12:14:05.429,87.6900,200
44045429410659,12:14:05.429,87.6900,200
44045429410659,12:14:05.429,87.6900,100
44045429410659,12:14:05.429,87.6900,100
44045429410659,12:14:05.429,87.6900,100
44045430839365,12:14:05.430,87.6700,46
44045433329783,12:14:05.433,87.6700,122
44045442953028,12:14:05.442,87.6900,100
44058119934186,12:14:18.119,87.6600,100
44058127307480,12:14:18.127,87.6500,100
44058127390408,12:14:18.127,87.6500,100
44058249163693,12:14:18.249,87.6500,100
44058249186451,12:14:18.249,87.6500,100
44058249389246,12:14:18.249,87.6500,100
44058249470201,12:14:18.249,87.6500,1
44058641160803,12:14:18.641,87.6500,99
44058641160803,12:14:18.641,87.6500,100
44058641160803,12:14:18.641,87.6500,1
44058641244196,12:14:18.641,87.6500,99
44058641244196,12:14:18.641,87.6500,1
44058641708171,12:14:18.641,87.6500,99
44058641708171,12:14:18.641,87.6500,1
44058641789436,12:14:18.641,87.6500,99
44058641789436,12:14:18.641,87.6500,100
44058641789436,12:14:18.641,87.6500,100
44058641896679,12:14:18.641,87.6500,100
44058642263140,12:14:18.642,87.6500,100
44058642770348,12:14:18.642,87.6500,100
44058643367920,12:14:18.643,87.6500,100
44058644423375,12:14:18.644,87.6500,100
44058670723713,12:14:18.670,87.6500,100
44060039198801,12:14:20.039,87.6500,100
44060777819616,12:14:20.777,87.6500,100
44060778546907,12:14:20.778,87.6500,86
44060778569740,12:14:20.778,87.6500,14
44060778569740,12:14:20.778,87.6500,86
44060778948080,12:14:20.778,87.6500,65
44070672307375,12:14:30.672,87.6400,100
44070672313488,12:14:30.672,87.6400,100
44070672334855,12:14:30.672,87.6400,100
44070672334855,12:14:30.672,87.6400,200
44070682646363,12:14:30.682,87.6400,100
44155320291634,12:15:55.320,87.6300,100
44155320473066,12:15:55.320,87.6300,30
44155320660747,12:15:55.320,87.6300,70
44155320660747,12:15:55.320,87.6300,30
44155320661821,12:15:55.320,87.6300,70
44155320661821,12:15:55.320,87.6300,30
44155321226427,12:15:55.321,87.6300,100
44155321226427,12:15:55.321,87.6300,70
44172001549615,12:16:12.001,87.6300,100
44172001549615,12:16:12.001,87.6300,7
44172001843392,12:16:12.001,87.6300,93
44172001843392,12:16:12.001,87.6300,100
44172001843392,12:16:12.001,87.6300,16
44176594051778,12:16:16.594,87.6200,100
44176594051778,12:16:16.594,87.6200,100
44213805289601,12:16:53.805,87.6400,100
44213805289601,12:16:53.805,87.6400,100
44219288215398,12:16:59.288,87.6500,100
44223144190713,12:17:03.144,87.6600,200
44228720664383,12:17:08.720,87.6700,100
44228720708196,12:17:08.720,87.6700,100
44228720739040,12:17:08.720,87.6700,100
44228720739040,12:17:08.720,87.6700,100
44239138489200,12:17:19.138,87.6600,100
44239138489200,12:17:19.138,87.6600,50
44239138517865,12:17:19.138,87.6600,50
44240001291924,12:17:20.001,87.6500,1
44240001315863,12:17:20.001,87.6500,73
44240001722802,12:17:20.001,87.6500,26
44240002442203,12:17:20.002,87.6400,33
44240002624140,12:17:20.002,87.6400,2
44240002679711,12:17:20.002,87.6400,6
44240002704688,12:17:20.002,87.6400,1
44240002743000,12:17:20.002,87.6400,4
44240002771171,12:17:20.002,87.6400,1
44240002805801,12:17:20.002,87.6400,2
44240002834995,12:17:20.002,87.6400,1
44240002866960,12:17:20.002,87.6400,1
44240002896376,12:17:20.002,87.6400,1
44240002927215,12:17:20.002,87.6400,1
44240002982231,12:17:20.002,87.6400,1
44240003040075,12:17:20.003,87.6400,1
44258254181219,12:17:38.254,87.6700,86
44258254236336,12:17:38.254,87.6700,14
44259942451281,12:17:39.942,87.6800,100
44259942540833,12:17:39.942,87.6800,100
44259942569742,12:17:39.942,87.6800,6
44259942569742,12:17:39.942,87.6800,100
44261822238694,12:17:41.822,87.6800,100
44280167977658,12:18:00.167,87.6800,100
44318102334178,12:18:38.102,87.6700,8
44318103869720,12:18:38.103,87.6700,92
44318103869720,12:18:38.103,87.6700,2
44318103869720,12:18:38.103,87.6700,100
44318103869720,12:18:38.103,87.6700,6
44318103947360,12:18:38.103,87.6700,94
44320391673463,12:18:40.391,87.6600,65
44320391856883,12:18:40.391,87.6600,1
44320392420332,12:18:40.392,87.6600,34
44320392420332,12:18:40.392,87.6600,39
44320392655575,12:18:40.392,87.6600,61
44320395011375,12:18:40.395,87.6600,61
44320761033604,12:18:40.761,87.6600,39
44320761033604,12:18:40.761,87.6600,61
44320761107704,12:18:40.761,87.6600,39
44320761116375,12:18:40.761,87.6600,39
44320766080100,12:18:40.766,87.6600,100
44320802528312,12:18:40.802,87.6600,77
44320802604089,12:18:40.802,87.6600,23
44320894994095,12:18:40.894,87.6600,100
44321909536586,12:18:41.909,87.6600,100
44323330358614,12:18:43.330,87.6700,100
44323330358614,12:18:43.330,87.6700,17
44332602142227,12:18:52.602,87.6600,100
44332602285615,12:18:52.602,87.6600,100
44333588719145,12:18:53.588,87.6600,100
44335080483397,12:18:55.080,87.6600,100
44335139447957,12:18:55.139,87.6600,100
44371997422000,12:19:31.997,87.6400,100
44378045128931,12:19:38.045,87.6500,100
44378045128931,12:19:38.045,87.6500,17
44378045198001,12:19:38.045,87.6500,83
44385586368270,12:19:45.586,87.6400,100
44387307398458,12:19:47.307,87.6400,100
44387307422820,12:19:47.307,87.6400,1
44387307428907,12:19:47.307,87.6400,99
44394808901966,12:19:54.808,87.6200,100
44412632341810,12:20:12.632,87.6200,1
44466972092434,12:21:06.972,87.6100,85
44494868950719,12:21:34.868,87.6100,17
44494868950719,12:21:34.868,87.6100,100
44494890717094,12:21:34.890,87.6100,1
44502164839468,12:21:42.164,87.6000,100
44502164839468,12:21:42.164,87.6000,100
44507548327324,12:21:47.548,87.6100,4
44509621100177,12:21:49.621,87.6000,2
44513292905396,12:21:53.292,87.6100,85
44513292948042,12:21:53.292,87.6100,11
44513292948042,12:21:53.292,87.6100,89
44513292976696,12:21:53.292,87.6100,11
44518928057478,12:21:58.928,87.6100,100
44519841376255,12:21:59.841,87.6050,100
44546622789081,12:22:26.622,87.6050,100
44546627690494,12:22:26.627,87.6000,98
44546627690494,12:22:26.627,87.6000,100
44546627690494,12:22:26.627,87.6000,100
44546627690494,12:22:26.627,87.6000,169
44546633852840,12:22:26.633,87.5900,200
44546634158097,12:22:26.634,87.5900,200
44548890484090,12:22:28.890,87.5800,2
44548890484090,12:22:28.890,87.5800,98
44548915138935,12:22:28.915,87.5800,2
44563175148302,12:22:43.175,87.5600,72
44564421861865,12:22:44.421,87.5600,100
44564421867038,12:22:44.421,87.5600,55
44564648041818,12:22:44.648,87.5600,173
44564648041818,12:22:44.648,87.5600,27
44564648067894,12:22:44.648,87.5600,73
44565065743604,12:22:45.065,87.5500,100
44588481105510,12:23:08.481,87.5500,100
44648742809200,12:24:08.742,87.5200,31
44673080585485,12:24:33.080,87.5200,100
44673080585485,12:24:33.080,87.5200,100
44673080585485,12:24:33.080,87.5200,100
44683594794529,12:24:43.594,87.5200,100
44683594794529,12:24:43.594,87.5200,10
44683594905902,12:24:43.594,87.5200,90
44683594905902,12:24:43.594,87.5200,14
44683594905902,12:24:43.594,87.5200,100
44689065554493,12:24:49.065,87.5200,100
44689065554493,12:24:49.065,87.5200,100
44689144456847,12:24:49.144,87.5200,100
44699672705895,12:24:59.672,87.5000,23
44699672750008,12:24:59.672,87.5000,7
44750357399438,12:25:50.357,87.4800,200
44750357423970,12:25:50.357,87.4800,24
44750357430320,12:25:50.357,87.4800,176
44750357430320,12:25:50.357,87.4800,100
44750357430320,12:25:50.357,87.4800,24
44750357474307,12:25:50.357,87.4800,300
44750358686217,12:25:50.358,87.4800,100
44750358734185,12:25:50.358,87.4800,76
44783385673116,12:26:23.385,87.4800,200
44783385673116,12:26:23.385,87.4800,13
44783389808497,12:26:23.389,87.4900,100
44783389808497,12:26:23.389,87.4900,100
44785764808925,12:26:25.764,87.4900,100
44785764808925,12:26:25.764,87.4900,100
44821018542897,12:27:01.018,87.4900,100
44834932533347,12:27:14.932,87.4800,53
44834932533347,12:27:14.932,87.4800,100
44856517771132,12:27:36.517,87.4900,61
44856517783475,12:27:36.517,87.4900,39
44856517783475,12:27:36.517,87.4900,1
44867386714432,12:27:47.386,87.5100,100
44867753421506,12:27:47.753,87.5150,10
44873746117115,12:27:53.746,87.5200,86
44873746145505,12:27:53.746,87.5200,14
44879717355596,12:27:59.717,87.5500,1
44879717355596,12:27:59.717,87.5500,100
44881092821577,12:28:01.092,87.5600,2
44881092821577,12:28:01.092,87.5600,98
44881092828103,12:28:01.092,87.5600,2
44881092850953,12:28:01.092,87.5550,2
44895145941711,12:28:15.145,87.5700,2
44907248671082,12:28:27.248,87.5600,100
44907248671082,12:28:27.248,87.5600,100
44915893281173,12:28:35.893,87.5500,2
44915893370678,12:28:35.893,87.5500,98
44916431804984,12:28:36.431,87.5600,16
44918833516819,12:28:38.833,87.5700,86
44919703843308,12:28:39.703,87.5700,14
44940714099353,12:29:00.714,87.5800,1
44940714099353,12:29:00.714,87.5800,100
44940714099353,12:29:00.714,87.5800,100
44940714099353,12:29:00.714,87.5800,100
44940715867848,12:29:00.715,87.5900,1
44940715867848,12:29:00.715,87.5900,100
44944247873590,12:29:04.247,87.6000,2
44944247873590,12:29:04.247,87.6000,77
44944247900775,12:29:04.247,87.6000,23
44944248689892,12:29:04.248,87.6100,1
44980403176236,12:29:40.403,87.6200,2
44980403176236,12:29:40.403,87.6200,100
45005936979615,12:30:05.936,87.6000,100
45005936979615,12:30:05.936,87.6000,100
45005936979615,12:30:05.936,87.6000,100
45006487947131,12:30:06.487,87.5900,100
45010025250930,12:30:10.025,87.5900,100
45034248627551,12:30:34.248,87.5900,3
45034248627551,12:30:34.248,87.5900,80
45034248627551,12:30:34.248,87.5900,85
45034249255143,12:30:34.249,87.5900,15
45036799296232,12:30:36.799,87.5800,41
45039392264444,12:30:39.392,87.5800,16
45055207279106,12:30:55.207,87.5900,100
45055207291926,12:30:55.207,87.5900,21
45055207306030,12:30:55.207,87.5900,79
45055207306030,12:30:55.207,87.5900,21
45055207358213,12:30:55.207,87.5900,79
45055207358213,12:30:55.207,87.5900,21
45055604040200,12:30:55.604,87.5900,79
45055604040200,12:30:55.604,87.6000,21
45055604066768,12:30:55.604,87.6000,79
45055604096525,12:30:55.604,87.6000,79
45072938883481,12:31:12.938,87.6000,100
45084161398062,12:31:24.161,87.6100,100
45084161398062,12:31:24.161,87.6100,157
45084161398062,12:31:24.161,87.6100,100
45084162642023,12:31:24.162,87.6100,100
45122684487328,12:32:02.684,87.6100,5
45122684487328,12:32:02.684,87.6000,100
45122684487328,12:32:02.684,87.6000,2
45122685171750,12:32:02.685,87.6000,46
45122685205463,12:32:02.685,87.6000,52
45122685205463,12:32:02.685,87.6000,36
45131038771090,12:32:11.038,87.5700,95
45131038812853,12:32:11.038,87.5700,5
45132393648666,12:32:12.393,87.5600,11
45145784991634,12:32:25.784,87.5400,100
45160577115377,12:32:40.577,87.5400,100
45160577115377,12:32:40.577,87.5400,100
45176005396814,12:32:56.005,87.5300,100
45178723592352,12:32:58.723,87.5200,100
45203431099861,12:33:23.431,87.5200,100
45203431099861,12:33:23.431,87.5200,100
45203496523561,12:33:23.496,87.5300,14
45204296168370,12:33:24.296,87.5400,100
45204296168370,12:33:24.296,87.5400,100
45204296251650,12:33:24.296,87.5400,100
45209511117160,12:33:29.511,87.5400,100
45209511117160,12:33:29.511,87.5400,100
45209511777909,12:33:29.511,87.5400,36
45209995788563,12:33:29.995,87.5300,100
45215714808219,12:33:35.714,87.5200,100
45215721581298,12:33:35.721,87.5000,100
45215721750970,12:33:35.721,87.5000,100
45215723407666,12:33:35.723,87.5000,27
45215725230579,12:33:35.725,87.5000,73
45215725982744,12:33:35.725,87.5000,100
45215727081809,12:33:35.727,87.5000,100
45215727081809,12:33:35.727,87.5000,73
45215727200211,12:33:35.727,87.5000,100
45215748463602,12:33:35.748,87.5000,100
45215750783911,12:33:35.750,87.5000,100
45215790307061,12:33:35.790,87.5000,100
45215806784780,12:33:35.806,87.5000,5
45247271421156,12:34:07.271,87.5100,100
45247271426732,12:34:07.271,87.5100,2
45247271448778,12:34:07.271,87.5100,15
45260904165095,12:34:20.904,87.5300,40
45260904189489,12:34:20.904,87.5300,60
45261065197357,12:34:21.065,87.5200,100
45261065197357,12:34:21.065,87.5200,100
45287196184386,12:34:47.196,87.5100,100
45287196711369,12:34:47.196,87.5000,100
45287196772886,12:34:47.196,87.5100,31
45290707561317,12:34:50.707,87.5200,100
45290714740321,12:34:50.714,87.5100,100
45290877855223,12:34:50.877,87.5100,100
45290877855223,12:34:50.877,87.5100,100
45300466657520,12:35:00.466,87.5100,100
45311196883447,12:35:11.196,87.5100,100
45312436272803,12:35:12.436,87.5200,100
45312436272803,12:35:12.436,87.5200,100
45335720671680,12:35:35.720,87.5400,2
45335720671680,12:35:35.720,87.5400,14
45335720759326,12:35:35.720,87.5400,5
45340678165445,12:35:40.678,87.5300,1
45341582978808,12:35:41.582,87.5200,100
45367018001496,12:36:07.018,87.5200,100
45367018001496,12:36:07.018,87.5200,100
45367018001496,12:36:07.018,87.5200,100
45367018001496,12:36:07.018,87.5200,100
45367018001496,12:36:07.018,87.5200,16
45373543355732,12:36:13.543,87.5200,6
45425884335575,12:37:05.884,87.5000,86
45425884564574,12:37:05.884,87.5000,14
45425884564574,12:37:05.884,87.5000,88
45425884569737,12:37:05.884,87.5000,12
45425884569737,12:37:05.884,87.5000,100
45432801710385,12:37:12.801,87.5000,100
45432801710385,12:37:12.801,87.5000,39
45432801711224,12:37:12.801,87.5000,100
45433196284612,12:37:13.196,87.4900,100
45435313545953,12:37:15.313,87.4800,100
45451732040211,12:37:31.732,87.4850,100
45478554205953,12:37:58.554,87.4900,100
45478585872843,12:37:58.585,87.4900,19
45495560585178,12:38:15.560,87.4800,100
45495560585178,12:38:15.560,87.4800,100
45495773048713,12:38:15.773,87.4600,400
45502311805638,12:38:22.311,87.4700,41
45502311831806,12:38:22.311,87.4700,59
45550329564231,12:39:10.329,87.5100,16
45557970837650,12:39:17.970,87.5100,100
45557971149147,12:39:17.971,87.5100,31
45558070393634,12:39:18.070,87.5000,100
45558070393634,12:39:18.070,87.5000,27
45558070418610,12:39:18.070,87.5000,73
45558070449680,12:39:18.070,87.5000,73
45558070476166,12:39:18.070,87.5000,27
45558070476166,12:39:18.070,87.5000,73
45558883868071,12:39:18.883,87.5000,100
45558906977578,12:39:18.906,87.5000,38
45560693109734,12:39:20.693,87.5200,27
45560693335756,12:39:20.693,87.5200,27
45580028182748,12:39:40.028,87.5400,2
45580028208894,12:39:40.028,87.5400,100
45599289597841,12:39:59.289,87.5500,2
45599289597841,12:39:59.289,87.5500,100
45600264391917,12:40:00.264,87.5600,2
45631794048480,12:40:31.794,87.5700,2
45631794048480,12:40:31.794,87.5700,19
45631794048480,12:40:31.794,87.5700,79
45631794078477,12:40:31.794,87.5700,21
45631794078477,12:40:31.794,87.5700,100
45631794078477,12:40:31.794,87.5700,100
45631795467013,12:40:31.795,87.5700,30
45636034578848,12:40:36.034,87.5600,100
45657720498451,12:40:57.720,87.5600,100
45657720499746,12:40:57.720,87.5500,100
45660085034453,12:41:00.085,87.5400,100
45660085060423,12:41:00.085,87.5400,5
45660085060423,12:41:00.085,87.5400,100
45660085060423,12:41:00.085,87.5400,100
45660378905185,12:41:00.378,87.5300,18
45664430719768,12:41:04.430,87.5300,82
45664430719768,12:41:04.430,87.5300,18
45664430809108,12:41:04.430,87.5300,82
45708543100182,12:41:48.543,87.5250,100
45708544116772,12:41:48.544,87.5100,100
45708544411736,12:41:48.544,87.5100,100
45708546598147,12:41:48.546,87.5000,38
45708562203654,12:41:48.562,87.5000,24
45708562203654,12:41:48.562,87.5000,76
45708581065266,12:41:48.581,87.5000,24
45708581065266,12:41:48.581,87.5000,28
45708581113465,12:41:48.581,87.5000,72
45708586503684,12:41:48.586,87.5000,100
45709667780343,12:41:49.667,87.5100,100
45709667780343,12:41:49.667,87.5100,100
45710910951192,12:41:50.910,87.5150,100
45711006415365,12:41:51.006,87.5100,100
45720098430269,12:42:00.098,87.5050,100
45720098430269,12:42:00.098,87.5000,100
45720098430269,12:42:00.098,87.5000,100
45720098458185,12:42:00.098,87.5000,53
45720098463448,12:42:00.098,87.5000,47
45720098463448,12:42:00.098,87.5000,53
45720098505188,12:42:00.098,87.5000,47
45720098535937,12:42:00.098,87.5000,53
45720098535937,12:42:00.098,87.5000,47
45721108917877,12:42:01.108,87.5100,100
45721108917877,12:42:01.108,87.5100,100
45724464317180,12:42:04.464,87.5200,100
45724464328911,12:42:04.464,87.5200,18
45724929189649,12:42:04.929,87.5100,2
45724960213565,12:42:04.960,87.5000,100
45724960241034,12:42:04.960,87.5000,95
45725057377484,12:42:05.057,87.5000,100
45725524473866,12:42:05.524,87.5000,82
45725524476309,12:42:05.524,87.5000,18
45725524476309,12:42:05.524,87.5000,82
45725524532473,12:42:05.524,87.5000,100
45725524772994,12:42:05.524,87.5000,18
45725524835824,12:42:05.524,87.5000,82
45725524835824,12:42:05.524,87.5000,18
45725525173457,12:42:05.525,87.5000,100
45728811468400,12:42:08.811,87.4800,100
45745367856348,12:42:25.367,87.4700,24
45745425368239,12:42:25.425,87.4700,16
45771876467047,12:42:51.876,87.4700,100
45771876467047,12:42:51.876,87.4700,100
45771880910039,12:42:51.880,87.4800,100
45773135431126,12:42:53.135,87.4900,100
45793131034089,12:43:13.131,87.5000,100
45793234773361,12:43:13.234,87.5100,100
45810610045857,12:43:30.610,87.4900,100
45810623408499,12:43:30.623,87.4800,100
45813031911579,12:43:33.031,87.4800,5
45843963384078,12:44:03.963,87.4200,100
45843963402402,12:44:03.963,87.4200,100
45855402541381,12:44:15.402,87.4100,20
45855402572625,12:44:15.402,87.4100,80
45893325822922,12:44:53.325,87.4100,100
45893325878543,12:44:53.325,87.4100,100
45893325896937,12:44:53.325,87.4100,16
45893794264781,12:44:53.794,87.4100,100
45894907325585,12:44:54.907,87.4100,100
45894907325585,12:44:54.907,87.4100,100
45896697036481,12:44:56.697,87.4200,100
45896697131318,12:44:56.697,87.4200,34
45897775121628,12:44:57.775,87.4100,4
45897775121628,12:44:57.775,87.4100,96
45898674828241,12:44:58.674,87.4200,100
45910736418735,12:45:10.736,87.4350,100
45968944506760,12:46:08.944,87.4500,50
45968945529660,12:46:08.945,87.4400,100
45968945529660,12:46:08.945,87.4400,23
45968945606820,12:46:08.945,87.4400,77
45968945606820,12:46:08.945,87.4400,29
45968945868893,12:46:08.945,87.4400,71
45985029950824,12:46:25.029,87.4400,100
45985030037465,12:46:25.030,87.4400,4
45985030037465,12:46:25.030,87.4400,84
45985030037465,12:46:25.030,87.4400,61
45985031388195,12:46:25.031,87.4400,100
45985035691978,12:46:25.035,87.4300,100
45993713617946,12:46:33.713,87.4200,2
46000461621567,12:46:40.461,87.4200,54
46000461645576,12:46:40.461,87.4200,44
46000461645576,12:46:40.461,87.4200,8
46000461646426,12:46:40.461,87.4200,15
46000461726606,12:46:40.461,87.4200,77
46015486591255,12:46:55.486,87.4200,100
46015486591255,12:46:55.486,87.4200,100
46016026709865,12:46:56.026,87.4300,100
46016026711213,12:46:56.026,87.4300,100
46016676105358,12:46:56.676,87.4400,54
46016676148628,12:46:56.676,87.4400,46
46016676148628,12:46:56.676,87.4400,17
46021189124002,12:47:01.189,87.4500,100
46033038932432,12:47:13.038,87.4600,86
46033038958292,12:47:13.038,87.4600,14
46070020076299,12:47:50.020,87.4500,100
46070020446607,12:47:50.020,87.4500,5
46087420037496,12:48:07.420,87.4500,100
46087420037496,12:48:07.420,87.4500,3
46087420041770,12:48:07.420,87.4500,97
46087420041770,12:48:07.420,87.4500,3
46087420043813,12:48:07.420,87.4500,2
46087420076950,12:48:07.420,87.4500,12
46134463257043,12:48:54.463,87.4400,100
46134584273355,12:48:54.584,87.4300,48
46134584273355,12:48:54.584,87.4300,92
46134584273355,12:48:54.584,87.4300,26
46145035993280,12:49:05.035,87.4400,200
46145037911614,12:49:05.037,87.4400,10
46145038086521,12:49:05.038,87.4500,100
46145038086521,12:49:05.038,87.4500,100
