timestamp,time,price,volume
34200347156981,09:30:00.347,2.2600,4111
34992176633656,09:43:12.176,2.2700,18
34992177031363,09:43:12.177,2.2700,194
35244147510897,09:47:24.147,2.2900,10
35244147510897,09:47:24.147,2.2900,5
35313852768667,09:48:33.852,2.2900,195
36038342579062,10:00:38.342,2.2800,200
36207601369087,10:03:27.601,2.2800,100
37311048221358,10:21:51.048,2.2600,100
37311048221358,10:21:51.048,2.2600,100
37311048221358,10:21:51.048,2.2600,100
37311048221358,10:21:51.048,2.2600,200
37311072653984,10:21:51.072,2.2500,200
37359202238912,10:22:39.202,2.2500,100
37359202898391,10:22:39.202,2.2500,300
37359202898391,10:22:39.202,2.2500,100
37359202898391,10:22:39.202,2.2500,100
37359202898391,10:22:39.202,2.2500,100
37564135877805,10:26:04.135,2.2500,27
38152475143583,10:35:52.475,2.2500,100
38206195911388,10:36:46.195,2.2400,100
38206195911388,10:36:46.195,2.2400,100
38206195911388,10:36:46.195,2.2400,200
38206195911388,10:36:46.195,2.2400,400
38676844163614,10:44:36.844,2.2500,40
38676844163614,10:44:36.844,2.2500,60
39341581530052,10:55:41.581,2.2500,40
39341581530052,10:55:41.581,2.2500,60
39341581530052,10:55:41.581,2.2500,100
39665000184262,11:01:05.000,2.2300,50
39665000184262,11:01:05.000,2.2300,140
39738241973963,11:02:18.241,2.2300,200
39811683440328,11:03:31.683,2.2200,500
39871381371317,11:04:31.381,2.2200,1027
39871381371317,11:04:31.381,2.2200,400
39871381371317,11:04:31.381,2.2200,73
39871381411829,11:04:31.381,2.2200,27
39871389723683,11:04:31.389,2.2200,100
39889881284480,11:04:49.881,2.2400,100
39889881284480,11:04:49.881,2.2400,100
39908283071374,11:05:08.283,2.2500,500
40146362426922,11:09:06.362,2.2200,200
40146362426922,11:09:06.362,2.2100,100
40146362426922,11:09:06.362,2.2100,900
40146362426922,11:09:06.362,2.2100,620
40146872454975,11:09:06.872,2.2100,100
40334145935298,11:12:14.145,2.2100,100
40334145935298,11:12:14.145,2.2100,100
40640669743963,11:17:20.669,2.2200,100
40640704539256,11:17:20.704,2.2200,100
41212983896864,11:26:52.983,2.2300,100
41212983896864,11:26:52.983,2.2300,100
41212983896864,11:26:52.983,2.2300,100
41213290260872,11:26:53.290,2.2300,100
41663601334088,11:34:23.601,2.2400,100
42111259014987,11:41:51.259,2.2800,100
42111260175737,11:41:51.260,2.2800,40
42111260175737,11:41:51.260,2.2800,60
42272447326952,11:44:32.447,2.2700,100
42272447326952,11:44:32.447,2.2700,100
42272447383515,11:44:32.447,2.2700,100
42272447390211,11:44:32.447,2.2700,100
42272447390211,11:44:32.447,2.2700,100
42272447976559,11:44:32.447,2.2700,100
42272447976559,11:44:32.447,2.2700,100
42272458279438,11:44:32.458,2.2700,100
42435464247427,11:47:15.464,2.2700,100
43093895232655,11:58:13.895,2.2800,100
43869556705696,12:11:09.556,2.2700,139
43961005356769,12:12:41.005,2.2700,100
43961243843745,12:12:41.243,2.2700,100
44396082271165,12:19:56.082,2.2800,100
44396082271165,12:19:56.082,2.2800,100
44396082271165,12:19:56.082,2.2800,100
44617157961307,12:23:37.157,2.2900,200
47168574202808,13:06:08.574,2.2800,200
47171945998193,13:06:11.945,2.2800,300
47171945998193,13:06:11.945,2.2800,100
47171945998193,13:06:11.945,2.2800,100
48430207164502,13:27:10.207,2.2900,100
49559325149414,13:45:59.325,2.2900,100
49559325149414,13:45:59.325,2.2900,100
49625562236870,13:47:05.562,2.2800,100
50483275158411,14:01:23.275,2.3100,100
50687193000356,14:04:47.193,2.3300,50
50893763873295,14:08:13.763,2.3300,100
50900995361943,14:08:20.995,2.3200,100
50900995361943,14:08:20.995,2.3200,100
50900995361943,14:08:20.995,2.3200,100
50900995361943,14:08:20.995,2.3200,100
50926773280575,14:08:46.773,2.3000,100
51505937035595,14:18:25.937,2.3200,100
52183792396460,14:29:43.792,2.2900,100
52183792396460,14:29:43.792,2.2900,100
52183797373863,14:29:43.797,2.2900,7
52443544271484,14:34:03.544,2.3100,100
52933140962582,14:42:13.140,2.3100,100
52944417724863,14:42:24.417,2.3100,100
53673496411458,14:54:33.496,2.3200,100
53673498303350,14:54:33.498,2.3200,100
53813167914348,14:56:53.167,2.3300,100
54029283448349,15:00:29.283,2.3300,40
54029283448349,15:00:29.283,2.3300,10
54029283448349,15:00:29.283,2.3300,40
54029283448349,15:00:29.283,2.3400,10
54075724006692,15:01:15.724,2.3300,100
54084039751575,15:01:24.039,2.3300,100
54164801671964,15:02:44.801,2.3300,3602
54164845918842,15:02:44.845,2.3300,200
54669128989900,15:11:09.128,2.3300,100
54669128989900,15:11:09.128,2.3300,100
54669128989900,15:11:09.128,2.3300,100
54728110889189,15:12:08.110,2.3000,100
54728110889189,15:12:08.110,2.3000,300
54728111691121,15:12:08.111,2.2900,1000
54728111691121,15:12:08.111,2.2900,100
54728111691121,15:12:08.111,2.2900,300
54728112605168,15:12:08.112,2.2800,802
54728112659793,15:12:08.112,2.2800,198
54732115025849,15:12:12.115,2.2900,100
54847627982271,15:14:07.627,2.3100,100
54897282555000,15:14:57.282,2.3100,100
54941689357868,15:15:41.689,2.3100,100
54949331608614,15:15:49.331,2.3100,400
54949333895820,15:15:49.333,2.3100,100
55287198078829,15:21:27.198,2.3300,100
55300782269345,15:21:40.782,2.3300,100
55318295388223,15:21:58.295,2.3400,190
55318295388223,15:21:58.295,2.3400,10
55597382295039,15:26:37.382,2.3400,100
55597382295039,15:26:37.382,2.3400,100
55597382295039,15:26:37.382,2.3400,100
55597382295039,15:26:37.382,2.3400,100
55597382295039,15:26:37.382,2.3400,300
55597382295039,15:26:37.382,2.3400,300
55785086996418,15:29:45.086,2.3300,200
55785086996418,15:29:45.086,2.3300,100
55785086996418,15:29:45.086,2.3300,100
55785111381635,15:29:45.111,2.3300,100
56103256579409,15:35:03.256,2.3100,100
56201954718498,15:36:41.954,2.3200,300
56217919006277,15:36:57.919,2.3200,100
56217919006277,15:36:57.919,2.3200,100
56217919006277,15:36:57.919,2.3200,200
56217919006277,15:36:57.919,2.3200,100
56232003979605,15:37:12.003,2.3200,100
56232003979605,15:37:12.003,2.3200,200
56259222046336,15:37:39.222,2.3200,100
56269902984771,15:37:49.902,2.3200,200
56284024144786,15:38:04.024,2.3200,100
56292058346095,15:38:12.058,2.3200,200
56294648494854,15:38:14.648,2.3300,2180
56294648494854,15:38:14.648,2.3300,200
56294648494854,15:38:14.648,2.3300,200
56633810406354,15:43:53.810,2.3200,100
56633810406354,15:43:53.810,2.3200,100
56643938664561,15:44:03.938,2.3200,100
56946680353203,15:49:06.680,2.3250,23
56946804580589,15:49:06.804,2.3300,100
56946804580589,15:49:06.804,2.3300,200
56946815989662,15:49:06.815,2.3300,100
56946815989662,15:49:06.815,2.3300,100
56946815989662,15:49:06.815,2.3300,100
56946815989662,15:49:06.815,2.3300,39
56946815989662,15:49:06.815,2.3300,100
56946815989662,15:49:06.815,2.3300,61
56981505541422,15:49:41.505,2.3300,100
56998576498195,15:49:58.576,2.3300,100
57000069182692,15:50:00.069,2.3200,100
57000069182692,15:50:00.069,2.3200,100
57000069182692,15:50:00.069,2.3200,100
57000069182692,15:50:00.069,2.3200,100
57000069182692,15:50:00.069,2.3200,100
57000230701001,15:50:00.230,2.3300,100
57124919986673,15:52:04.919,2.3200,100
57124919986673,15:52:04.919,2.3200,100
57134565932118,15:52:14.565,2.3200,100
57178279507655,15:52:58.279,2.3300,100
57190374466938,15:53:10.374,2.3200,100
57190374466938,15:53:10.374,2.3200,200
57190378265677,15:53:10.378,2.3100,17
57190379266364,15:53:10.379,2.3100,83
57190379266364,15:53:10.379,2.3100,17
57306946280445,15:55:06.946,2.3200,100
57551584327470,15:59:11.584,2.3200,61
57583112174698,15:59:43.112,2.3100,46
57587108610875,15:59:47.108,2.3100,187
57587108610875,15:59:47.108,2.3100,100
57587108610875,15:59:47.108,2.3100,100
57587108610875,15:59:47.108,2.3100,100
57587108610875,15:59:47.108,2.3100,200
57587108610875,15:59:47.108,2.3100,116
57587108610875,15:59:47.108,2.3100,100
57587108610875,15:59:47.108,2.3100,124
57587108610875,15:59:47.108,2.3100,100
57587108610875,15:59:47.108,2.3100,400
57587108680858,15:59:47.108,2.3000,100
57587108680858,15:59:47.108,2.3000,200
57587108680858,15:59:47.108,2.3000,1
57600255252060,16:00:00.255,2.3100,7351
