timestamp,time,price,volume
34200709207646,09:30:00.709,20.8100,2384
34230987488088,09:30:30.987,20.8200,1
34267883629047,09:31:07.883,20.9000,25
34627359352446,09:37:07.359,20.8900,6
34678778984714,09:37:58.778,20.8900,84
34678778984714,09:37:58.778,20.8800,100
34678778984714,09:37:58.778,20.8800,100
34678778984714,09:37:58.778,20.8800,86
34678778984714,09:37:58.778,20.8800,100
34678778984714,09:37:58.778,20.8800,30
34678779029435,09:37:58.779,20.8800,147
34678779033265,09:37:58.779,20.8800,123
34745003691489,09:39:05.003,20.9000,25
34745003691489,09:39:05.003,20.9100,2
34745003691489,09:39:05.003,20.9100,99
34745003691489,09:39:05.003,20.9100,74
34745004265483,09:39:05.004,20.8900,100
34745004348859,09:39:05.004,20.9000,70
34745004384833,09:39:05.004,20.9000,30
34745004384833,09:39:05.004,20.9000,100
34745004398421,09:39:05.004,20.9000,10
34887678288413,09:41:27.678,20.9000,20
34887678288413,09:41:27.678,20.9100,51
35050653342761,09:44:10.653,20.9400,100
35050653342761,09:44:10.653,20.9500,100
35050654645910,09:44:10.654,20.9500,100
35050654680052,09:44:10.654,20.9500,100
35050659830861,09:44:10.659,20.9500,100
35050677922275,09:44:10.677,20.9600,100
35050677922275,09:44:10.677,20.9600,100
35050677922275,09:44:10.677,20.9600,100
35050689969469,09:44:10.689,20.9500,100
35050691885225,09:44:10.691,20.9500,100
35050691885225,09:44:10.691,20.9700,100
35050691885225,09:44:10.691,20.9700,100
35050691885225,09:44:10.691,20.9700,100
35050702695186,09:44:10.702,20.9800,100
35050710731153,09:44:10.710,20.9900,100
35050710731153,09:44:10.710,21.0000,17
35050710731153,09:44:10.710,21.0000,1
35050710731153,09:44:10.710,21.0000,62
35050710731153,09:44:10.710,21.0000,1030
35050710731153,09:44:10.710,21.0000,100
35051857280742,09:44:11.857,20.9900,100
35062214112935,09:44:22.214,21.0100,100
35062214112935,09:44:22.214,21.0100,100
35062214503867,09:44:22.214,21.0000,67
35062214508666,09:44:22.214,21.0000,33
35062214508666,09:44:22.214,21.0000,100
35062214508666,09:44:22.214,21.0000,67
35062214517069,09:44:22.214,21.0000,73
35062214519334,09:44:22.214,21.0000,40
35062214526016,09:44:22.214,21.0000,20
35062219831441,09:44:22.219,21.0100,100
35063173004345,09:44:23.173,21.0200,100
35083949579490,09:44:43.949,21.0300,100
35100875429819,09:45:00.875,21.0100,100
35115934263091,09:45:15.934,21.0100,100
35115934263091,09:45:15.934,21.0100,100
35115944775806,09:45:15.944,21.0200,54
35115945152847,09:45:15.945,21.0200,46
35128306959740,09:45:28.306,21.0000,100
35128311058569,09:45:28.311,21.0000,100
35136147132784,09:45:36.147,21.0050,100
35136156197634,09:45:36.156,21.0000,100
35136156247666,09:45:36.156,21.0000,100
35136156272888,09:45:36.156,21.0000,100
35154518779320,09:45:54.518,21.0000,100
35259583499432,09:47:39.583,21.0000,100
35259583553392,09:47:39.583,21.0000,100
35259588115905,09:47:39.588,21.0000,30
35280440163410,09:48:00.440,21.0000,100
35321481596105,09:48:41.481,21.0000,100
35324525551361,09:48:44.525,21.0000,100
35324525604724,09:48:44.525,21.0000,100
35330645227666,09:48:50.645,21.0000,100
35330650358348,09:48:50.650,21.0000,100
35330848713964,09:48:50.848,21.0000,100
35331659197762,09:48:51.659,21.0000,100
35369790208546,09:49:29.790,21.0000,100
35369794676507,09:49:29.794,21.0000,20
35380747162409,09:49:40.747,21.0000,100
35416412591577,09:50:16.412,21.0000,93
35416412922838,09:50:16.412,20.9900,100
35499314003890,09:51:39.314,20.9500,100
35629144649591,09:53:49.144,20.9300,100
35629144649591,09:53:49.144,20.9300,100
35809133162881,09:56:49.133,20.9100,100
35809147712299,09:56:49.147,20.9100,100
35809147763078,09:56:49.147,20.9100,100
36000419040203,10:00:00.419,20.9700,100
36000419040203,10:00:00.419,20.9700,100
36340803807251,10:05:40.803,21.0100,7
36434902539148,10:07:14.902,21.0300,100
36437290315780,10:07:17.290,21.0500,100
36622806759727,10:10:22.806,21.0600,50
36718840519683,10:11:58.840,21.0700,32
36718840918283,10:11:58.840,21.0700,68
36718840918283,10:11:58.840,21.0700,32
36718840954453,10:11:58.840,21.0700,68
36937375364168,10:15:37.375,21.0900,100
36979400837074,10:16:19.400,21.0600,1
36979400837074,10:16:19.400,21.0600,100
36979400837074,10:16:19.400,21.0600,99
36979400881785,10:16:19.400,21.0600,1
37149590209186,10:19:09.590,21.0500,100
37435356069222,10:23:55.356,21.0600,100
37578857492494,10:26:18.857,21.0600,100
37578857492494,10:26:18.857,21.0600,100
37578857492494,10:26:18.857,21.0600,100
37578857492494,10:26:18.857,21.0600,100
37578857492494,10:26:18.857,21.0600,50
37626594604285,10:27:06.594,21.0900,100
37674827350738,10:27:54.827,21.1000,100
37793821204950,10:29:53.821,21.1000,100
37793821243023,10:29:53.821,21.1000,49
37793821791468,10:29:53.821,21.1100,100
37965699410124,10:32:45.699,21.1200,1000
37965699410124,10:32:45.699,21.1200,100
37965699475185,10:32:45.699,21.1400,100
37965699649953,10:32:45.699,21.1400,100
37966780228366,10:32:46.780,21.1600,100
38030109751785,10:33:50.109,21.1700,100
38109346077355,10:35:09.346,21.1600,100
38139700763102,10:35:39.700,21.1500,100
38165758581523,10:36:05.758,21.1600,100
38394820231000,10:39:54.820,21.1600,2
38394820231000,10:39:54.820,21.1600,98
38396841461933,10:39:56.841,21.1500,100
38397059842181,10:39:57.059,21.1500,100
38397229876343,10:39:57.229,21.1500,21
38409880616750,10:40:09.880,21.1600,100
38906076554221,10:48:26.076,21.1600,100
38962719536848,10:49:22.719,21.1700,100
39210803312534,10:53:30.803,21.1800,100
39224870840908,10:53:44.870,21.1700,100
39242922646773,10:54:02.922,21.1600,100
39242922646773,10:54:02.922,21.1600,100
39242922646773,10:54:02.922,21.1600,100
39242922646773,10:54:02.922,21.1600,100
39242922646773,10:54:02.922,21.1600,200
39242923997626,10:54:02.923,21.1600,100
39242953329253,10:54:02.953,21.1500,100
39744177543567,11:02:24.177,21.1700,100
39744177543567,11:02:24.177,21.1700,100
40181767003123,11:09:41.767,21.1600,100
40181767003123,11:09:41.767,21.1600,100
40181767003123,11:09:41.767,21.1600,100
40181767566583,11:09:41.767,21.1600,100
40333130108033,11:12:13.130,21.1600,100
40454077692681,11:14:14.077,21.1300,200
40454077692681,11:14:14.077,21.1300,100
40454077732687,11:14:14.077,21.1300,37
40454089894946,11:14:14.089,21.1300,63
40454089894946,11:14:14.089,21.1300,37
40454090578368,11:14:14.090,21.1300,63
41278922099235,11:27:58.922,21.1000,2
41278922099235,11:27:58.922,21.1000,100
41278922099235,11:27:58.922,21.1000,100
41278922099235,11:27:58.922,21.1000,100
41278922099235,11:27:58.922,21.1000,98
41278925721253,11:27:58.925,21.1200,100
41279050305123,11:27:59.050,21.1200,15
41279050305123,11:27:59.050,21.1400,85
41760460297927,11:36:00.460,21.1500,1
41760460422493,11:36:00.460,21.1500,53
41922254846560,11:38:42.254,21.1700,80
42703555052197,11:51:43.555,21.1900,66
42703555052197,11:51:43.555,21.1900,34
43145556333301,11:59:05.556,21.2100,100
43145556333301,11:59:05.556,21.2100,100
43147585376317,11:59:07.585,21.2100,100
43147585376317,11:59:07.585,21.2100,100
43147585376317,11:59:07.585,21.2100,100
43162932142168,11:59:22.932,21.2300,98
43162932178274,11:59:22.932,21.2300,2
43172604606008,11:59:32.604,21.2200,100
43178420327577,11:59:38.420,21.2200,100
43178420327577,11:59:38.420,21.2200,100
43178420327577,11:59:38.420,21.2200,100
43178420327577,11:59:38.420,21.2200,100
43178420495316,11:59:38.420,21.2200,100
43178421486009,11:59:38.421,21.2100,200
43552199534542,12:05:52.199,21.2400,1
43862148102287,12:11:02.148,21.2500,100
43862148102287,12:11:02.148,21.2500,2
43862148102287,12:11:02.148,21.2500,98
43862148143805,12:11:02.148,21.2500,2
43862148143805,12:11:02.148,21.2500,10
43865422680330,12:11:05.422,21.2600,100
43865422680330,12:11:05.422,21.2600,100
43984263163977,12:13:04.263,21.2600,100
44101765032787,12:15:01.765,21.2550,338
44112725732405,12:15:12.725,21.2550,100
44112725732405,12:15:12.725,21.2400,200
44112725732405,12:15:12.725,21.2400,100
44112725732405,12:15:12.725,21.2400,200
44112725827200,12:15:12.725,21.2400,100
44112725827200,12:15:12.725,21.2400,100
44112727306062,12:15:12.727,21.2300,100
44116753621813,12:15:16.753,21.2200,100
44121048623400,12:15:21.048,21.2600,10
44121048623400,12:15:21.048,21.2600,39
45100245556550,12:31:40.245,21.2500,100
45100246005997,12:31:40.246,21.2500,100
45100246005997,12:31:40.246,21.2500,97
45100246215403,12:31:40.246,21.2500,3
45100246215403,12:31:40.246,21.2500,7
45100246302602,12:31:40.246,21.2500,7
45100246356485,12:31:40.246,21.2500,4
45100246412751,12:31:40.246,21.2500,3
45100246465470,12:31:40.246,21.2500,2
45100246520754,12:31:40.246,21.2500,1
45100246595129,12:31:40.246,21.2500,1
45100246651982,12:31:40.246,21.2500,1
45136243825714,12:32:16.243,21.2500,74
45136245153339,12:32:16.245,21.2500,5
45254582862714,12:34:14.582,21.2600,100
45323250179806,12:35:23.250,21.2400,100
45323250179806,12:35:23.250,21.2400,100
45323250179806,12:35:23.250,21.2400,100
45323250179806,12:35:23.250,21.2400,200
45323250337294,12:35:23.250,21.2400,100
45323254142900,12:35:23.254,21.2400,1
45337369090780,12:35:37.369,21.2400,100
45337369090780,12:35:37.369,21.2300,100
45353399225108,12:35:53.399,21.2200,100
45353699631613,12:35:53.699,21.2200,1
45363467302318,12:36:03.467,21.2200,4
45385838842320,12:36:25.838,21.2100,13
45715486947369,12:41:55.486,21.2100,14
45855405981085,12:44:15.405,21.2300,100
45887860160747,12:44:47.860,21.2200,100
45887946394180,12:44:47.946,21.2100,11
45889398978488,12:44:49.398,21.2100,162
45889398978488,12:44:49.398,21.2100,38
45889399056182,12:44:49.399,21.2100,62
45889399056182,12:44:49.399,21.2100,100
45889399056182,12:44:49.399,21.2100,77
45889758616161,12:44:49.758,21.2100,23
45889758616161,12:44:49.758,21.2100,77
45900675656914,12:45:00.675,21.2100,100
45900675656914,12:45:00.675,21.2100,100
45900675656914,12:45:00.675,21.2100,100
45906132964937,12:45:06.132,21.2000,100
45920999561189,12:45:20.999,21.1900,100
45939688178877,12:45:39.688,21.1800,100
45939689268997,12:45:39.689,21.1900,100
45939689268997,12:45:39.689,21.1900,100
45939689313228,12:45:39.689,21.1900,16
45939689313228,12:45:39.689,21.1900,100
45939690227271,12:45:39.690,21.2000,100
46164798534259,12:49:24.798,21.1800,100
46430734069929,12:53:50.734,21.1800,64
46430734089618,12:53:50.734,21.1800,36
46430734089618,12:53:50.734,21.1800,66
46430734129889,12:53:50.734,21.1800,34
46430734184293,12:53:50.734,21.1800,100
46430734835522,12:53:50.734,21.1700,100
46438361128592,12:53:58.361,21.1600,200
46446306245771,12:54:06.306,21.1500,200
46510313591583,12:55:10.313,21.1500,100
46530455294537,12:55:30.455,21.1600,100
46530455294537,12:55:30.455,21.1600,10
46531449995541,12:55:31.449,21.1500,90
46531450045930,12:55:31.450,21.1500,10
46553514010584,12:55:53.514,21.1500,100
46615471128470,12:56:55.471,21.1400,100
46615471236439,12:56:55.471,21.1400,100
46645520215300,12:57:25.520,21.1200,100
46660555621470,12:57:40.555,21.1000,50
46660555621470,12:57:40.555,21.1000,150
46705617142368,12:58:25.617,21.0900,100
46705617180155,12:58:25.617,21.0900,96
46705617203781,12:58:25.617,21.0900,4
46720651864233,12:58:40.651,21.0800,200
46720652001503,12:58:40.652,21.0800,100
46810790665594,13:00:10.790,21.0700,22
46810790665594,13:00:10.790,21.0700,100
46810790665594,13:00:10.790,21.0700,78
46825822605210,13:00:25.822,21.0700,22
46840837449683,13:00:40.837,21.0600,100
46855867427912,13:00:55.867,21.0600,100
46860255134759,13:01:00.255,21.0700,100
46860255134759,13:01:00.255,21.0700,100
46870881760161,13:01:10.881,21.0600,100
46870883529136,13:01:10.883,21.0600,100
46885840011175,13:01:25.840,21.0700,10
46885840011175,13:01:25.840,21.0700,83
46885840021907,13:01:25.840,21.0700,14
46885840023131,13:01:25.840,21.0700,3
46885840023131,13:01:25.840,21.0700,100
46885841468064,13:01:25.841,21.0700,100
46885841502137,13:01:25.841,21.0700,100
47006312796621,13:03:26.312,21.0600,100
47021330777864,13:03:41.330,21.0600,100
47021330816513,13:03:41.330,21.0600,191
47021330840100,13:03:41.330,21.0600,3
47021334531899,13:03:41.334,21.0500,100
47095454500147,13:04:55.454,21.0400,100
47103464574024,13:05:03.464,21.0400,22
47110487324510,13:05:10.487,21.0400,78
47110487324510,13:05:10.487,21.0400,22
47125507991800,13:05:25.507,21.0400,78
47152763358322,13:05:52.763,21.0200,100
47152763399467,13:05:52.763,21.0200,13
47167806272609,13:06:07.806,21.0200,100
47207782882524,13:06:47.782,21.0100,100
47207898229455,13:06:47.898,21.0100,100
47237609201107,13:07:17.609,21.0100,100
47237609201107,13:07:17.609,21.0100,100
47321115663666,13:08:41.115,21.0000,1
47321115663666,13:08:41.115,21.0000,40
47383241824187,13:09:43.241,21.0000,60
47383241824187,13:09:43.241,21.0000,100
47398218362270,13:09:58.218,21.0000,31
47486469526510,13:11:26.469,21.0000,69
47486469526510,13:11:26.469,21.0000,131
47486469568284,13:11:26.469,21.0000,32
47486469568284,13:11:26.469,21.0000,50
47486469576911,13:11:26.469,21.0000,30
47486470419654,13:11:26.470,21.0000,120
47520503574864,13:12:00.503,21.0000,100
47520503574864,13:12:00.503,21.0000,100
47520510098769,13:12:00.510,21.0000,100
47528228825876,13:12:08.228,21.0000,100
47528228825876,13:12:08.228,21.0000,100
47530439823440,13:12:10.439,21.0100,2
47534733861301,13:12:14.733,21.0400,100
47566027933988,13:12:46.027,21.0500,100
48086439705950,13:21:26.439,21.0300,100
48086439705950,13:21:26.439,21.0300,100
48086439705950,13:21:26.439,21.0300,17
48086441175684,13:21:26.441,21.0400,100
48086482600422,13:21:26.482,21.0400,100
48086482600422,13:21:26.482,21.0400,100
48096193361111,13:21:36.193,21.0400,100
48131214019655,13:22:11.214,21.0400,100
48131214019655,13:22:11.214,21.0400,100
48131732991112,13:22:11.732,21.0600,100
48131732991112,13:22:11.732,21.0600,100
48132421580585,13:22:12.421,21.0700,2
48132421647539,13:22:12.421,21.0700,2
48132462733595,13:22:12.462,21.0600,100
48138145589109,13:22:18.145,21.0500,100
48138145589109,13:22:18.145,21.0500,100
48149862910636,13:22:29.862,21.0500,100
48149863314033,13:22:29.863,21.0400,100
48149900222759,13:22:29.900,21.0400,100
48158580262414,13:22:38.580,21.0400,100
48365477112586,13:26:05.477,21.0300,100
48365477112586,13:26:05.477,21.0300,100
48365478574212,13:26:05.478,21.0300,100
48402056854867,13:26:42.056,21.0300,100
48449861251734,13:27:29.861,21.0200,100
48449894970058,13:27:29.894,21.0300,100
48449894970058,13:27:29.894,21.0300,100
48449895894525,13:27:29.895,21.0300,10
48449895894525,13:27:29.895,21.0300,190
49064115233112,13:37:44.115,21.0400,100
49064115343252,13:37:44.115,21.0400,1
49064115343252,13:37:44.115,21.0400,10
49064115343252,13:37:44.115,21.0400,3
49064115343252,13:37:44.115,21.0400,55
49065563947898,13:37:45.563,21.0200,64
49446050376235,13:44:06.050,21.0400,45
49446050376235,13:44:06.050,21.0400,100
49446050376235,13:44:06.050,21.0500,100
49446050376235,13:44:06.050,21.0500,3
49446050376235,13:44:06.050,21.0500,10
49446050376235,13:44:06.050,21.0500,42
49574988787447,13:46:14.988,21.0500,100
49801062900144,13:50:01.062,21.0300,100
49801062900144,13:50:01.062,21.0300,100
49802967170663,13:50:02.967,21.0300,100
49802967170663,13:50:02.967,21.0300,100
49814239979764,13:50:14.239,21.0300,100
49814239979764,13:50:14.239,21.0200,100
49823287000339,13:50:23.287,21.0200,100
49937923139294,13:52:17.923,21.0400,100
49937923410319,13:52:17.923,21.0400,10
50292279068323,13:58:12.279,21.0600,100
50292279250471,13:58:12.279,21.0600,4
50292279250471,13:58:12.279,21.0600,74
50292279262768,13:58:12.279,21.0600,26
50292279262768,13:58:12.279,21.0600,10
50293843354786,13:58:13.843,21.0700,96
50402715782681,14:00:02.715,21.0700,100
50413731374062,14:00:13.731,21.0800,10
50413731374062,14:00:13.731,21.0800,48
50413731374062,14:00:13.731,21.0800,42
50413731374062,14:00:13.731,21.0800,100
50415011923593,14:00:15.011,21.0900,41
50415011923593,14:00:15.011,21.0900,59
50415011963931,14:00:15.011,21.0900,100
50464185673693,14:01:04.185,21.1000,12
50464185723670,14:01:04.185,21.1000,88
50464185723670,14:01:04.185,21.1000,6
50464185762630,14:01:04.185,21.1000,41
50500089724048,14:01:40.089,21.1200,100
50575491893841,14:02:55.491,21.1200,100
50575491893841,14:02:55.491,21.1200,100
50575491893841,14:02:55.491,21.1200,10
50611976394144,14:03:31.976,21.1300,94
50611976394144,14:03:31.976,21.1300,4
50874565891883,14:07:54.565,21.1800,100
51029019407594,14:10:29.019,21.1700,100
51253669717999,14:14:13.669,21.1700,31
51253669717999,14:14:13.669,21.1800,169
51556375389071,14:19:16.375,21.1600,200
51556375389071,14:19:16.375,21.1600,100
51556375389071,14:19:16.375,21.1600,100
51556566340160,14:19:16.566,21.1800,100
51556666225435,14:19:16.666,21.1800,100
51582293841866,14:19:42.293,21.1800,200
51582293841866,14:19:42.293,21.1800,400
51582481343648,14:19:42.481,21.2000,100
51590945301558,14:19:50.945,21.1900,100
51590945348768,14:19:50.945,21.1900,2
51608515029162,14:20:08.515,21.1800,6
51608516512136,14:20:08.516,21.1900,100
51608516512136,14:20:08.516,21.1800,80
51608516512136,14:20:08.516,21.1800,100
51608516556536,14:20:08.516,21.1800,100
51608516629155,14:20:08.516,21.1800,75
51608516658036,14:20:08.516,21.1800,25
51608516658036,14:20:08.516,21.1800,75
51608516854119,14:20:08.516,21.1800,100
51608516878493,14:20:08.516,21.1800,100
51608516921173,14:20:08.516,21.1800,25
51608517542226,14:20:08.517,21.1700,100
51608518097466,14:20:08.518,21.1700,30
51959592074828,14:25:59.592,21.1700,7
52025096141363,14:27:05.096,21.1600,100
52025096141363,14:27:05.096,21.1600,100
52025096141363,14:27:05.096,21.1600,100
52025096561899,14:27:05.096,21.1600,100
52025096635975,14:27:05.096,21.1600,100
52025096721888,14:27:05.096,21.1600,100
52025098551856,14:27:05.098,21.1500,42
52026839942461,14:27:06.839,21.1500,100
52105129163465,14:28:25.129,21.1500,58
52105129163465,14:28:25.129,21.1400,42
52237061367101,14:30:37.061,21.1500,10
52616122450469,14:36:56.122,21.1400,100
52616123067153,14:36:56.123,21.1400,100
52616127916317,14:36:56.127,21.1400,20
52626801855339,14:37:06.801,21.1500,3
52626801855339,14:37:06.801,21.1500,97
52626842127669,14:37:06.842,21.1500,3
52626842127669,14:37:06.842,21.1600,97
52633497747563,14:37:13.497,21.1400,10
52664969371750,14:37:44.969,21.1600,3
53090243475091,14:44:50.243,21.1600,12
53090244136714,14:44:50.244,21.1700,100
53090262004715,14:44:50.262,21.1700,6
53109015562812,14:45:09.015,21.1600,100
53109015682205,14:45:09.015,21.1600,100
53109021016312,14:45:09.021,21.1500,30
53139018590708,14:45:39.018,21.1300,44
53216219689391,14:46:56.219,21.1600,100
53216219977581,14:46:56.219,21.1600,100
53216219977581,14:46:56.219,21.1600,16
53489502642733,14:51:29.502,21.1300,56
53489502642733,14:51:29.502,21.1300,100
53489502642733,14:51:29.502,21.1300,100
53489502679638,14:51:29.502,21.1300,100
53489503390529,14:51:29.503,21.1200,100
53517108961449,14:51:57.108,21.1400,100
53517109021589,14:51:57.109,21.1400,10
53517109021589,14:51:57.109,21.1400,90
53517109037555,14:51:57.109,21.1400,10
53517109037555,14:51:57.109,21.1400,90
53517109061780,14:51:57.109,21.1400,10
53543215069159,14:52:23.215,21.1500,32
53555488006505,14:52:35.488,21.1500,100
53596879934638,14:53:16.879,21.1600,31
53596879934638,14:53:16.879,21.1600,169
53596880836220,14:53:16.880,21.1700,31
53596880836220,14:53:16.880,21.1700,69
53596880836220,14:53:16.880,21.1700,100
53632178369280,14:53:52.178,21.1800,2
53632178369280,14:53:52.178,21.1800,29
53632178369280,14:53:52.178,21.1900,69
53767639850869,14:56:07.639,21.1900,100
53977957467528,14:59:37.957,21.1900,100
53977957467528,14:59:37.957,21.1900,100
54053638221647,15:00:53.638,21.1800,100
54054638208200,15:00:54.638,21.1800,55
54054675707826,15:00:54.675,21.1900,100
54120617770693,15:02:00.617,21.1800,41
54120618440136,15:02:00.618,21.1800,4
54185729776861,15:03:05.729,21.1700,100
54269694902005,15:04:29.694,21.1600,100
54269694902005,15:04:29.694,21.1600,100
54269697159769,15:04:29.697,21.1600,49
54276910225769,15:04:36.910,21.1600,43
54306988999391,15:05:06.988,21.1600,4
54341509342701,15:05:41.509,21.1600,2
54341509342701,15:05:41.509,21.1600,98
54349150114295,15:05:49.150,21.1600,2
54349150114295,15:05:49.150,21.1600,98
54359198035838,15:05:59.198,21.1600,2
54359199902141,15:05:59.199,21.1500,47
54382703511637,15:06:22.703,21.1500,53
54382703511637,15:06:22.703,21.1500,47
54393515492236,15:06:33.515,21.1500,53
54393515492236,15:06:33.515,21.1500,47
54530220313274,15:08:50.220,21.1600,18
54530220313274,15:08:50.220,21.1600,100
54530220313274,15:08:50.220,21.1600,16
54530220367118,15:08:50.220,21.1700,39
54530220379718,15:08:50.220,21.1700,38
54530220854873,15:08:50.220,21.1700,23
54530220854873,15:08:50.220,21.1700,77
54530220888957,15:08:50.220,21.1700,23
54533327458554,15:08:53.327,21.1700,45
54646132139536,15:10:46.132,21.1700,2
54646132158587,15:10:46.132,21.1700,98
54646132158587,15:10:46.132,21.1700,100
54646132158587,15:10:46.132,21.1700,100
54646132158587,15:10:46.132,21.1700,100
54660087335448,15:11:00.087,21.1800,200
54660087335448,15:11:00.087,21.1800,100
54660087335448,15:11:00.087,21.1800,100
54660087335448,15:11:00.087,21.1800,100
54660089267887,15:11:00.089,21.1900,200
54660089267887,15:11:00.089,21.1900,100
54660090960422,15:11:00.090,21.2000,100
54660090960422,15:11:00.090,21.2000,100
54664635810054,15:11:04.635,21.2100,100
54664635810054,15:11:04.635,21.2000,50
54664635810054,15:11:04.635,21.2000,50
54664635906035,15:11:04.635,21.2000,50
54664636036699,15:11:04.636,21.2000,100
54664636037263,15:11:04.636,21.2000,100
54670577396537,15:11:10.577,21.2100,100
54679698472520,15:11:19.698,21.2100,100
54691932955509,15:11:31.932,21.2200,1000
54691932955509,15:11:31.932,21.2200,100
54691932955509,15:11:31.932,21.2200,108
54692028256914,15:11:32.028,21.2400,100
54806924867470,15:13:26.924,21.2300,100
54948005720445,15:15:48.005,21.2400,10
54948005720445,15:15:48.005,21.2400,100
54948005720445,15:15:48.005,21.2400,13
54948185137177,15:15:48.185,21.2800,100
54982347723894,15:16:22.347,21.2700,100
54982390154133,15:16:22.390,21.2700,100
54984033433019,15:16:24.033,21.2800,400
54984035702905,15:16:24.035,21.2900,200
54984037991549,15:16:24.037,21.3000,100
54991220365809,15:16:31.220,21.3000,100
54991220365809,15:16:31.220,21.3000,100
54991220365809,15:16:31.220,21.3000,300
55080054427431,15:18:00.054,21.3100,100
55137249649834,15:18:57.249,21.3100,17
55137249649834,15:18:57.249,21.3100,100
55138816861917,15:18:58.816,21.3100,100
55138816899016,15:18:58.816,21.3100,34
55185262635288,15:19:45.262,21.3100,100
55259401104938,15:20:59.401,21.3000,100
55316699697617,15:21:56.699,21.3000,77
55316699697617,15:21:56.699,21.3000,100
55316699697617,15:21:56.699,21.3000,100
55316699697617,15:21:56.699,21.3000,100
55316699697617,15:21:56.699,21.3000,100
55316699697617,15:21:56.699,21.3000,23
55316699762577,15:21:56.699,21.3000,77
55316699762577,15:21:56.699,21.3000,23
55316699779887,15:21:56.699,21.3000,77
55316699790905,15:21:56.699,21.3000,23
55316699790905,15:21:56.699,21.3000,54
55316700210654,15:21:56.700,21.3000,100
55316700260690,15:21:56.700,21.3000,100
55319584873081,15:21:59.584,21.2900,200
55391882596206,15:23:11.882,21.2800,200
55391882596206,15:23:11.882,21.2800,100
55391882596206,15:23:11.882,21.2800,100
55391883008377,15:23:11.883,21.2800,100
55391883116093,15:23:11.883,21.2800,100
55403346383637,15:23:23.346,21.2800,200
55403346383637,15:23:23.346,21.2800,100
55403346383637,15:23:23.346,21.2800,100
55413999845037,15:23:33.999,21.2900,10
55413999845037,15:23:33.999,21.2900,100
55416573063568,15:23:36.573,21.2900,100
55417310124873,15:23:37.310,21.3000,100
55418085659675,15:23:38.085,21.3000,100
55444286541980,15:24:04.286,21.3000,200
55444286541980,15:24:04.286,21.3000,200
55444286541980,15:24:04.286,21.3000,100
55455131926762,15:24:15.131,21.3000,100
55465578735839,15:24:25.578,21.3100,16
55465578735839,15:24:25.578,21.3100,184
55465578735839,15:24:25.578,21.3100,100
55471677650238,15:24:31.677,21.3100,100
55531306164680,15:25:31.306,21.3000,100
55531309014917,15:25:31.309,21.3000,13
55531309500746,15:25:31.309,21.3000,87
55531309500746,15:25:31.309,21.3000,100
55662576652027,15:27:42.576,21.3100,90
55662576812846,15:27:42.576,21.3100,10
55662576812846,15:27:42.576,21.3100,90
55662576965573,15:27:42.576,21.3100,10
55662576965573,15:27:42.576,21.3100,90
55662576973441,15:27:42.576,21.3100,10
55665421187044,15:27:45.421,21.3100,100
55665421765771,15:27:45.421,21.3100,100
55665423959300,15:27:45.423,21.3100,39
55665522308448,15:27:45.522,21.3100,100
55686117856675,15:28:06.117,21.3100,39
55713385125321,15:28:33.385,21.3100,100
55713387064256,15:28:33.387,21.3200,1000
55713387064256,15:28:33.387,21.3200,100
55713387064256,15:28:33.387,21.3200,100
55713387064256,15:28:33.387,21.3200,31
55713387064256,15:28:33.387,21.3200,219
55713387110756,15:28:33.387,21.3200,81
55713387110756,15:28:33.387,21.3200,10
55713387133677,15:28:33.387,21.3200,33
55713387355008,15:28:33.387,21.3200,57
55713501285910,15:28:33.501,21.3300,100
55714639113403,15:28:34.639,21.3300,100
55714639113403,15:28:34.639,21.3400,36
55725506010661,15:28:45.506,21.3400,100
55801353702938,15:30:01.353,21.3200,100
55801353767281,15:30:01.353,21.3200,100
55801356977751,15:30:01.356,21.3200,90
55888577344843,15:31:28.577,21.3300,100
55888577380200,15:31:28.577,21.3300,10
55888762201520,15:31:28.762,21.3300,100
55891576738404,15:31:31.576,21.3400,100
55891576738404,15:31:31.576,21.3500,26
55891576738404,15:31:31.576,21.3500,74
56039598374465,15:33:59.598,21.3300,165
56039598374465,15:33:59.598,21.3300,135
56039598412926,15:33:59.598,21.3300,65
56039598412926,15:33:59.598,21.3300,45
56039598465240,15:33:59.598,21.3300,55
56039598465240,15:33:59.598,21.3300,45
56039598490501,15:33:59.598,21.3300,55
56039602938559,15:33:59.602,21.3200,100
56039606555921,15:33:59.606,21.3200,61
56039606943475,15:33:59.606,21.3200,39
56039606943475,15:33:59.606,21.3200,22
56039607353798,15:33:59.607,21.3200,78
56085688833775,15:34:45.688,21.3200,3
56085688833775,15:34:45.688,21.3200,97
56086684950314,15:34:46.684,21.3200,84
56100979033193,15:35:00.979,21.3200,19
56100979033193,15:35:00.979,21.3200,41
56100979045322,15:35:00.979,21.3200,29
56100979339743,15:35:00.979,21.3200,30
56106704670012,15:35:06.704,21.3200,10
56176576988494,15:36:16.576,21.3400,184
56176577315303,15:36:16.577,21.3400,100
56176723481023,15:36:16.723,21.3600,100
56186576458349,15:36:26.576,21.3500,100
56218877641758,15:36:58.877,21.3500,100
56251678063038,15:37:31.678,21.3400,100
56251678063038,15:37:31.678,21.3400,100
56251679641013,15:37:31.679,21.3300,100
56323500339562,15:38:43.500,21.3400,100
56323500377265,15:38:43.500,21.3400,10
56323509210183,15:38:43.509,21.3500,19
56323805395383,15:38:43.805,21.3500,1
56324225124833,15:38:44.225,21.3500,1
56325778064542,15:38:45.778,21.3500,1
56340634787912,15:39:00.634,21.3400,100
56340634787912,15:39:00.634,21.3400,100
56352253639711,15:39:12.253,21.3300,100
56353582626998,15:39:13.582,21.3300,100
56366089216907,15:39:26.089,21.3300,100
56443576618129,15:40:43.576,21.3400,100
56443576827877,15:40:43.576,21.3400,10
56448579901824,15:40:48.579,21.3500,100
56448669308182,15:40:48.669,21.3600,77
56448669308182,15:40:48.669,21.3600,23
56457179024958,15:40:57.179,21.3500,100
56501990409753,15:41:41.990,21.3400,1
56501990512913,15:41:41.990,21.3400,99
56501990512913,15:41:41.990,21.3400,200
56501990512913,15:41:41.990,21.3400,100
56501990648408,15:41:41.990,21.3400,100
56501991186123,15:41:41.991,21.3400,13
56501991188987,15:41:41.991,21.3400,30
56501991198259,15:41:41.991,21.3400,31
56501991201719,15:41:41.991,21.3400,26
56514082513019,15:41:54.082,21.3300,100
56514082513019,15:41:54.082,21.3300,100
56647837228338,15:44:07.837,21.3500,100
56647837280756,15:44:07.837,21.3500,100
56647837314287,15:44:07.837,21.3500,18
56647837315532,15:44:07.837,21.3500,7
56647837862776,15:44:07.837,21.3600,100
56657647437699,15:44:17.647,21.3700,100
56700614305383,15:45:00.614,21.3700,200
56700614305383,15:45:00.614,21.3700,100
56700614715048,15:45:00.614,21.3700,100
56700616363420,15:45:00.616,21.3600,100
56700616363420,15:45:00.616,21.3600,100
56700921081406,15:45:00.921,21.3600,100
56701578714161,15:45:01.578,21.3600,100
56701578714161,15:45:01.578,21.3600,100
56706576892120,15:45:06.576,21.3800,50
56706576892120,15:45:06.576,21.3800,50
56710578440862,15:45:10.578,21.3800,50
56710578440862,15:45:10.578,21.3900,50
56714579088462,15:45:14.579,21.3900,200
56717829009435,15:45:17.829,21.4000,200
56717829009435,15:45:17.829,21.4000,100
56717829335641,15:45:17.829,21.4000,100
56717830175689,15:45:17.830,21.4100,7
56717830175689,15:45:17.830,21.4100,92
56717830183463,15:45:17.830,21.4100,1
56717838993828,15:45:17.838,21.4100,100
56737501041735,15:45:37.501,21.3800,100
56780710657285,15:46:20.710,21.3700,100
56782186483193,15:46:22.186,21.3700,100
56782186483193,15:46:22.186,21.3700,100
56799577412689,15:46:39.577,21.3700,100
56799577412689,15:46:39.577,21.3700,100
56799577412689,15:46:39.577,21.3700,100
56802577437194,15:46:42.577,21.3800,100
56802577437194,15:46:42.577,21.3800,100
56877578749015,15:47:57.578,21.3800,100
56902118459947,15:48:22.118,21.3700,200
56902118459947,15:48:22.118,21.3700,100
56902118459947,15:48:22.118,21.3700,100
56902118599101,15:48:22.118,21.3700,200
56902118959698,15:48:22.118,21.3700,20
56902119035674,15:48:22.119,21.3700,180
56902119195835,15:48:22.119,21.3700,100
56920689388932,15:48:40.689,21.3600,100
56932171393286,15:48:52.171,21.3700,100
56932171430102,15:48:52.171,21.3700,8
56932171430102,15:48:52.171,21.3700,52
57025580160213,15:50:25.580,21.3700,29
57025580168373,15:50:25.580,21.3700,19
57025580168373,15:50:25.580,21.3700,81
57025580174859,15:50:25.580,21.3700,19
57029576170704,15:50:29.576,21.3700,100
57043545213891,15:50:43.545,21.3400,100
57043545213891,15:50:43.545,21.3400,100
57056301747886,15:50:56.301,21.3400,89
57056301761739,15:50:56.301,21.3400,11
57056301761739,15:50:56.301,21.3400,48
57056301777382,15:50:56.301,21.3400,52
57248579216219,15:54:08.579,21.3700,100
57248579382572,15:54:08.579,21.3700,7
57248579382572,15:54:08.579,21.3700,93
57248579468710,15:54:08.579,21.3700,7
57248579468710,15:54:08.579,21.3700,32
57248579825018,15:54:08.579,21.3700,52
57248579868499,15:54:08.579,21.3700,29
57248579876639,15:54:08.579,21.3700,39
57251578515812,15:54:11.578,21.3800,100
57251578515812,15:54:11.578,21.3800,100
57257837097653,15:54:17.837,21.3800,60
57257837170666,15:54:17.837,21.3800,40
57257837170666,15:54:17.837,21.3800,79
57257837180657,15:54:17.837,21.3800,21
57271842848869,15:54:31.842,21.3900,100
57277501862977,15:54:37.501,21.4000,100
57300006569751,15:55:00.006,21.3700,100
57300006569751,15:55:00.006,21.3700,10
57301975265771,15:55:01.975,21.3800,100
57352035301481,15:55:52.035,21.3900,400
57352035343378,15:55:52.035,21.3900,112
57392608191629,15:56:32.608,21.3800,100
57392608191629,15:56:32.608,21.3800,100
57392608191629,15:56:32.608,21.3800,100
57392608191629,15:56:32.608,21.3800,200
57392608191629,15:56:32.608,21.3800,100
57392608191629,15:56:32.608,21.3800,265
57392615991950,15:56:32.615,21.3700,100
57392615991950,15:56:32.615,21.3700,364
57392615991950,15:56:32.615,21.3700,100
57392738571877,15:56:32.738,21.3700,100
57393579757720,15:56:33.579,21.3800,100
57393579757720,15:56:33.579,21.3900,100
57393579757720,15:56:33.579,21.3900,100
57394578774588,15:56:34.578,21.3800,100
57394581937255,15:56:34.581,21.3900,100
57394581937255,15:56:34.581,21.3900,91
57394581937255,15:56:34.581,21.3900,100
57399808654683,15:56:39.808,21.3900,8
57399808726844,15:56:39.808,21.3900,92
57399808726844,15:56:39.808,21.3900,200
57399808726844,15:56:39.808,21.3900,100
57404578301708,15:56:44.578,21.3900,100
57404578301708,15:56:44.578,21.3900,199
57404578301708,15:56:44.578,21.3900,201
57409578257940,15:56:49.578,21.3900,100
57409578257940,15:56:49.578,21.3900,100
57409578257940,15:56:49.578,21.3900,29
57409578257940,15:56:49.578,21.3900,71
57414577133057,15:56:54.577,21.3900,100
57437601533342,15:57:17.601,21.3800,100
57456015984475,15:57:36.015,21.3900,5
57456015984475,15:57:36.015,21.3900,95
57457501600475,15:57:37.501,21.3900,67
57457501600475,15:57:37.501,21.3900,33
57466784390045,15:57:46.784,21.3900,67
57466784390045,15:57:46.784,21.3900,30
57466784390045,15:57:46.784,21.3900,3
57514897955923,15:58:34.897,21.3800,5
57543380760444,15:59:03.380,21.3850,9
57543380760444,15:59:03.380,21.3850,10
57543380760444,15:59:03.380,21.3850,20
57543380760444,15:59:03.380,21.3900,2
57558743138391,15:59:18.743,21.3900,20
57558743138391,15:59:18.743,21.3900,15
57558743138391,15:59:18.743,21.3900,175
57558743138391,15:59:18.743,21.3900,100
57558743138391,15:59:18.743,21.3900,10
57558743138391,15:59:18.743,21.3900,80
57559626621192,15:59:19.626,21.3900,34
57559626621192,15:59:19.626,21.3900,66
57565264985852,15:59:25.264,21.3900,44
57565277372668,15:59:25.277,21.3900,92
57566554732166,15:59:26.554,21.3900,100
57566654504502,15:59:26.654,21.3900,67
57567022055600,15:59:27.022,21.3900,31
57567022055600,15:59:27.022,21.3900,69
57567081141816,15:59:27.081,21.3900,100
57567578725559,15:59:27.578,21.3900,62
57567578725559,15:59:27.578,21.3900,31
57567578725559,15:59:27.578,21.4000,100
57567578725559,15:59:27.578,21.4000,100
57567578725559,15:59:27.578,21.4000,7
57570283575626,15:59:30.283,21.4000,100
57571577210483,15:59:31.577,21.4000,300
57575185184770,15:59:35.185,21.4000,92
57576577116521,15:59:36.577,21.4000,200
57578671308156,15:59:38.671,21.4000,100
57580600845554,15:59:40.600,21.4000,101
57580600845554,15:59:40.600,21.4000,99
57582457424075,15:59:42.457,21.4000,100
57582463292531,15:59:42.463,21.4000,56
57595154031182,15:59:55.154,21.3900,172
57595177265876,15:59:55.177,21.3900,28
57595177265876,15:59:55.177,21.3900,71
57595744718771,15:59:55.744,21.4000,71
57595998505530,15:59:55.998,21.4000,4
57597703271772,15:59:57.703,21.3900,63
57597917048808,15:59:57.917,21.4000,534
57598576247963,15:59:58.576,21.4000,100
57598579781186,15:59:58.579,21.4000,36
57598579781186,15:59:58.579,21.4000,64
57600373526207,16:00:00.373,21.3900,332
57600373526207,16:00:00.373,21.3900,26887
