timestamp,time,price,volume
33556428149592,09:19:16.428,30.0000,1
34200040629380,09:30:00.040,0.0000,0
34255004643014,09:30:55.004,29.9900,100
34255004649474,09:30:55.004,29.9900,100
34265002743276,09:31:05.002,29.9700,1
34265002743276,09:31:05.002,29.9700,834
34265002840222,09:31:05.002,29.9700,834
34265005263083,09:31:05.005,29.9900,100
34265005263083,09:31:05.005,29.9900,100
34265005263083,09:31:05.005,29.9900,100
34265006353426,09:31:05.006,29.9900,100
34265006353426,09:31:05.006,29.9900,200
34265006353426,09:31:05.006,29.9900,100
34265006378781,09:31:05.006,29.9900,9
34265706945219,09:31:05.706,29.9900,91
34265708371150,09:31:05.708,29.9800,100
34265708371150,09:31:05.708,29.9800,100
34265708734647,09:31:05.708,29.9900,100
34265847779350,09:31:05.847,29.9900,600
34266006065820,09:31:06.006,29.9800,200
34266006065820,09:31:06.006,29.9800,100
34266006155574,09:31:06.006,29.9600,100
34266006155574,09:31:06.006,29.9600,100
34266006155574,09:31:06.006,29.9600,100
34266007149355,09:31:06.007,29.9700,200
34266007511129,09:31:06.007,29.9800,100
34266007939823,09:31:06.007,29.9900,200
34266008507090,09:31:06.008,30.0000,100
34266008507090,09:31:06.008,30.0000,100
34266008517621,09:31:06.008,30.0000,600
34266008903696,09:31:06.008,29.9900,100
34266008955116,09:31:06.008,29.9900,72
34266008996707,09:31:06.008,29.9900,28
34266008996707,09:31:06.008,29.9900,72
34266931126880,09:31:06.931,29.9800,100
34266933569426,09:31:06.933,29.9800,100
34267094656657,09:31:07.094,29.9600,100
34267094656657,09:31:07.094,29.9600,100
34273120280291,09:31:13.120,29.9900,100
34273128851671,09:31:13.128,30.0000,100
34273128877301,09:31:13.128,30.0000,15
34273156567234,09:31:13.156,30.0000,100
34273156567234,09:31:13.156,30.0000,200
34273157130168,09:31:13.157,29.9900,100
34273157155993,09:31:13.157,29.9900,100
34273157737279,09:31:13.157,29.9900,100
34273157806266,09:31:13.157,29.9800,100
34273159999919,09:31:13.159,29.9800,100
34273159999919,09:31:13.159,29.9800,100
34273159999919,09:31:13.159,29.9900,100
34273196507107,09:31:13.196,29.9900,100
34273196531557,09:31:13.196,29.9900,100
34273224979845,09:31:13.224,30.0000,100
34273225208290,09:31:13.225,29.9900,100
34273225235440,09:31:13.225,29.9900,20
34273225285849,09:31:13.225,29.9900,80
34273225285849,09:31:13.225,29.9900,100
34280027934440,09:31:20.027,29.9900,100
34280028008606,09:31:20.028,29.9800,100
34280028033339,09:31:20.028,29.9800,100
34280034394866,09:31:20.034,29.9700,100
34280038801321,09:31:20.038,29.9600,200
34280038801321,09:31:20.038,29.9600,100
34280171807992,09:31:20.171,29.9400,100
34280171807992,09:31:20.171,29.9400,100
34281160273698,09:31:21.160,29.9400,100
34281160338983,09:31:21.160,29.9400,200
34289277919217,09:31:29.277,29.9400,100
34289302918884,09:31:29.302,29.9500,100
34289303336226,09:31:29.303,29.9500,94
34289790122576,09:31:29.790,29.9500,100
34289790122576,09:31:29.790,29.9500,100
34289793661384,09:31:29.793,29.9500,100
34289793661384,09:31:29.793,29.9500,100
34293453431203,09:31:33.453,29.9400,100
34294890732278,09:31:34.890,29.9400,100
34295987930683,09:31:35.987,29.9300,200
34295987930683,09:31:35.987,29.9300,100
34295987930683,09:31:35.987,29.9300,200
34295987958578,09:31:35.987,29.9300,100
34295987958578,09:31:35.987,29.9300,100
34295988865628,09:31:35.988,29.9300,100
34301086515950,09:31:41.086,29.9300,100
34301086515950,09:31:41.086,29.9300,100
34301090701621,09:31:41.090,29.9200,100
34301097509669,09:31:41.097,29.9200,100
34301097509669,09:31:41.097,29.9200,100
34302090340473,09:31:42.090,29.9200,100
34302090340473,09:31:42.090,29.9200,100
34302098886542,09:31:42.098,29.9200,100
34302098938063,09:31:42.098,29.9200,100
34302098938063,09:31:42.098,29.9200,100
34302098938063,09:31:42.098,29.9200,200
34302184783324,09:31:42.184,29.9200,100
34302184869428,09:31:42.184,29.9200,100
34302184869428,09:31:42.184,29.9200,100
34302184869428,09:31:42.184,29.9200,100
34302187352564,09:31:42.187,29.9100,100
34302187379349,09:31:42.187,29.9100,100
34302306536464,09:31:42.306,29.9100,100
34302306536464,09:31:42.306,29.9100,100
34302306536464,09:31:42.306,29.9100,212
34302306589301,09:31:42.306,29.9100,88
34302351009732,09:31:42.351,29.9100,100
34302351009732,09:31:42.351,29.9100,100
34304083419974,09:31:44.083,29.9000,100
34307295612302,09:31:47.295,29.8800,100
34320904052973,09:32:00.904,29.8900,100
34320904997272,09:32:00.904,29.9000,100
34320950746070,09:32:00.950,29.9100,100
34321076640708,09:32:01.076,29.9200,300
34321076666396,09:32:01.076,29.9200,2600
34321076666396,09:32:01.076,29.9200,100
34321076666396,09:32:01.076,29.9200,100
34321077832583,09:32:01.077,29.9100,100
34325742224912,09:32:05.742,29.9100,100
34325742224912,09:32:05.742,29.9100,200
34326226461692,09:32:06.226,29.9200,900
34326226553614,09:32:06.226,29.9200,1647
34326226852481,09:32:06.226,29.9200,353
34326227546751,09:32:06.227,29.9100,100
34326227546751,09:32:06.227,29.9100,100
34330077914826,09:32:10.077,29.9100,100
34330152723059,09:32:10.152,29.9200,300
34330152723059,09:32:10.152,29.9200,100
34330153051596,09:32:10.153,29.9200,898
34330153051596,09:32:10.153,29.9200,100
34330166183869,09:32:10.166,29.9100,100
34330166183869,09:32:10.166,29.9100,200
34330544140041,09:32:10.544,29.9100,100
34330881112113,09:32:10.881,29.9100,100
34330881112113,09:32:10.881,29.9100,100
34330892744632,09:32:10.892,29.9100,100
34330892744632,09:32:10.892,29.9100,100
34330892744632,09:32:10.892,29.9100,100
34335087295678,09:32:15.087,29.9400,100
34335280650815,09:32:15.280,29.9400,100
34335280650815,09:32:15.280,29.9400,100
34335280650815,09:32:15.280,29.9400,100
34335280650815,09:32:15.280,29.9400,100
34335465553823,09:32:15.465,29.9200,100
34335466649256,09:32:15.466,29.9200,100
34335466649256,09:32:15.466,29.9200,100
34335601607201,09:32:15.601,29.9100,100
34335603856321,09:32:15.603,29.9100,100
34335605436882,09:32:15.605,29.9100,100
34337950254540,09:32:17.950,29.9100,6
34340003570053,09:32:20.003,29.9100,94
34340893684510,09:32:20.893,29.9100,100
34342787670338,09:32:22.787,29.9300,100
34342787670338,09:32:22.787,29.9300,100
34343240583097,09:32:23.240,29.9300,100
34343240583097,09:32:23.240,29.9300,100
34343246526994,09:32:23.246,29.9300,100
34343246526994,09:32:23.246,29.9300,100
34343246526994,09:32:23.246,29.9300,100
34343246526994,09:32:23.246,29.9300,100
34343246526994,09:32:23.246,29.9300,100
34343288129499,09:32:23.288,29.9400,100
34344599614662,09:32:24.599,29.9700,100
34344599673357,09:32:24.599,29.9700,100
34346876881249,09:32:26.876,29.9700,200
34346876881249,09:32:26.876,29.9700,100
34346877935934,09:32:26.877,29.9700,100
34346877935934,09:32:26.877,29.9700,100
34346886851292,09:32:26.886,29.9700,63
34346886877939,09:32:26.886,29.9700,37
34346886877939,09:32:26.886,29.9700,100
34347945125476,09:32:27.945,29.9600,100
34347945125476,09:32:27.945,29.9600,100
34347945125476,09:32:27.945,29.9600,100
34349497167601,09:32:29.497,29.9700,100
34349497450368,09:32:29.497,29.9800,100
34350160833393,09:32:30.160,29.9700,100
34350160833393,09:32:30.160,29.9700,100
34355220691529,09:32:35.220,29.9600,100
34355220691529,09:32:35.220,29.9600,100
34355222023854,09:32:35.222,29.9600,100
34355222023854,09:32:35.222,29.9600,100
34355222023854,09:32:35.222,29.9600,100
34355222023854,09:32:35.222,29.9600,100
34355222023854,09:32:35.222,29.9600,100
34355222023854,09:32:35.222,29.9600,100
34355222495433,09:32:35.222,29.9700,100
34355222495433,09:32:35.222,29.9700,100
34355222594901,09:32:35.222,29.9700,100
34355223112620,09:32:35.223,29.9700,100
34355223112620,09:32:35.223,29.9700,500
34355223112620,09:32:35.223,29.9700,100
34355241136731,09:32:35.241,29.9600,200
34355241136731,09:32:35.241,29.9600,100
34355241136731,09:32:35.241,29.9600,100
34356020779100,09:32:36.020,29.9500,100
34356020779100,09:32:36.020,29.9500,100
34357666952039,09:32:37.666,29.9400,100
34357666952039,09:32:37.666,29.9400,100
34359379607563,09:32:39.379,29.9500,100
34359379607563,09:32:39.379,29.9500,100
34365212285543,09:32:45.212,29.9900,100
34365212285543,09:32:45.212,29.9900,100
34365212285543,09:32:45.212,29.9900,100
34366186557815,09:32:46.186,29.9800,100
34366486929778,09:32:46.486,29.9700,60
34366487708519,09:32:46.487,29.9700,112
34371862310156,09:32:51.862,29.9900,100
34371862310156,09:32:51.862,29.9900,100
34372873951408,09:32:52.873,29.9700,100
34372873951408,09:32:52.873,29.9700,100
34374208088791,09:32:54.208,29.9600,100
34374208088791,09:32:54.208,29.9600,100
34374751167036,09:32:54.751,29.9700,100
34380771238359,09:33:00.771,29.9700,222
34380777875282,09:33:00.777,29.9700,1807
34380777875282,09:33:00.777,29.9700,100
34380777875282,09:33:00.777,29.9700,100
34380779098790,09:33:00.779,29.9700,100
34380779098790,09:33:00.779,29.9700,100
34380779098790,09:33:00.779,29.9700,100
34380779098790,09:33:00.779,29.9700,200
34380779098790,09:33:00.779,29.9700,300
34380779098790,09:33:00.779,29.9700,100
34380779098790,09:33:00.779,29.9700,100
34380779272774,09:33:00.779,29.9700,100
34380780396454,09:33:00.780,29.9700,100
34380780396454,09:33:00.780,29.9700,200
34381293730028,09:33:01.293,29.9700,100
34381293730028,09:33:01.293,29.9700,100
34381467525371,09:33:01.467,29.9600,8
34381471358934,09:33:01.471,29.9600,192
34381471358934,09:33:01.471,29.9600,100
34381471358934,09:33:01.471,29.9600,100
34381502931266,09:33:01.502,29.9500,1
34381502978526,09:33:01.502,29.9500,88
34381507230496,09:33:01.507,29.9500,200
34382648707640,09:33:02.648,29.9300,100
34394306703827,09:33:14.306,29.9300,1
34394306706989,09:33:14.306,29.9300,199
34394306706989,09:33:14.306,29.9300,200
34394307798931,09:33:14.307,29.9300,100
34394307798931,09:33:14.307,29.9300,100
34394307798931,09:33:14.307,29.9300,100
34394307798931,09:33:14.307,29.9300,100
34394307798931,09:33:14.307,29.9300,100
34394307798931,09:33:14.307,29.9300,100
34394307933755,09:33:14.307,29.9300,100
34394308235840,09:33:14.308,29.9300,100
34394308235840,09:33:14.308,29.9300,100
34394308235840,09:33:14.308,29.9300,100
34394308235840,09:33:14.308,29.9300,100
34394514099415,09:33:14.514,29.9200,100
34396820033641,09:33:16.820,29.9100,100
34396820033641,09:33:16.820,29.9100,100
34398875263770,09:33:18.875,29.9000,100
34405320617957,09:33:25.320,29.9000,100
34405320617957,09:33:25.320,29.9000,100
34414815144010,09:33:34.815,29.9100,200
34414815144010,09:33:34.815,29.9100,100
34415276860135,09:33:35.276,29.9000,200
34415276860135,09:33:35.276,29.9000,100
34421000528525,09:33:41.000,29.8800,100
34421467058809,09:33:41.467,29.8700,1
34421467904436,09:33:41.467,29.8700,99
34437876606294,09:33:57.876,29.8600,100
34437876606294,09:33:57.876,29.8600,100
34437876606294,09:33:57.876,29.8600,200
34437877875706,09:33:57.877,29.8600,100
34437877875706,09:33:57.877,29.8600,100
34437877875706,09:33:57.877,29.8600,100
34437883255809,09:33:57.883,29.8600,100
34437883255809,09:33:57.883,29.8600,100
34438662127318,09:33:58.662,29.8700,100
34441585716916,09:34:01.585,29.8700,100
34441586160444,09:34:01.586,29.8800,100
34446724049957,09:34:06.724,29.9000,100
34446724660989,09:34:06.724,29.9000,27
34448191079518,09:34:08.191,29.8900,100
34448191079518,09:34:08.191,29.8900,100
34448191079518,09:34:08.191,29.8900,100
34448191079518,09:34:08.191,29.8900,300
34448491943239,09:34:08.491,29.8900,100
34451049473555,09:34:11.049,29.9000,200
34451049473555,09:34:11.049,29.9000,200
34451055067379,09:34:11.055,29.8900,200
34451055067379,09:34:11.055,29.8900,100
34451055067379,09:34:11.055,29.8900,100
34451055067379,09:34:11.055,29.8900,100
34451257413364,09:34:11.257,29.8900,100
34458208214157,09:34:18.208,29.8800,100
34458214137452,09:34:18.214,29.8700,100
34458584639428,09:34:18.584,29.8700,100
34467230289335,09:34:27.230,29.8700,100
34467230289335,09:34:27.230,29.8700,100
34467232473375,09:34:27.232,29.8700,56
34467257533771,09:34:27.257,29.8700,44
34467257533771,09:34:27.257,29.8700,56
34467257650989,09:34:27.257,29.8700,100
34467257650989,09:34:27.257,29.8700,100
34467471270972,09:34:27.471,29.8600,100
34467473919566,09:34:27.473,29.8500,100
34467490556549,09:34:27.490,29.8500,100
34467490556549,09:34:27.490,29.8500,100
34469710318815,09:34:29.710,29.8700,100
34469710318815,09:34:29.710,29.8700,100
34473952518260,09:34:33.952,29.9000,100
34473970453420,09:34:33.970,29.9000,200
34477110377147,09:34:37.110,29.8900,100
34477110377147,09:34:37.110,29.8900,55
34477110689727,09:34:37.110,29.8900,45
34483592197397,09:34:43.592,29.9000,100
34483592376518,09:34:43.592,29.9000,100
34483592376518,09:34:43.592,29.9000,100
34483592421213,09:34:43.592,29.9000,33
34483592441752,09:34:43.592,29.9000,67
34483592441752,09:34:43.592,29.9000,100
34483592441752,09:34:43.592,29.9000,100
34483592441752,09:34:43.592,29.9000,100
34483592441752,09:34:43.592,29.9000,100
34484235542334,09:34:44.235,29.8900,100
34484235625286,09:34:44.235,29.8900,23
34484514848643,09:34:44.514,29.8900,100
34484514848643,09:34:44.514,29.8900,100
34484514848643,09:34:44.514,29.8900,100
34489188803193,09:34:49.188,29.9000,100
34491602658947,09:34:51.602,29.9100,100
34495425379034,09:34:55.425,29.9100,100
34499455364431,09:34:59.455,29.9000,100
34504144898354,09:35:04.144,29.9100,100
34504145067605,09:35:04.145,29.9100,100
34504145137890,09:35:04.145,29.9100,100
34504145137890,09:35:04.145,29.9100,100
34504145137890,09:35:04.145,29.9100,100
34504145137890,09:35:04.145,29.9100,100
34504145137890,09:35:04.145,29.9100,100
34504145137890,09:35:04.145,29.9100,100
34504146406470,09:35:04.146,29.9100,100
34504146406470,09:35:04.146,29.9100,100
34504146406470,09:35:04.146,29.9100,100
34504146406470,09:35:04.146,29.9100,100
34504146406470,09:35:04.146,29.9100,100
34504935757537,09:35:04.935,29.9200,100
34504935757537,09:35:04.935,29.9200,200
34504937099156,09:35:04.937,29.9200,3
34519497877228,09:35:19.497,29.9100,100
34519498105851,09:35:19.498,29.9100,100
34528916686813,09:35:28.916,29.9100,100
34528917332941,09:35:28.917,29.9100,100
34528917332941,09:35:28.917,29.9100,100
34528917677803,09:35:28.917,29.9100,22
34528918676995,09:35:28.918,29.9100,100
34528918676995,09:35:28.918,29.9100,100
34528918676995,09:35:28.918,29.9100,100
34533553767851,09:35:33.553,29.9000,100
34536700567708,09:35:36.700,29.8900,100
34536700657677,09:35:36.700,29.8900,40
34536700950789,09:35:36.700,29.8900,100
34536701129769,09:35:36.701,29.8900,41
34536701217281,09:35:36.701,29.8900,19
34537829980287,09:35:37.829,29.8900,200
34537829980287,09:35:37.829,29.8800,100
34537830922577,09:35:37.830,29.8700,100
34537830922577,09:35:37.830,29.8700,100
34547598226927,09:35:47.598,29.8600,100
34553473612433,09:35:53.473,29.8500,100
34553473612433,09:35:53.473,29.8500,200
34553473612433,09:35:53.473,29.8500,200
34553479887074,09:35:53.479,29.8400,100
34553479957970,09:35:53.479,29.8400,5
34553682003566,09:35:53.682,29.8400,100
34555914941365,09:35:55.914,29.8400,95
34557074170163,09:35:57.074,29.8400,400
34558952993381,09:35:58.952,29.8400,100
34558953069625,09:35:58.953,29.8400,57
34571579860967,09:36:11.579,29.8400,100
34571580324388,09:36:11.580,29.8500,100
34571580324388,09:36:11.580,29.8500,100
34571586404895,09:36:11.586,29.8500,100
34573609206352,09:36:13.609,29.8500,100
34573609206352,09:36:13.609,29.8500,100
34573609206352,09:36:13.609,29.8500,68
34573609234339,09:36:13.609,29.8500,32
34573610360192,09:36:13.610,29.8500,100
34573610360192,09:36:13.610,29.8500,100
34573610360192,09:36:13.610,29.8500,100
34573610360192,09:36:13.610,29.8500,100
34573610360192,09:36:13.610,29.8500,100
34573610360192,09:36:13.610,29.8500,100
34573610360192,09:36:13.610,29.8500,100
34573611168637,09:36:13.611,29.8500,90
34574530049116,09:36:14.530,29.8600,200
34574530049116,09:36:14.530,29.8600,100
34574530114282,09:36:14.530,29.8600,42
34574532885847,09:36:14.532,29.8600,100
34574532885847,09:36:14.532,29.8600,100
34574532885847,09:36:14.532,29.8600,100
34578582057916,09:36:18.582,29.8500,100
34578582057916,09:36:18.582,29.8500,100
34584647935082,09:36:24.647,29.8400,100
34592214075764,09:36:32.214,29.8300,100
34592214075764,09:36:32.214,29.8300,100
34593569102604,09:36:33.569,29.8200,100
34593891107263,09:36:33.891,29.8100,100
34595261982595,09:36:35.261,29.8100,100
34595268052668,09:36:35.268,29.8100,100
34595268052668,09:36:35.268,29.8100,100
34595888511455,09:36:35.888,29.8100,100
34595888511455,09:36:35.888,29.8100,100
34613234732496,09:36:53.234,29.8000,30
34613234804318,09:36:53.234,29.8000,70
34613234804318,09:36:53.234,29.8000,100
34613234804318,09:36:53.234,29.8000,100
34613280759918,09:36:53.280,29.8000,100
34613280759918,09:36:53.280,29.8000,100
34613872854811,09:36:53.872,29.8000,100
34613872854811,09:36:53.872,29.8000,86
34614461875111,09:36:54.461,29.8000,100
34614461875111,09:36:54.461,29.8000,100
34617618784685,09:36:57.618,29.8100,100
34619821098579,09:36:59.821,29.8100,16
34619821154863,09:36:59.821,29.8100,84
34619821154863,09:36:59.821,29.8100,100
34621299259339,09:37:01.299,29.8100,100
34631364824260,09:37:11.364,29.8100,100
34633419898514,09:37:13.419,29.8100,100
34633419898514,09:37:13.419,29.8100,100
34633419898514,09:37:13.419,29.8100,100
34637120398651,09:37:17.120,29.8000,1
34637121053493,09:37:17.121,29.8000,32
34638956066855,09:37:18.956,29.8100,67
34638956144484,09:37:18.956,29.8100,45
34667833842770,09:37:47.833,29.7800,1
34667834691316,09:37:47.834,29.7800,100
34667834691316,09:37:47.834,29.7800,100
34667834691316,09:37:47.834,29.7800,100
34667834691316,09:37:47.834,29.7800,100
34667834691316,09:37:47.834,29.7800,200
34667834691316,09:37:47.834,29.7800,100
34667834691316,09:37:47.834,29.7800,100
34667834691316,09:37:47.834,29.7800,100
34667834691316,09:37:47.834,29.7800,100
34667834691316,09:37:47.834,29.7800,200
34667834761558,09:37:47.834,29.7800,100
34668049568544,09:37:48.049,29.7800,200
34668049568544,09:37:48.049,29.7800,100
34668049568544,09:37:48.049,29.7800,100
34668049568544,09:37:48.049,29.7800,100
34668384160804,09:37:48.384,29.7700,100
34668868594959,09:37:48.868,29.7800,100
34668868594959,09:37:48.868,29.7800,100
34668868594959,09:37:48.868,29.7800,100
34668868594959,09:37:48.868,29.7800,200
34668869066455,09:37:48.869,29.7800,100
34668869066455,09:37:48.869,29.7800,31
34668870744136,09:37:48.870,29.7800,69
34668887042203,09:37:48.887,29.7800,100
34673750774622,09:37:53.750,29.7700,100
34673750774622,09:37:53.750,29.7700,100
34678197724372,09:37:58.197,29.7800,100
34678197724372,09:37:58.197,29.7800,7
34684278382287,09:38:04.278,29.8000,200
34684431689662,09:38:04.431,29.7900,100
34684431689662,09:38:04.431,29.7900,100
34684431689662,09:38:04.431,29.7900,200
34684431689662,09:38:04.431,29.7900,539
34690400566571,09:38:10.400,29.8000,100
34698662778176,09:38:18.662,29.8000,700
34705635061282,09:38:25.635,29.8200,100
34705635482747,09:38:25.635,29.8200,300
34705635482747,09:38:25.635,29.8200,100
34714961619963,09:38:34.961,29.8200,100
34714961619963,09:38:34.961,29.8200,200
34714961619963,09:38:34.961,29.8200,100
34714961619963,09:38:34.961,29.8200,200
34714963166957,09:38:34.963,29.8200,100
34714963166957,09:38:34.963,29.8200,100
34716158458658,09:38:36.158,29.8200,100
34716158458658,09:38:36.158,29.8200,3
34736109532085,09:38:56.109,29.8200,100
34736109532085,09:38:56.109,29.8200,1
34736109705532,09:38:56.109,29.8200,100
34736109705532,09:38:56.109,29.8200,100
34736114905254,09:38:56.114,29.8200,100
34740792829456,09:39:00.792,29.8200,400
34740793519310,09:39:00.793,29.8200,100
34740793630540,09:39:00.793,29.8200,20
34740795254197,09:39:00.795,29.8200,100
34740795254197,09:39:00.795,29.8200,100
34740795254197,09:39:00.795,29.8200,100
34740795254197,09:39:00.795,29.8200,100
34740795254197,09:39:00.795,29.8200,200
34754326041196,09:39:14.326,29.8300,100
34754477733552,09:39:14.477,29.8300,100
34773175200219,09:39:33.175,29.8400,100
34773183197317,09:39:33.183,29.8400,100
34774847477717,09:39:34.847,29.8500,100
34774847477717,09:39:34.847,29.8500,300
34783233682435,09:39:43.233,29.8700,100
34783234272278,09:39:43.234,29.8700,100
34783234272278,09:39:43.234,29.8700,40
34783234293669,09:39:43.234,29.8700,60
34783535609778,09:39:43.535,29.8700,100
34783535609778,09:39:43.535,29.8700,100
34788089322929,09:39:48.089,29.8600,100
34788089322929,09:39:48.089,29.8600,100
34794262309470,09:39:54.262,29.8700,100
34794343840154,09:39:54.343,29.8700,100
34794348228824,09:39:54.348,29.8700,100
34794348320162,09:39:54.348,29.8700,100
34794348320162,09:39:54.348,29.8700,6
34794430343049,09:39:54.430,29.8700,100
34794430343049,09:39:54.430,29.8700,100
34794432871929,09:39:54.432,29.8700,100
34794432871929,09:39:54.432,29.8700,100
34798376861001,09:39:58.376,29.8600,100
34800507824522,09:40:00.507,29.8600,100
34800558436885,09:40:00.558,29.8600,100
34800558436885,09:40:00.558,29.8600,100
34800558466965,09:40:00.558,29.8600,100
34802686147844,09:40:02.686,29.8700,100
34802686627827,09:40:02.686,29.8700,1
34805330922575,09:40:05.330,29.8800,62
34805331001386,09:40:05.331,29.8800,38
34805331533083,09:40:05.331,29.8800,100
34805331533083,09:40:05.331,29.8800,100
34805331533083,09:40:05.331,29.8800,100
34806019222725,09:40:06.019,29.8800,200
34806019222725,09:40:06.019,29.8800,100
34806919804466,09:40:06.919,29.8900,100
34840002966135,09:40:40.002,29.9000,300
34840002966135,09:40:40.002,29.9000,100
34840003279514,09:40:40.003,29.9000,100
34840003279514,09:40:40.003,29.9000,100
34840018111239,09:40:40.018,29.9050,100
34840752986649,09:40:40.752,29.9100,100
34840752986649,09:40:40.752,29.9100,100
34840767208184,09:40:40.767,29.9100,1
34841427134363,09:40:41.427,29.9100,99
34841427134363,09:40:41.427,29.9100,1
34841427719844,09:40:41.427,29.9100,100
34841427719844,09:40:41.427,29.9100,100
34842354251607,09:40:42.354,29.9100,100
34842354251607,09:40:42.354,29.9100,100
34842378669681,09:40:42.378,29.9100,100
34846020274130,09:40:46.020,29.9100,100
34846022498906,09:40:46.022,29.9100,100
34854908407910,09:40:54.908,29.9000,100
34854908407910,09:40:54.908,29.9000,300
34854908407910,09:40:54.908,29.9000,4
34854908445937,09:40:54.908,29.9000,100
34857043423556,09:40:57.043,29.9000,100
34857044045176,09:40:57.044,29.9000,100
34859810312117,09:40:59.810,29.8950,200
34859811318632,09:40:59.811,29.8950,200
34887288429358,09:41:27.288,29.8950,400
34887288522136,09:41:27.288,29.8900,100
34887288608973,09:41:27.288,29.8950,300
34887288638041,09:41:27.288,29.8900,95
34887288642929,09:41:27.288,29.8950,305
34887288770214,09:41:27.288,29.8900,129
34887288783267,09:41:27.288,29.8900,76
34887288783267,09:41:27.288,29.8900,124
34887288788569,09:41:27.288,29.8950,300
34887289045532,09:41:27.289,29.8900,76
34887289055631,09:41:27.289,29.8900,100
34887289055631,09:41:27.289,29.8900,100
34887289055631,09:41:27.289,29.8900,100
34887289055631,09:41:27.289,29.8900,100
34887289055631,09:41:27.289,29.8900,295
34887289353892,09:41:27.289,29.8900,100
34887298551765,09:41:27.298,29.9000,200
34887298551765,09:41:27.298,29.9000,100
34887298551765,09:41:27.298,29.9000,81
34887298551765,09:41:27.298,29.9000,100
34887824790089,09:41:27.824,29.9100,3
34887824790089,09:41:27.824,29.9100,97
34887824828580,09:41:27.824,29.9100,3
34887824828580,09:41:27.824,29.9100,100
34887928108358,09:41:27.928,29.9150,424
34887928334204,09:41:27.928,29.9150,424
34887929075492,09:41:27.929,29.9150,500
34887929314069,09:41:27.929,29.9100,1
34887929504906,09:41:27.929,29.9100,200
34887929532025,09:41:27.929,29.9100,23
34887929846321,09:41:27.929,29.9100,100
34887929846321,09:41:27.929,29.9100,100
34887929846321,09:41:27.929,29.9100,100
34887929846321,09:41:27.929,29.9100,100
34887929846321,09:41:27.929,29.9100,100
34887929846321,09:41:27.929,29.9100,100
34887929846321,09:41:27.929,29.9100,52
34887930729260,09:41:27.930,29.9100,48
34887930729260,09:41:27.930,29.9100,100
34887930729260,09:41:27.930,29.9100,100
34887930729260,09:41:27.930,29.9100,100
34887930729260,09:41:27.930,29.9100,100
34887930784452,09:41:27.930,29.9100,100
34889527437946,09:41:29.527,29.9150,460
34889527543946,09:41:29.527,29.9150,500
34889527788012,09:41:29.527,29.9150,400
34889528109907,09:41:29.528,29.9100,100
34889528445465,09:41:29.528,29.9100,100
34889528939949,09:41:29.528,29.9100,200
34889528939949,09:41:29.528,29.9100,300
34892419494129,09:41:32.419,29.9100,100
34893543647759,09:41:33.543,29.9100,3
34893543647759,09:41:33.543,29.9100,100
34893543647759,09:41:33.543,29.9100,100
34894606117406,09:41:34.606,29.9200,100
34894606424602,09:41:34.606,29.9200,100
34897395779946,09:41:37.395,29.9300,194
34897408259638,09:41:37.408,29.9300,6
34897408259638,09:41:37.408,29.9300,100
34897871371068,09:41:37.871,29.9300,100
34898829851892,09:41:38.829,29.9300,100
34898829851892,09:41:38.829,29.9300,100
34900827686605,09:41:40.827,29.9300,100
34900827712923,09:41:40.827,29.9300,100
34900828056302,09:41:40.828,29.9300,100
34900828056302,09:41:40.828,29.9300,100
34900828698830,09:41:40.828,29.9300,300
34900830209497,09:41:40.830,29.9300,147
34900830209497,09:41:40.830,29.9300,100
34900830209497,09:41:40.830,29.9300,53
34900830269730,09:41:40.830,29.9300,47
34900830269730,09:41:40.830,29.9300,100
34900830269730,09:41:40.830,29.9300,175
34904642216594,09:41:44.642,29.9200,100
34904642216594,09:41:44.642,29.9200,400
34904642216594,09:41:44.642,29.9200,2
34904642278798,09:41:44.642,29.9200,100
34904642301667,09:41:44.642,29.9200,100
34904642301667,09:41:44.642,29.9200,100
34908298806308,09:41:48.298,29.9200,100
34908298806308,09:41:48.298,29.9200,100
34908298806308,09:41:48.298,29.9200,100
34914307159866,09:41:54.307,29.9200,100
34914307485822,09:41:54.307,29.9200,100
34914307517466,09:41:54.307,29.9200,200
34914307517466,09:41:54.307,29.9200,100
34914307696905,09:41:54.307,29.9200,300
34922480633552,09:42:02.480,29.9200,75
34922480633552,09:42:02.480,29.9200,100
34924830011587,09:42:04.830,29.9300,200
34930825125816,09:42:10.825,29.9500,100
34930825125816,09:42:10.825,29.9500,100
34930896553785,09:42:10.896,29.9500,100
34935134709054,09:42:15.134,29.9500,100
34935828316660,09:42:15.828,29.9500,100
34935828316660,09:42:15.828,29.9500,100
34936865265457,09:42:16.865,29.9500,100
34939830322992,09:42:19.830,29.9600,100
34939830322992,09:42:19.830,29.9600,100
34939836411965,09:42:19.836,29.9600,100
34939836411965,09:42:19.836,29.9600,100
34939836411965,09:42:19.836,29.9600,100
34943557220709,09:42:23.557,29.9600,100
34944336014839,09:42:24.336,29.9550,300
34944951273693,09:42:24.951,29.9500,200
34944951273693,09:42:24.951,29.9500,100
34944951273693,09:42:24.951,29.9500,200
34946828089712,09:42:26.828,29.9500,100
34946828089712,09:42:26.828,29.9500,100
34948621566930,09:42:28.621,29.9500,100
34948622060449,09:42:28.622,29.9500,100
34948622060449,09:42:28.622,29.9500,100
34949680139031,09:42:29.680,29.9500,100
34949680139031,09:42:29.680,29.9500,100
34961606509143,09:42:41.606,29.9600,100
34961606509143,09:42:41.606,29.9600,100
34961828661232,09:42:41.828,29.9600,100
34961828661232,09:42:41.828,29.9600,100
34970878734887,09:42:50.878,29.9600,100
34970878876375,09:42:50.878,29.9600,100
34972958549256,09:42:52.958,29.9600,100
34972958549256,09:42:52.958,29.9600,100
34972958633363,09:42:52.958,29.9600,100
34972962535115,09:42:52.962,29.9700,100
34972962535115,09:42:52.962,29.9700,100
34972962535115,09:42:52.962,29.9700,100
34972962535115,09:42:52.962,29.9700,100
34972962535115,09:42:52.962,29.9700,100
34972962716805,09:42:52.962,29.9700,200
34972962716805,09:42:52.962,29.9700,400
34972968325536,09:42:52.968,29.9700,100
34972971843686,09:42:52.971,29.9800,100
34972971843686,09:42:52.971,29.9800,79
34972971843686,09:42:52.971,29.9800,100
34972972011161,09:42:52.972,29.9800,200
34972975666210,09:42:52.975,29.9800,21
34972978266834,09:42:52.978,29.9800,79
34972978266834,09:42:52.978,29.9800,100
34972978331759,09:42:52.978,29.9800,100
34972980011194,09:42:52.980,29.9800,21
34972993129963,09:42:52.993,29.9800,100
34972993129963,09:42:52.993,29.9800,100
34978445699312,09:42:58.445,29.9600,200
34978445699312,09:42:58.445,29.9600,100
34978445699312,09:42:58.445,29.9600,100
34978445699312,09:42:58.445,29.9600,100
34978445699312,09:42:58.445,29.9600,200
34978445699312,09:42:58.445,29.9600,200
34978445699312,09:42:58.445,29.9600,100
34978445699312,09:42:58.445,29.9600,100
34978445699312,09:42:58.445,29.9600,100
34978445699312,09:42:58.445,29.9600,100
34978446918062,09:42:58.446,29.9600,100
34978447069014,09:42:58.447,29.9600,100
34978447069014,09:42:58.447,29.9600,200
34978447069014,09:42:58.447,29.9600,100
34978447069014,09:42:58.447,29.9600,100
34978447070647,09:42:58.447,29.9600,500
34978447168378,09:42:58.447,29.9600,100
34978447168378,09:42:58.447,29.9600,175
34978447168378,09:42:58.447,29.9600,100
34978447168378,09:42:58.447,29.9600,100
34978447168378,09:42:58.447,29.9600,25
34978980733678,09:42:58.980,29.9600,75
34978980733678,09:42:58.980,29.9600,400
34978980733678,09:42:58.980,29.9600,25
34980657754786,09:43:00.657,29.9700,100
34980829394887,09:43:00.829,29.9700,100
34988829040025,09:43:08.829,29.9800,400
34988829040025,09:43:08.829,29.9800,100
34988829040025,09:43:08.829,29.9800,200
34989585287687,09:43:09.585,29.9800,100
34989585287687,09:43:09.585,29.9800,100
34990850444688,09:43:10.850,29.9800,100
34990850444688,09:43:10.850,29.9800,100
34992981095904,09:43:12.981,29.9700,100
35005629236543,09:43:25.629,29.9700,100
35005629236543,09:43:25.629,29.9700,100
35005629236543,09:43:25.629,29.9700,300
35005629283152,09:43:25.629,29.9700,3
35005629283152,09:43:25.629,29.9700,200
35005629620268,09:43:25.629,29.9700,175
35005629682514,09:43:25.629,29.9700,25
35005639397805,09:43:25.639,29.9600,200
35005639397805,09:43:25.639,29.9600,100
35013850415334,09:43:33.850,29.9600,100
35013850415334,09:43:33.850,29.9600,100
35013850415334,09:43:33.850,29.9600,100
35013850415334,09:43:33.850,29.9600,100
35013850613172,09:43:33.850,29.9600,100
35019435251615,09:43:39.435,29.9600,100
35020470206348,09:43:40.470,29.9600,100
35020470206348,09:43:40.470,29.9600,100
35020470206348,09:43:40.470,29.9600,100
35021098924376,09:43:41.098,29.9700,100
35021098955670,09:43:41.098,29.9700,100
35021098955670,09:43:41.098,29.9700,100
35026700961836,09:43:46.700,29.9800,100
35026700961836,09:43:46.700,29.9800,300
35026701167623,09:43:46.701,29.9800,100
35026701167623,09:43:46.701,29.9800,100
35027415762037,09:43:47.415,29.9900,100
35027415762037,09:43:47.415,29.9900,100
35027416762203,09:43:47.416,29.9900,100
35027416762203,09:43:47.416,29.9900,100
35028950839149,09:43:48.950,29.9800,100
35028950839149,09:43:48.950,29.9800,100
35029100838490,09:43:49.100,29.9800,100
35035025096118,09:43:55.025,29.9900,100
35035025096118,09:43:55.025,29.9900,100
35035025827995,09:43:55.025,29.9900,100
35035025827995,09:43:55.025,29.9900,151
35035025827995,09:43:55.025,29.9900,100
35037195031904,09:43:57.195,29.9950,300
35046832037239,09:44:06.832,29.9900,200
35046832037239,09:44:06.832,29.9900,200
35047613679301,09:44:07.613,29.9800,100
35047613679301,09:44:07.613,29.9800,400
35047613681512,09:44:07.613,29.9800,200
35047613681512,09:44:07.613,29.9800,100
35047805944818,09:44:07.805,29.9700,100
35047805944818,09:44:07.805,29.9700,300
35047805944818,09:44:07.805,29.9700,8
35047819681307,09:44:07.819,29.9700,92
35047819681307,09:44:07.819,29.9700,100
35048610374304,09:44:08.610,29.9700,100
35048610374304,09:44:08.610,29.9700,100
35048610374304,09:44:08.610,29.9700,100
35048610374304,09:44:08.610,29.9700,34
35048610374304,09:44:08.610,29.9700,100
35048610374304,09:44:08.610,29.9700,100
35048610374304,09:44:08.610,29.9700,100
35048610374304,09:44:08.610,29.9700,229
35048610374304,09:44:08.610,29.9700,100
35048610374304,09:44:08.610,29.9700,100
35048610374304,09:44:08.610,29.9700,100
35048613103000,09:44:08.613,29.9700,100
35048613661175,09:44:08.613,29.9700,100
35048613661175,09:44:08.613,29.9700,100
35048613661175,09:44:08.613,29.9700,100
35048613661175,09:44:08.613,29.9700,32
35048613661175,09:44:08.613,29.9700,100
35048613661175,09:44:08.613,29.9700,100
35048613661175,09:44:08.613,29.9700,100
35048613661175,09:44:08.613,29.9700,100
35048613661175,09:44:08.613,29.9700,100
35048613661175,09:44:08.613,29.9700,100
35048613661175,09:44:08.613,29.9700,100
35048613661175,09:44:08.613,29.9700,300
35048929878715,09:44:08.929,29.9700,31
35048929878715,09:44:08.929,29.9700,100
35048929878715,09:44:08.929,29.9700,100
35049825528836,09:44:09.825,29.9600,100
35051519029410,09:44:11.519,29.9550,100
35076256189756,09:44:36.256,29.9500,300
35076256189756,09:44:36.256,29.9500,100
35085536279972,09:44:45.536,29.9500,100
35085536279972,09:44:45.536,29.9500,47
35085536677269,09:44:45.536,29.9500,53
35085536677269,09:44:45.536,29.9500,6
35085536677269,09:44:45.536,29.9500,100
35085536677269,09:44:45.536,29.9500,100
35085536871326,09:44:45.536,29.9500,100
35085536871326,09:44:45.536,29.9500,100
35091302563832,09:44:51.302,29.9600,200
35098296885962,09:44:58.296,29.9800,300
35098296915131,09:44:58.296,29.9800,100
35098296915131,09:44:58.296,29.9800,200
35098296917788,09:44:58.296,29.9800,100
35100066340329,09:45:00.066,29.9900,90
35100066340329,09:45:00.066,29.9900,100
35113091519981,09:45:13.091,30.0000,157
35113091519981,09:45:13.091,30.0000,34
35114448543363,09:45:14.448,30.0000,166
35114448543363,09:45:14.448,30.0000,39
35114448939831,09:45:14.448,30.0000,200
35114448939831,09:45:14.448,30.0000,100
35114448939831,09:45:14.448,30.0000,100
35114448977143,09:45:14.448,30.0000,100
35114448977143,09:45:14.448,30.0000,100
35116500107534,09:45:16.500,30.0000,100
35116501361079,09:45:16.501,30.0000,200
35121166119277,09:45:21.166,30.0000,100
35126052254109,09:45:26.052,30.0000,100
35126052595702,09:45:26.052,30.0000,3
35132972794970,09:45:32.972,29.9900,100
35132972794970,09:45:32.972,29.9900,100
35132975501366,09:45:32.975,29.9900,100
35135165482150,09:45:35.165,29.9800,200
35136168939922,09:45:36.168,29.9700,82
35136168939922,09:45:36.168,29.9700,100
35140829405189,09:45:40.829,29.9600,37
35140829405189,09:45:40.829,29.9600,63
35140829433273,09:45:40.829,29.9600,37
35141435554982,09:45:41.435,29.9700,100
35141435554982,09:45:41.435,29.9700,100
35144827371354,09:45:44.827,29.9800,200
35144827511649,09:45:44.827,29.9800,100
35144827513411,09:45:44.827,29.9800,100
35151667738987,09:45:51.667,29.9800,100
35151667738987,09:45:51.667,29.9800,100
35151667738987,09:45:51.667,29.9800,100
35151667738987,09:45:51.667,29.9800,100
35156827273334,09:45:56.827,29.9900,100
35156827302539,09:45:56.827,29.9900,100
35156827307915,09:45:56.827,29.9900,100
35156827406340,09:45:56.827,29.9900,100
35169826863282,09:46:09.826,30.0000,100
35169826863282,09:46:09.826,30.0000,100
35169826999926,09:46:09.826,30.0000,100
35169826999926,09:46:09.826,30.0000,100
35169826999926,09:46:09.826,30.0000,100
35169848164473,09:46:09.848,30.0000,200
35169848164473,09:46:09.848,30.0000,100
35169848164473,09:46:09.848,30.0000,100
35169848164473,09:46:09.848,30.0000,39
35169848164473,09:46:09.848,30.0000,100
35171812061237,09:46:11.812,30.0000,37
35176398729389,09:46:16.398,30.0000,100
35176399924005,09:46:16.399,30.0000,5
35176399934446,09:46:16.399,30.0000,95
35176399934446,09:46:16.399,30.0000,100
35199832196256,09:46:39.832,30.0100,200
35199832196256,09:46:39.832,30.0100,100
35199832196256,09:46:39.832,30.0100,3
35199832315374,09:46:39.832,30.0100,100
35199832400261,09:46:39.832,30.0100,100
35202025308403,09:46:42.025,30.0200,100
35202025308403,09:46:42.025,30.0200,100
35202025308403,09:46:42.025,30.0200,100
35202025308403,09:46:42.025,30.0200,100
35202025440038,09:46:42.025,30.0200,100
35202025464310,09:46:42.025,30.0200,100
35202025464310,09:46:42.025,30.0200,200
35202025464310,09:46:42.025,30.0200,9
35202026034309,09:46:42.026,30.0200,100
35202026034309,09:46:42.026,30.0200,91
35202134530484,09:46:42.134,30.0200,200
35219834392887,09:46:59.834,30.0100,100
35219834392887,09:46:59.834,30.0100,100
35219834392887,09:46:59.834,30.0100,100
35219834392887,09:46:59.834,30.0100,6
35219834392887,09:46:59.834,30.0100,100
35221824604605,09:47:01.824,30.0000,100
35286877947867,09:48:06.877,29.9900,100
35286877947867,09:48:06.877,29.9900,1
35286877947867,09:48:06.877,29.9900,200
35286877947867,09:48:06.877,29.9900,100
35286877947867,09:48:06.877,29.9900,6
35289224318441,09:48:09.224,29.9800,55
35289225342780,09:48:09.225,29.9800,45
35289225342780,09:48:09.225,29.9800,100
35289225342780,09:48:09.225,29.9800,55
35289338108629,09:48:09.338,29.9800,100
35289338144459,09:48:09.338,29.9800,45
35289338144459,09:48:09.338,29.9800,100
35289338144459,09:48:09.338,29.9800,200
35289338144459,09:48:09.338,29.9800,100
35292223853961,09:48:12.223,29.9700,100
35292223853961,09:48:12.223,29.9700,100
35292239423303,09:48:12.239,29.9700,100
35292239423303,09:48:12.239,29.9700,100
35292239423303,09:48:12.239,29.9700,42
35292239423303,09:48:12.239,29.9700,200
35292239423303,09:48:12.239,29.9700,100
35292268869881,09:48:12.268,29.9700,100
35292268869881,09:48:12.268,29.9700,43
35292268869881,09:48:12.268,29.9700,200
35293772807108,09:48:13.772,29.9600,100
35293772807108,09:48:13.772,29.9600,57
35299242231117,09:48:19.242,29.9600,100
35299242231117,09:48:19.242,29.9600,200
35299242231117,09:48:19.242,29.9600,43
35299242231117,09:48:19.242,29.9600,100
35299242231117,09:48:19.242,29.9600,200
35299242231117,09:48:19.242,29.9600,100
35308490732966,09:48:28.490,29.9600,100
35308490952809,09:48:28.490,29.9600,100
35308491042573,09:48:28.491,29.9600,100
35314783701892,09:48:34.783,29.9700,200
35314783704308,09:48:34.783,29.9700,100
35317275733633,09:48:37.275,29.9700,200
35317824431423,09:48:37.824,29.9700,66
35317824462250,09:48:37.824,29.9700,34
35330670589789,09:48:50.670,29.9500,200
35330670589789,09:48:50.670,29.9500,100
35330671255216,09:48:50.671,29.9500,100
35330671255216,09:48:50.671,29.9500,100
35330671327969,09:48:50.671,29.9500,6
35330672705873,09:48:50.672,29.9500,94
35330676588211,09:48:50.676,29.9500,200
35330676588211,09:48:50.676,29.9500,100
35330676588211,09:48:50.676,29.9500,100
35330676588211,09:48:50.676,29.9500,44
35330676588211,09:48:50.676,29.9500,100
35330676588211,09:48:50.676,29.9500,200
35338800141533,09:48:58.800,29.9600,100
35338800141533,09:48:58.800,29.9600,100
35338800141533,09:48:58.800,29.9600,100
35338800141533,09:48:58.800,29.9600,9
35338800278634,09:48:58.800,29.9600,100
35339789580755,09:48:59.789,29.9700,100
35339789585877,09:48:59.789,29.9700,100
35373082639917,09:49:33.082,29.9700,100
35373323420740,09:49:33.323,29.9600,100
35373430808301,09:49:33.430,29.9600,100
35373441338488,09:49:33.441,29.9600,200
35390273140714,09:49:50.273,29.9600,100
35390273167240,09:49:50.273,29.9600,100
35390273167240,09:49:50.273,29.9600,100
35391414334711,09:49:51.414,29.9700,100
35394902439363,09:49:54.902,29.9600,100
35402168825869,09:50:02.168,29.9400,100
35402168825869,09:50:02.168,29.9400,100
35402168825869,09:50:02.168,29.9400,100
35421482475103,09:50:21.482,29.9500,100
35421482475103,09:50:21.482,29.9500,100
35421482475103,09:50:21.482,29.9500,200
35421482475103,09:50:21.482,29.9500,100
35421482528873,09:50:21.482,29.9500,200
35422495114550,09:50:22.495,29.9600,100
35422495114550,09:50:22.495,29.9600,300
35422495411277,09:50:22.495,29.9600,100
35422495411277,09:50:22.495,29.9600,100
35424459156196,09:50:24.459,29.9600,200
35424552757129,09:50:24.552,29.9500,300
35424552757129,09:50:24.552,29.9500,100
35424553000913,09:50:24.553,29.9500,100
35425579895844,09:50:25.579,29.9400,200
35425579895844,09:50:25.579,29.9400,100
35454445272348,09:50:54.445,29.9500,100
35454445272348,09:50:54.445,29.9500,100
35454445272348,09:50:54.445,29.9500,6
35454445272348,09:50:54.445,29.9500,200
35454445615070,09:50:54.445,29.9500,100
35454446020416,09:50:54.446,29.9500,2
35454446038364,09:50:54.446,29.9500,98
35454446038364,09:50:54.446,29.9500,200
35454616293352,09:50:54.616,29.9500,56
35454616293352,09:50:54.616,29.9500,60
35456421173121,09:50:56.421,29.9400,2
35456421173121,09:50:56.421,29.9400,198
35456421517214,09:50:56.421,29.9400,2
35456713863929,09:50:56.713,29.9300,200
35457400647460,09:50:57.400,29.9300,100
35457400647460,09:50:57.400,29.9300,48
35457400647460,09:50:57.400,29.9300,200
35457400647460,09:50:57.400,29.9300,100
35457401145660,09:50:57.401,29.9300,200
35457401145660,09:50:57.401,29.9300,47
35457431330922,09:50:57.431,29.9300,100
35457431330922,09:50:57.431,29.9300,51
35457431330922,09:50:57.431,29.9300,200
35470552078958,09:51:10.552,29.9300,200
35470552078958,09:51:10.552,29.9300,1
35470552078958,09:51:10.552,29.9300,100
35470552078958,09:51:10.552,29.9300,100
35470552078958,09:51:10.552,29.9300,200
35470552078958,09:51:10.552,29.9300,100
35470552390049,09:51:10.552,29.9300,200
35470552881725,09:51:10.552,29.9300,145
35470552911091,09:51:10.552,29.9300,155
35470552911091,09:51:10.552,29.9300,14
35470552927362,09:51:10.552,29.9300,186
35470826097095,09:51:10.826,29.9300,100
35470826127740,09:51:10.826,29.9300,100
35470826127740,09:51:10.826,29.9300,100
35470826127740,09:51:10.826,29.9300,100
35470826127740,09:51:10.826,29.9300,72
35470826157457,09:51:10.826,29.9300,128
35473315244751,09:51:13.315,29.9200,200
35492164005678,09:51:32.164,29.9200,300
35492164005678,09:51:32.164,29.9200,200
35492164518055,09:51:32.164,29.9200,81
35492164557361,09:51:32.164,29.9200,219
35499077482171,09:51:39.077,29.9200,200
35499077482171,09:51:39.077,29.9200,200
35499077487590,09:51:39.077,29.9200,100
35499604601501,09:51:39.604,29.9200,100
35499604601501,09:51:39.604,29.9200,100
35499604601501,09:51:39.604,29.9200,200
35499604601501,09:51:39.604,29.9200,100
35534709903418,09:52:14.709,29.9200,100
35534709903418,09:52:14.709,29.9200,100
35534709903418,09:52:14.709,29.9200,100
35534709903418,09:52:14.709,29.9200,200
35534709903418,09:52:14.709,29.9200,200
35534709903418,09:52:14.709,29.9200,100
35534709903418,09:52:14.709,29.9200,100
35534710005204,09:52:14.710,29.9200,100
35534710007969,09:52:14.710,29.9200,100
35534710429328,09:52:14.710,29.9200,200
35534913341476,09:52:14.913,29.9200,100
35534913341476,09:52:14.913,29.9200,200
35540017016449,09:52:20.017,29.9150,100
35544869014780,09:52:24.869,29.9150,100
35561353070608,09:52:41.353,29.9100,18
35561353070608,09:52:41.353,29.9100,100
35561353070608,09:52:41.353,29.9100,100
35561353070608,09:52:41.353,29.9100,2
35561353070608,09:52:41.353,29.9100,100
35561353070608,09:52:41.353,29.9100,1
35561353308684,09:52:41.353,29.9100,17
35561353463526,09:52:41.353,29.9100,283
35561353463526,09:52:41.353,29.9100,5
35574169011341,09:52:54.169,29.9050,300
35588253906649,09:53:08.253,29.9000,70
35625290161719,09:53:45.290,29.9100,100
35625290161719,09:53:45.290,29.9100,100
35625290161719,09:53:45.290,29.9100,200
35625290161719,09:53:45.290,29.9100,200
35625290330990,09:53:45.290,29.9100,100
35625314063952,09:53:45.314,29.9200,200
35625314063952,09:53:45.314,29.9200,100
35625314063952,09:53:45.314,29.9200,200
35625314063952,09:53:45.314,29.9200,300
35625314063952,09:53:45.314,29.9200,100
35625314063952,09:53:45.314,29.9200,300
35625314063952,09:53:45.314,29.9200,200
35625314166821,09:53:45.314,29.9200,100
35626123704868,09:53:46.123,29.9300,200
35626123704868,09:53:46.123,29.9300,100
35626123854998,09:53:46.123,29.9300,200
35628025003452,09:53:48.025,29.9350,300
35632565365800,09:53:52.565,29.9400,200
35632565365800,09:53:52.565,29.9400,100
35632565470699,09:53:52.565,29.9400,100
35632565942312,09:53:52.565,29.9400,200
35632565942312,09:53:52.565,29.9400,300
35632566173015,09:53:52.566,29.9400,100
35643585722692,09:54:03.585,29.9400,100
35643585803143,09:54:03.585,29.9400,100
35643585816117,09:54:03.585,29.9400,70
35643585855065,09:54:03.585,29.9400,30
35663444144869,09:54:23.444,29.9500,200
35663444144869,09:54:23.444,29.9500,100
35663444284917,09:54:23.444,29.9500,200
35663444284917,09:54:23.444,29.9500,200
35663444312282,09:54:23.444,29.9500,100
35663444312282,09:54:23.444,29.9500,100
35672480732415,09:54:32.480,29.9700,200
35672480844446,09:54:32.480,29.9700,100
35672481929353,09:54:32.481,29.9700,200
35672481929353,09:54:32.481,29.9700,200
35681729559443,09:54:41.729,29.9800,100
35685499329179,09:54:45.499,29.9800,100
35695796741054,09:54:55.796,29.9700,100
35695796741054,09:54:55.796,29.9700,200
35695796741054,09:54:55.796,29.9700,200
35697508635548,09:54:57.508,29.9600,100
35697508635548,09:54:57.508,29.9600,100
35700071299130,09:55:00.071,29.9500,100
35700071299130,09:55:00.071,29.9500,100
35700072270136,09:55:00.072,29.9400,54
35700072298796,09:55:00.072,29.9400,46
35700072298796,09:55:00.072,29.9400,100
35700072298796,09:55:00.072,29.9400,100
35700072298796,09:55:00.072,29.9400,100
35700072298796,09:55:00.072,29.9400,100
35700072362035,09:55:00.072,29.9400,100
35700072773676,09:55:00.072,29.9400,200
35700072773676,09:55:00.072,29.9400,100
35700072773676,09:55:00.072,29.9400,200
35700072773676,09:55:00.072,29.9400,100
35700080821291,09:55:00.080,29.9300,100
35727255972430,09:55:27.255,29.9300,200
35727255972430,09:55:27.255,29.9300,170
35727255972430,09:55:27.255,29.9300,100
35727256479295,09:55:27.256,29.9300,200
35727260249593,09:55:27.260,29.9300,100
35734178946816,09:55:34.178,29.9200,900
35734178946816,09:55:34.178,29.9200,200
35734178946816,09:55:34.178,29.9200,5
35739856354903,09:55:39.856,29.9000,200
35739856354903,09:55:39.856,29.9000,200
35739870158619,09:55:39.870,29.9000,100
35739870158619,09:55:39.870,29.9000,100
35739870158619,09:55:39.870,29.9000,300
35739870158619,09:55:39.870,29.9000,100
35739870158619,09:55:39.870,29.9000,60
35739870158619,09:55:39.870,29.9000,140
35739870191918,09:55:39.870,29.9000,60
35744480448184,09:55:44.480,29.9000,300
35744480473659,09:55:44.480,29.9000,100
35744480473659,09:55:44.480,29.9000,100
35745893680071,09:55:45.893,29.8900,300
35745893680071,09:55:45.893,29.8900,100
35745893680071,09:55:45.893,29.8900,60
35745894081505,09:55:45.894,29.8900,40
35745894081505,09:55:45.894,29.8900,200
35745894081505,09:55:45.894,29.8900,100
35748069257708,09:55:48.069,29.8900,100
35753119044118,09:55:53.119,29.8900,200
35761688890701,09:56:01.688,29.8800,100
35782349840822,09:56:22.349,29.8900,200
35782349840822,09:56:22.349,29.8900,200
35810876398346,09:56:50.876,29.8900,100
35810876398346,09:56:50.876,29.8900,100
35810876398346,09:56:50.876,29.8900,1
35810876398346,09:56:50.876,29.8900,95
35810876427828,09:56:50.876,29.8900,5
35810876433993,09:56:50.876,29.8900,44
35810876721065,09:56:50.876,29.8900,56
35824164588064,09:57:04.164,29.9000,400
35824164588064,09:57:04.164,29.9000,200
35824164588064,09:57:04.164,29.9000,100
35824164644481,09:57:04.164,29.9000,100
35824575042357,09:57:04.575,29.9100,100
35824936946904,09:57:04.936,29.9200,100
35848701677132,09:57:28.701,29.9300,100
35848701677132,09:57:28.701,29.9300,100
35848701677132,09:57:28.701,29.9300,100
35848701989190,09:57:28.701,29.9300,100
35848702347878,09:57:28.702,29.9300,200
35852021243468,09:57:32.021,29.9200,100
35852021243468,09:57:32.021,29.9200,100
35852021243468,09:57:32.021,29.9200,100
35852021243468,09:57:32.021,29.9200,100
35853112931621,09:57:33.112,29.9100,100
35854074885728,09:57:34.074,29.9100,100
35854074885728,09:57:34.074,29.9200,100
35854074885728,09:57:34.074,29.9200,100
35854074885728,09:57:34.074,29.9200,200
35854074885728,09:57:34.074,29.9200,100
35854074885728,09:57:34.074,29.9200,100
35854074885728,09:57:34.074,29.9200,100
35854074885728,09:57:34.074,29.9200,100
35854080485532,09:57:34.080,29.9200,200
35854080485532,09:57:34.080,29.9200,100
35854081238520,09:57:34.081,29.9200,212
35854081297850,09:57:34.081,29.9200,88
35854081297850,09:57:34.081,29.9200,100
35854081297850,09:57:34.081,29.9200,12
35854081335005,09:57:34.081,29.9200,88
35855968783120,09:57:35.968,29.9200,100
35855968783120,09:57:35.968,29.9200,100
35855968783120,09:57:35.968,29.9200,200
35855968783120,09:57:35.968,29.9200,400
35855972973759,09:57:35.972,29.9100,6
35855976149123,09:57:35.976,29.9100,100
35856189987979,09:57:36.189,29.9100,200
35858683364140,09:57:38.683,29.9000,2
35858683364140,09:57:38.683,29.9000,1
35862900302823,09:57:42.900,29.9000,200
35863132865178,09:57:43.132,29.8900,100
35876990209813,09:57:56.990,29.8900,100
35876990209813,09:57:56.990,29.8900,3
35877065120019,09:57:57.065,29.8900,100
35877065120019,09:57:57.065,29.8900,69
35877065120019,09:57:57.065,29.8900,100
35877065120019,09:57:57.065,29.8900,31
35877192820668,09:57:57.192,29.8900,100
35885187490310,09:58:05.187,29.8900,100
35885187490310,09:58:05.187,29.8900,200
35885187490310,09:58:05.187,29.8900,61
35885187525730,09:58:05.187,29.8900,39
35885187530820,09:58:05.187,29.8900,39
35885187668599,09:58:05.187,29.8900,61
35885187668599,09:58:05.187,29.8900,61
35885247810977,09:58:05.247,29.8900,100
35885247810977,09:58:05.247,29.8900,100
35885247810977,09:58:05.247,29.8900,61
35885247810977,09:58:05.247,29.8900,200
35885251329398,09:58:05.251,29.8900,100
35900591006729,09:58:20.591,29.8950,300
35924525463507,09:58:44.525,29.8950,200
35924525463507,09:58:44.525,29.9000,100
35924525463507,09:58:44.525,29.9000,200
35924525463507,09:58:44.525,29.9000,189
35924525496137,09:58:44.525,29.9000,311
35986857474587,09:59:46.857,29.9100,3
35986857474587,09:59:46.857,29.9100,100
35986857474587,09:59:46.857,29.9100,3
35986857474587,09:59:46.857,29.9100,300
35987784869103,09:59:47.784,29.9300,100
35990661913507,09:59:50.661,29.9300,100
35990661913507,09:59:50.661,29.9300,100
35990661913507,09:59:50.661,29.9300,118
35990661913507,09:59:50.661,29.9300,100
35990664535627,09:59:50.664,29.9250,4
36000011328515,10:00:00.011,29.9350,100
36000748019569,10:00:00.748,29.9350,100
36008118565158,10:00:08.118,29.9300,162
36008118586842,10:00:08.118,29.9300,38
36008118586842,10:00:08.118,29.9300,100
36008439068784,10:00:08.439,29.9200,100
36008439068784,10:00:08.439,29.9200,100
36008439068784,10:00:08.439,29.9200,100
36008439068784,10:00:08.439,29.9200,100
36008439729345,10:00:08.439,29.9200,100
36008440192476,10:00:08.440,29.9200,100
36008440192476,10:00:08.440,29.9200,100
36008440192476,10:00:08.440,29.9200,100
36008440192476,10:00:08.440,29.9200,200
36008440192476,10:00:08.440,29.9200,100
36008440192476,10:00:08.440,29.9200,100
36008440192476,10:00:08.440,29.9200,100
36008440192476,10:00:08.440,29.9200,79
36008440192476,10:00:08.440,29.9200,200
36008440192476,10:00:08.440,29.9200,100
36009490015552,10:00:09.490,29.9250,100
36012790282805,10:00:12.790,29.9200,100
36012790282805,10:00:12.790,29.9200,30
36014982019595,10:00:14.982,29.9250,100
36018092862120,10:00:18.092,29.9300,100
36018592019277,10:00:18.592,29.9350,100
36019094013510,10:00:19.094,29.9350,100
36020025260677,10:00:20.025,29.9300,100
36022535492288,10:00:22.535,29.9400,1
36022535492288,10:00:22.535,29.9400,100
36022535492288,10:00:22.535,29.9400,100
36022535492288,10:00:22.535,29.9400,100
36057580547873,10:00:57.580,29.9500,100
36057580547873,10:00:57.580,29.9500,100
36057580547873,10:00:57.580,29.9500,100
36057580929812,10:00:57.580,29.9500,100
36070889017528,10:01:10.889,29.9400,100
36070889017528,10:01:10.889,29.9400,100
36091066980933,10:01:31.066,29.9300,100
36132367255002,10:02:12.367,29.9300,100
36132367255002,10:02:12.367,29.9300,100
36132367284582,10:02:12.367,29.9300,200
36132367284582,10:02:12.367,29.9300,100
36132367288175,10:02:12.367,29.9300,100
36143796815652,10:02:23.796,29.9300,100
36143796815652,10:02:23.796,29.9300,100
36143796815652,10:02:23.796,29.9300,100
36143796815652,10:02:23.796,29.9300,100
36143796815652,10:02:23.796,29.9300,9
36143796815652,10:02:23.796,29.9300,11
36143796815652,10:02:23.796,29.9300,100
36143796815652,10:02:23.796,29.9300,100
36143796815652,10:02:23.796,29.9300,180
36143796886802,10:02:23.796,29.9300,20
36143984405211,10:02:23.984,29.9300,100
36143984405211,10:02:23.984,29.9300,54
36143984480112,10:02:23.984,29.9300,78
36143984480112,10:02:23.984,29.9300,200
36143984480112,10:02:23.984,29.9300,100
36166663353399,10:02:46.663,29.9200,100
36166663353399,10:02:46.663,29.9200,100
36166678416295,10:02:46.678,29.9200,100
36166688967221,10:02:46.688,29.9200,200
36166688967221,10:02:46.688,29.9200,100
36166688967221,10:02:46.688,29.9200,100
36166688967221,10:02:46.688,29.9200,75
36166688967221,10:02:46.688,29.9200,200
36166713213692,10:02:46.713,29.9100,100
36166713213692,10:02:46.713,29.9100,200
36166713213692,10:02:46.713,29.9100,200
36166713213692,10:02:46.713,29.9100,400
36166715792950,10:02:46.715,29.9100,308
36166715792950,10:02:46.715,29.9100,100
36166715792950,10:02:46.715,29.9100,100
36166715792950,10:02:46.715,29.9100,100
36166715792950,10:02:46.715,29.9100,100
36166716461330,10:02:46.716,29.9100,66
36166716461330,10:02:46.716,29.9100,34
36166716619272,10:02:46.716,29.9100,66
36166717353515,10:02:46.717,29.9100,100
36166717353515,10:02:46.717,29.9100,100
36166717683234,10:02:46.717,29.9100,100
36166718270503,10:02:46.718,29.9100,100
36167028433790,10:02:47.028,29.9100,100
36167028433790,10:02:47.028,29.9100,100
36168867598146,10:02:48.867,29.9150,100
36168867598146,10:02:48.867,29.9100,100
36168867598146,10:02:48.867,29.9100,200
36168867598146,10:02:48.867,29.9100,100
36168867628687,10:02:48.867,29.9100,100
36168868053003,10:02:48.868,29.9100,100
36168868053003,10:02:48.868,29.9100,200
36168868053003,10:02:48.868,29.9100,300
36170917427437,10:02:50.917,29.9100,100
36170917427437,10:02:50.917,29.9100,100
36170917550500,10:02:50.917,29.9100,100
36183628487324,10:03:03.628,29.9100,200
36183628487324,10:03:03.628,29.9100,100
36183628487324,10:03:03.628,29.9100,100
36183628487324,10:03:03.628,29.9100,100
36184291822825,10:03:04.291,29.9100,200
36184291822825,10:03:04.291,29.9100,200
36184291822825,10:03:04.291,29.9100,100
36184291822825,10:03:04.291,29.9100,100
36189767826722,10:03:09.767,29.9100,100
36189767826722,10:03:09.767,29.9100,100
36189770861925,10:03:09.770,29.9100,300
36189770861925,10:03:09.770,29.9100,100
36189770861925,10:03:09.770,29.9100,100
36189770861925,10:03:09.770,29.9100,52
36189771011163,10:03:09.771,29.9100,26
36189771011163,10:03:09.771,29.9100,200
36189771011163,10:03:09.771,29.9100,77
36189771096734,10:03:09.771,29.9100,23
36189771096734,10:03:09.771,29.9100,100
36189771096734,10:03:09.771,29.9100,100
36196091012104,10:03:16.091,29.9100,100
36196091012104,10:03:16.091,29.9100,200
36196091012104,10:03:16.091,29.9100,100
36196091150631,10:03:16.091,29.9100,100
36197642025005,10:03:17.642,29.9150,300
36198351956248,10:03:18.351,29.9100,100
36198351956248,10:03:18.351,29.9100,200
36198352341681,10:03:18.352,29.9100,100
36198352341681,10:03:18.352,29.9100,200
36198352341681,10:03:18.352,29.9100,100
36198352341681,10:03:18.352,29.9100,100
36198403849529,10:03:18.403,29.9100,200
36198403849529,10:03:18.403,29.9100,100
36234259935727,10:03:54.259,29.9100,54
36234259976897,10:03:54.259,29.9100,46
36234259976897,10:03:54.259,29.9100,600
36234259976897,10:03:54.259,29.9100,100
36242120903380,10:04:02.120,29.9000,100
36242120903380,10:04:02.120,29.9000,100
36242142469008,10:04:02.142,29.8900,100
36242142469008,10:04:02.142,29.8900,100
36242142508146,10:04:02.142,29.8900,100
36242143296461,10:04:02.143,29.8900,325
36242254545116,10:04:02.254,29.8900,200
36242254545116,10:04:02.254,29.8900,82
36242254545116,10:04:02.254,29.8900,300
36242254545116,10:04:02.254,29.8900,100
36245640429078,10:04:05.640,29.8900,100
36245640429078,10:04:05.640,29.8900,200
36245640429078,10:04:05.640,29.8900,9
36245640429078,10:04:05.640,29.8900,100
36245640557106,10:04:05.640,29.8900,100
36245822747411,10:04:05.822,29.8800,200
36252882692280,10:04:12.882,29.8700,500
36258924181699,10:04:18.924,29.8700,100
36260341348672,10:04:20.341,29.8800,100
36260341348672,10:04:20.341,29.8800,200
36260341348672,10:04:20.341,29.8800,3
36260341348672,10:04:20.341,29.8800,6
36260341348672,10:04:20.341,29.8800,5
36260356465537,10:04:20.356,29.8900,100
36260357644097,10:04:20.357,29.8900,100
36260357644097,10:04:20.357,29.8900,100
36270472974647,10:04:30.472,29.8800,76
36276855125417,10:04:36.855,29.8800,100
36282095917957,10:04:42.095,29.8800,12
36283097012024,10:04:43.097,29.8750,300
36306994216276,10:05:06.994,29.8800,200
36306994216276,10:05:06.994,29.8800,100
36306994216276,10:05:06.994,29.8800,100
36321982170513,10:05:21.982,29.8900,71
36321982199461,10:05:21.982,29.8900,229
36321982199461,10:05:21.982,29.8900,200
36321982199461,10:05:21.982,29.8900,200
36325418626878,10:05:25.418,29.8950,100
36329210950499,10:05:29.210,29.8900,100
36329210950499,10:05:29.210,29.8900,100
36335192926846,10:05:35.192,29.8900,100
36335193305534,10:05:35.193,29.8900,100
36337873959493,10:05:37.873,29.8950,100
36344273428581,10:05:44.273,29.8900,100
36350380203011,10:05:50.380,29.8900,14
36350380203011,10:05:50.380,29.8900,8
36360184239573,10:06:00.184,29.9000,300
36360186183808,10:06:00.186,29.9000,300
36360186183808,10:06:00.186,29.9000,100
36360816008214,10:06:00.816,29.9050,100
36386291378969,10:06:26.291,29.9000,100
36386291378969,10:06:26.291,29.9000,100
36386291378969,10:06:26.291,29.9000,100
36386291378969,10:06:26.291,29.9000,9
36386291378969,10:06:26.291,29.9000,2
36386291378969,10:06:26.291,29.9000,100
36386291378969,10:06:26.291,29.9000,100
36386291378969,10:06:26.291,29.9000,5
36386291813235,10:06:26.291,29.9000,100
36386291813235,10:06:26.291,29.9000,200
36386291813235,10:06:26.291,29.9000,100
36386291813235,10:06:26.291,29.9000,100
36386291813235,10:06:26.291,29.9000,100
36386291813235,10:06:26.291,29.9000,200
36386291813235,10:06:26.291,29.9000,100
36386291813235,10:06:26.291,29.9000,200
36386291813235,10:06:26.291,29.9000,100
36386292812784,10:06:26.292,29.9000,200
36386292812784,10:06:26.292,29.9000,100
36386292812784,10:06:26.292,29.9000,100
36386292812784,10:06:26.292,29.9000,77
36386292812784,10:06:26.292,29.9000,200
36386292812784,10:06:26.292,29.9000,100
36386292812784,10:06:26.292,29.9000,100
36386292812784,10:06:26.292,29.9000,23
36386293439568,10:06:26.293,29.9000,100
36386594420866,10:06:26.594,29.9000,200
36386594420866,10:06:26.594,29.9000,100
36388259939376,10:06:28.259,29.9100,100
36406918961581,10:06:46.918,29.9100,300
36406918961581,10:06:46.918,29.9100,300
36406918961581,10:06:46.918,29.9100,300
36406923825476,10:06:46.923,29.9100,200
36406923825476,10:06:46.923,29.9100,100
36406923825476,10:06:46.923,29.9100,200
36406923825476,10:06:46.923,29.9100,100
36409084793742,10:06:49.084,29.9000,100
36409084793742,10:06:49.084,29.9000,100
36409105697624,10:06:49.105,29.8900,100
36409105697624,10:06:49.105,29.8900,100
36409105697624,10:06:49.105,29.8900,100
36409105735759,10:06:49.105,29.8900,100
36409105735759,10:06:49.105,29.8900,100
36409105748894,10:06:49.105,29.8900,100
36415295222344,10:06:55.295,29.8900,200
36417642717288,10:06:57.642,29.8900,100
36417642717288,10:06:57.642,29.8900,100
36417642717288,10:06:57.642,29.8900,200
36417642717288,10:06:57.642,29.8900,12
36417642785191,10:06:57.642,29.8900,188
36417642785191,10:06:57.642,29.8900,300
36417643964628,10:06:57.643,29.8900,100
36417644164683,10:06:57.644,29.8900,76
36428905153465,10:07:08.905,29.8900,45
36428905197708,10:07:08.905,29.8900,55
36428905197708,10:07:08.905,29.8900,45
36428905233483,10:07:08.905,29.8900,55
36428905829319,10:07:08.905,29.8900,45
36428905829319,10:07:08.905,29.8900,55
36429910322264,10:07:09.910,29.8800,100
36429910322264,10:07:09.910,29.8800,100
36437161723296,10:07:17.161,29.8700,10
36437161723296,10:07:17.161,29.8700,100
36437161723296,10:07:17.161,29.8700,1
36456870291534,10:07:36.870,29.8700,100
36470770739614,10:07:50.770,29.8800,200
36470770739614,10:07:50.770,29.8800,200
36470770739614,10:07:50.770,29.8800,100
36488269109080,10:08:08.269,29.9000,100
36488269109080,10:08:08.269,29.9000,1
36488269109080,10:08:08.269,29.9000,200
36488269109080,10:08:08.269,29.9000,300
36488269126140,10:08:08.269,29.9000,198
36488269146026,10:08:08.269,29.9000,404
36488269146026,10:08:08.269,29.9000,197
36488269276154,10:08:08.269,29.9000,103
36488269276154,10:08:08.269,29.9000,103
36488269513758,10:08:08.269,29.9000,18
36488274831140,10:08:08.274,29.9000,82
36488274831140,10:08:08.274,29.9000,71
36488274831140,10:08:08.274,29.9000,100
36488274831140,10:08:08.274,29.9000,47
36488276769821,10:08:08.276,29.9000,118
36488276769821,10:08:08.276,29.9000,100
36493810711152,10:08:13.810,29.9000,100
36493810882871,10:08:13.810,29.9000,100
36493810882871,10:08:13.810,29.9000,200
36496124039479,10:08:16.124,29.9000,100
36496124039479,10:08:16.124,29.9000,100
36507634067115,10:08:27.634,29.9000,200
36508745546293,10:08:28.745,29.9000,100
36508745546293,10:08:28.745,29.9000,100
36508860172204,10:08:28.860,29.9000,100
36508860198825,10:08:28.860,29.9000,74
36508860198825,10:08:28.860,29.9000,200
36548983046663,10:09:08.983,29.9100,100
36548983046663,10:09:08.983,29.9100,100
36548983046663,10:09:08.983,29.9100,3
36548983771510,10:09:08.983,29.9100,6
36548985351497,10:09:08.985,29.9100,94
36548988299621,10:09:08.988,29.9100,100
36549583011470,10:09:09.583,29.9150,100
36552856499945,10:09:12.856,29.9100,9
36552856499945,10:09:12.856,29.9100,100
36552856499945,10:09:12.856,29.9100,100
36554031109206,10:09:14.031,29.9000,100
36554031109206,10:09:14.031,29.9000,100
36554031109206,10:09:14.031,29.9000,100
36591746227722,10:09:51.746,29.9000,22
36592234600073,10:09:52.234,29.9000,100
36592234600073,10:09:52.234,29.9000,200
36592235340107,10:09:52.235,29.9000,54
36592236412803,10:09:52.236,29.9000,46
36592236412803,10:09:52.236,29.9000,200
36592236412803,10:09:52.236,29.9000,154
36592236473458,10:09:52.236,29.9000,46
36592236491458,10:09:52.236,29.9000,100
36631075813743,10:10:31.075,29.9050,100
36701208109095,10:11:41.208,29.9100,3
36701208109095,10:11:41.208,29.9100,300
36701208109095,10:11:41.208,29.9100,200
36701208109095,10:11:41.208,29.9100,100
36701208109095,10:11:41.208,29.9100,100
36701208110885,10:11:41.208,29.9100,200
36708694664920,10:11:48.694,29.9200,1
36708694664920,10:11:48.694,29.9200,300
36708694766464,10:11:48.694,29.9200,300
36710027175173,10:11:50.027,29.9200,100
36710027175173,10:11:50.027,29.9200,100
36710027175173,10:11:50.027,29.9200,43
36710027175173,10:11:50.027,29.9200,100
36710027175173,10:11:50.027,29.9200,100
36710027875883,10:11:50.027,29.9200,100
36710027875883,10:11:50.027,29.9200,26
36715025330376,10:11:55.025,29.9200,200
36716428007020,10:11:56.428,29.9250,300
36723047897554,10:12:03.047,29.9300,200
36723047897554,10:12:03.047,29.9300,100
36723047897554,10:12:03.047,29.9300,200
36723047899784,10:12:03.047,29.9300,100
36740023754540,10:12:20.023,29.9300,12
36740023754540,10:12:20.023,29.9300,100
36740023754540,10:12:20.023,29.9300,88
36762331139325,10:12:42.331,29.9300,212
36762331139325,10:12:42.331,29.9300,100
36767659502019,10:12:47.659,29.9300,100
36767659531600,10:12:47.659,29.9300,100
36767660951787,10:12:47.660,29.9300,200
36767731385087,10:12:47.731,29.9300,300
36771051004051,10:12:51.051,29.9250,100
36771051004744,10:12:51.051,29.9250,100
36771191790818,10:12:51.191,29.9200,96
36771668989844,10:12:51.668,29.9250,100
36771668991420,10:12:51.668,29.9250,100
36775231734657,10:12:55.231,29.9200,100
36787316105758,10:13:07.316,29.9100,100
36805287722136,10:13:25.287,29.9100,100
36814146768271,10:13:34.146,29.9100,100
36851349630977,10:14:11.349,29.9050,100
36851349630977,10:14:11.349,29.9000,123
36851349660881,10:14:11.349,29.9000,877
36851349660881,10:14:11.349,29.9000,11
36852728010867,10:14:12.728,29.8950,100
36852728012342,10:14:12.728,29.8950,100
36856036579787,10:14:16.036,29.8900,100
36882297112785,10:14:42.297,29.8900,100
36882297112785,10:14:42.297,29.8900,300
36882297112785,10:14:42.297,29.8900,100
36882297112785,10:14:42.297,29.8900,4
36882297112785,10:14:42.297,29.8900,4
36882297112785,10:14:42.297,29.8900,166
36882297148800,10:14:42.297,29.8900,34
36933104019209,10:15:33.104,29.8950,100
36933443245043,10:15:33.443,29.8900,6
36933443693795,10:15:33.443,29.8900,94
36933443693795,10:15:33.443,29.8900,100
36939723959279,10:15:39.723,29.8900,200
36939723959279,10:15:39.723,29.8900,300
36939723959279,10:15:39.723,29.8900,100
36939723959279,10:15:39.723,29.8900,200
36939723959279,10:15:39.723,29.8900,96
36939723959279,10:15:39.723,29.8900,100
36945131482732,10:15:45.131,29.8900,100
36946149026196,10:15:46.149,29.8900,100
36947723396227,10:15:47.723,29.9000,100
36947723396227,10:15:47.723,29.9000,2
36947723396227,10:15:47.723,29.9000,100
36947723396227,10:15:47.723,29.9000,100
36947723396227,10:15:47.723,29.9000,200
36947727983735,10:15:47.727,29.9000,200
36957748281069,10:15:57.748,29.9100,100
36957748313227,10:15:57.748,29.9100,100
36964420528925,10:16:04.420,29.9100,100
36974393771010,10:16:14.393,29.9200,100
36974414386529,10:16:14.414,29.9200,100
36975067249702,10:16:15.067,29.9200,100
36978078367412,10:16:18.078,29.9300,100
37032824122387,10:17:12.824,29.9300,100
37032824122387,10:17:12.824,29.9300,100
37032824554393,10:17:12.824,29.9300,120
37032824740907,10:17:12.824,29.9300,80
37032824740907,10:17:12.824,29.9300,100
37032824740907,10:17:12.824,29.9300,12
37032824740907,10:17:12.824,29.9300,100
37032824740907,10:17:12.824,29.9300,100
37032824740907,10:17:12.824,29.9300,100
37039163934434,10:17:19.163,29.9200,100
37039163934434,10:17:19.163,29.9200,1
37039163934434,10:17:19.163,29.9200,100
37039605924268,10:17:19.605,29.9150,300
37051258656893,10:17:31.258,29.9200,100
37051258656893,10:17:31.258,29.9200,100
37051258656893,10:17:31.258,29.9200,100
37051258656893,10:17:31.258,29.9200,100
37051266213793,10:17:31.266,29.9200,41
37051266213793,10:17:31.266,29.9200,100
37051266213793,10:17:31.266,29.9200,100
37051266213793,10:17:31.266,29.9200,59
37062912785456,10:17:42.912,29.9200,200
37064414982957,10:17:44.414,29.9200,100
37089957599356,10:18:09.957,29.9100,100
37089957640339,10:18:09.957,29.9100,100
37089957640339,10:18:09.957,29.9100,100
37089957672772,10:18:09.957,29.9100,10
37089957672772,10:18:09.957,29.9100,100
37089957672772,10:18:09.957,29.9100,5
37089957672772,10:18:09.957,29.9100,5
37101799091100,10:18:21.799,29.9100,200
37101799091100,10:18:21.799,29.9100,100
37101799091100,10:18:21.799,29.9100,300
37130171257671,10:18:50.171,29.9000,100
37130171284195,10:18:50.171,29.9000,200
37137353350672,10:18:57.353,29.8900,100
37137353350672,10:18:57.353,29.8900,100
37137353350672,10:18:57.353,29.8900,100
37150873094422,10:19:10.873,29.8900,300
37150873094422,10:19:10.873,29.8900,100
37172283493423,10:19:32.283,29.9000,100
37172283493423,10:19:32.283,29.9000,200
37172283575285,10:19:32.283,29.9000,6
37172283778805,10:19:32.283,29.9000,94
37172283778805,10:19:32.283,29.9000,100
37172289067261,10:19:32.289,29.9000,100
37179040973606,10:19:39.040,29.9100,200
37179040973606,10:19:39.040,29.9100,300
37179042967620,10:19:39.042,29.9150,100
37179042967620,10:19:39.042,29.9100,100
37199537701688,10:19:59.537,29.9200,200
37216052493214,10:20:16.052,29.9200,100
37216052493214,10:20:16.052,29.9200,100
37225460312700,10:20:25.460,29.9300,100
37225460312700,10:20:25.460,29.9300,100
37227338958154,10:20:27.338,29.9300,95
37245396948983,10:20:45.396,29.9400,81
37245396980668,10:20:45.396,29.9400,72
37271297988582,10:21:11.297,29.9350,100
37282145817319,10:21:22.145,29.9400,100
37282145817319,10:21:22.145,29.9400,300
37282145817319,10:21:22.145,29.9400,2
37282145817319,10:21:22.145,29.9400,144
37282148746409,10:21:22.148,29.9500,100
37282148746409,10:21:22.148,29.9500,100
37282148746409,10:21:22.148,29.9500,100
37282148746409,10:21:22.148,29.9500,100
37282148746409,10:21:22.148,29.9500,100
37282148746409,10:21:22.148,29.9500,100
37282148746409,10:21:22.148,29.9500,500
37282148746409,10:21:22.148,29.9500,100
37282149257633,10:21:22.149,29.9500,100
37283162234059,10:21:23.162,29.9600,13
37286920669444,10:21:26.920,29.9650,100
37286920669444,10:21:26.920,29.9600,100
37286920669444,10:21:26.920,29.9600,200
37291421074682,10:21:31.421,29.9700,200
37291421074682,10:21:31.421,29.9700,200
37291421183821,10:21:31.421,29.9700,100
37291421573327,10:21:31.421,29.9700,40
37303566989590,10:21:43.566,29.9750,300
37333271977301,10:22:13.271,29.9800,100
37333272375580,10:22:13.272,29.9800,100
37333272375580,10:22:13.272,29.9800,100
37333302416709,10:22:13.302,29.9800,20
37335891626301,10:22:15.891,29.9800,100
37335891700190,10:22:15.891,29.9800,300
37338283643011,10:22:18.283,29.9750,100
37338283643011,10:22:18.283,29.9700,100
37338283643011,10:22:18.283,29.9700,200
37378235303877,10:22:58.235,29.9700,400
37378235303877,10:22:58.235,29.9700,9
37378235303877,10:22:58.235,29.9700,1
37378235303877,10:22:58.235,29.9700,100
37378235519419,10:22:58.235,29.9700,100
37378246439662,10:22:58.246,29.9600,100
37378246439662,10:22:58.246,29.9600,100
37378261331445,10:22:58.261,29.9600,100
37378261331445,10:22:58.261,29.9600,100
37384557776186,10:23:04.557,29.9500,100
37384557776186,10:23:04.557,29.9500,100
37384557776186,10:23:04.557,29.9500,300
37387966107790,10:23:07.966,29.9400,100
37410802409060,10:23:30.802,29.9300,100
37414975195859,10:23:34.975,29.9400,600
37414975195859,10:23:34.975,29.9400,152
37414975218578,10:23:34.975,29.9400,48
37414975218578,10:23:34.975,29.9400,52
37414975227293,10:23:34.975,29.9400,48
37414975227293,10:23:34.975,29.9400,200
37414975359488,10:23:34.975,29.9400,100
37429061667258,10:23:49.061,29.9500,200
37429062023844,10:23:49.062,29.9500,100
37560500825900,10:26:00.500,29.9600,5
37560500825900,10:26:00.500,29.9600,200
37560500825900,10:26:00.500,29.9600,300
37560500825900,10:26:00.500,29.9600,12
37560500825900,10:26:00.500,29.9600,100
37560500825900,10:26:00.500,29.9600,100
37560500825900,10:26:00.500,29.9600,200
37560500843553,10:26:00.500,29.9600,100
37561566133320,10:26:01.566,29.9700,100
37561566133320,10:26:01.566,29.9700,100
37563501272626,10:26:03.501,29.9750,100
37563501272626,10:26:03.501,29.9750,100
37563501272626,10:26:03.501,29.9700,200
37563501272626,10:26:03.501,29.9700,87
37563501303884,10:26:03.501,29.9700,91
37563501303884,10:26:03.501,29.9700,100
37563501303884,10:26:03.501,29.9700,9
37580130742088,10:26:20.130,29.9650,100
37589789132090,10:26:29.789,29.9600,100
37589789132090,10:26:29.789,29.9600,100
37589789132090,10:26:29.789,29.9600,100
37589789168797,10:26:29.789,29.9600,300
37589789355281,10:26:29.789,29.9600,100
37589789356832,10:26:29.789,29.9600,100
37589789402260,10:26:29.789,29.9600,10
37589789598728,10:26:29.789,29.9600,6
37589794270495,10:26:29.794,29.9600,94
37590204260793,10:26:30.204,29.9550,100
37600145566566,10:26:40.145,29.9550,100
37605666670601,10:26:45.666,29.9500,100
37605666670601,10:26:45.666,29.9500,100
37605666670601,10:26:45.666,29.9500,100
37605666705225,10:26:45.666,29.9500,6
37605666705225,10:26:45.666,29.9500,1
37605666705225,10:26:45.666,29.9500,2
37605666705225,10:26:45.666,29.9500,37
37635645005185,10:27:15.645,29.9550,300
37737049186576,10:28:57.049,29.9600,80
37740952965493,10:29:00.952,29.9600,100
37740953040476,10:29:00.953,29.9600,20
37740953040476,10:29:00.953,29.9600,100
37740953040476,10:29:00.953,29.9600,300
37740953040476,10:29:00.953,29.9600,100
37740953040476,10:29:00.953,29.9600,82
37740953123321,10:29:00.953,29.9600,118
37740953123321,10:29:00.953,29.9600,13
37740953123321,10:29:00.953,29.9600,100
37744227836763,10:29:04.227,29.9650,100
37744227836763,10:29:04.227,29.9650,100
37744227836763,10:29:04.227,29.9600,100
37744227836763,10:29:04.227,29.9600,59
37744229305421,10:29:04.229,29.9600,100
37744229305421,10:29:04.229,29.9600,100
37744229305421,10:29:04.229,29.9600,100
37744229305421,10:29:04.229,29.9600,41
37744229346849,10:29:04.229,29.9600,59
37754822203431,10:29:14.822,29.9550,100
37764506387404,10:29:24.506,29.9550,100
37764506419965,10:29:24.506,29.9500,1
37764506419965,10:29:24.506,29.9500,100
37764506419965,10:29:24.506,29.9500,1
37764506419965,10:29:24.506,29.9500,100
37764506419965,10:29:24.506,29.9500,100
37764506419965,10:29:24.506,29.9500,100
37764506419965,10:29:24.506,29.9500,1
37764506419965,10:29:24.506,29.9500,100
37764506419965,10:29:24.506,29.9500,100
37764691091494,10:29:24.691,29.9500,83
37764691091494,10:29:24.691,29.9500,200
37765980989156,10:29:25.980,29.9550,100
37778152787519,10:29:38.152,29.9550,100
37802854154607,10:30:02.854,29.9600,100
37802854154607,10:30:02.854,29.9600,200
37802854154607,10:30:02.854,29.9600,100
37802854154607,10:30:02.854,29.9600,200
37802854154607,10:30:02.854,29.9600,13
37802854343312,10:30:02.854,29.9600,100
37802859060517,10:30:02.859,29.9600,200
37804387789455,10:30:04.387,29.9650,100
37804387789455,10:30:04.387,29.9600,1300
37804387789455,10:30:04.387,29.9600,100
37804387789455,10:30:04.387,29.9600,111
37804387796086,10:30:04.387,29.9600,89
37804387796086,10:30:04.387,29.9600,11
37807133198244,10:30:07.133,29.9500,100
37818543075289,10:30:18.543,29.9500,100
37818543075289,10:30:18.543,29.9500,100
37818543075289,10:30:18.543,29.9500,100
37818550464288,10:30:18.550,29.9400,100
37818550464288,10:30:18.550,29.9400,100
37818550626514,10:30:18.550,29.9400,100
37818551425180,10:30:18.551,29.9400,100
37823070205660,10:30:23.070,29.9300,100
37823070205660,10:30:23.070,29.9300,1
37848619455726,10:30:48.619,29.9300,200
37848619455726,10:30:48.619,29.9300,100
37848619455726,10:30:48.619,29.9300,100
37870279966654,10:31:10.279,29.9350,100
37885572318667,10:31:25.572,29.9400,100
37885572318667,10:31:25.572,29.9400,200
37885572318667,10:31:25.572,29.9400,100
37885572318667,10:31:25.572,29.9400,12
37885572320202,10:31:25.572,29.9400,100
37885576831297,10:31:25.576,29.9450,100
37898211289159,10:31:38.211,29.9500,1
37898211289159,10:31:38.211,29.9500,200
37898212288278,10:31:38.212,29.9500,200
37898212288278,10:31:38.212,29.9500,100
37898214055510,10:31:38.214,29.9500,100
37898214055510,10:31:38.214,29.9500,100
37898880960574,10:31:38.880,29.9550,100
37903751956998,10:31:43.751,29.9550,100
37911213921897,10:31:51.213,29.9550,100
37911213921897,10:31:51.213,29.9500,100
37952648353460,10:32:32.648,29.9600,200
37952648353460,10:32:32.648,29.9600,1
37952648353460,10:32:32.648,29.9600,200
37952648355852,10:32:32.648,29.9600,100
37952653038656,10:32:32.653,29.9600,200
37973497197740,10:32:53.497,29.9700,200
37973497197740,10:32:53.497,29.9700,100
37973497197740,10:32:53.497,29.9700,18
37973497197740,10:32:53.497,29.9700,282
37973497268556,10:32:53.497,29.9700,18
37973497325826,10:32:53.497,29.9700,100
37981997074204,10:33:01.997,29.9750,100
37981997074204,10:33:01.997,29.9700,300
38002947714161,10:33:22.947,29.9800,200
38002947714161,10:33:22.947,29.9800,100
38002947714161,10:33:22.947,29.9800,100
38002947714161,10:33:22.947,29.9800,200
38002947882567,10:33:22.947,29.9800,100
38002947917660,10:33:22.947,29.9800,300
38002947917660,10:33:22.947,29.9800,100
38002947917660,10:33:22.947,29.9800,100
38002947917660,10:33:22.947,29.9800,300
38002947917660,10:33:22.947,29.9800,100
38002947917660,10:33:22.947,29.9800,54
38003907016190,10:33:23.907,29.9800,100
38004447890346,10:33:24.447,29.9800,100
38004447890346,10:33:24.447,29.9800,100
38010274915465,10:33:30.274,29.9800,200
38040755825412,10:34:00.755,29.9800,100
38040755867108,10:34:00.755,29.9800,100
38040755867108,10:34:00.755,29.9800,3
38040755867108,10:34:00.755,29.9800,97
38040755903725,10:34:00.755,29.9800,3
38040755903725,10:34:00.755,29.9800,100
38043085202551,10:34:03.085,29.9800,100
38043085202551,10:34:03.085,29.9800,100
38046111902476,10:34:06.111,29.9800,100
38046111902476,10:34:06.111,29.9800,100
38046111902476,10:34:06.111,29.9800,100
38055592554063,10:34:15.592,29.9750,100
38063344896733,10:34:23.344,29.9700,100
38065861048269,10:34:25.861,29.9700,100
38065861048269,10:34:25.861,29.9700,100
38067274385665,10:34:27.274,29.9700,100
38067277386030,10:34:27.277,29.9700,100
38067277386030,10:34:27.277,29.9700,3
38067277386030,10:34:27.277,29.9700,2
38067277386030,10:34:27.277,29.9700,195
38067479869222,10:34:27.479,29.9700,11
38067479869222,10:34:27.479,29.9700,100
38067479869222,10:34:27.479,29.9700,100
38068355266983,10:34:28.355,29.9600,32
38068359185170,10:34:28.359,29.9600,168
38068359185170,10:34:28.359,29.9600,100
38068359185170,10:34:28.359,29.9600,100
38068359185170,10:34:28.359,29.9600,32
38068359372033,10:34:28.359,29.9600,68
38070361206585,10:34:30.361,29.9550,100
38071897991840,10:34:31.897,29.9500,100
38077323611938,10:34:37.323,29.9500,100
38077323611938,10:34:37.323,29.9500,18
38077323611938,10:34:37.323,29.9500,100
38080917403068,10:34:40.917,29.9600,100
38080917403068,10:34:40.917,29.9600,200
38080917403068,10:34:40.917,29.9600,100
38080917698176,10:34:40.917,29.9600,100
38080917698176,10:34:40.917,29.9600,100
38094941835725,10:34:54.941,29.9700,200
38094941835725,10:34:54.941,29.9700,100
38094941985877,10:34:54.941,29.9700,100
38094941985877,10:34:54.941,29.9700,100
38094943176375,10:34:54.943,29.9700,200
38096610533081,10:34:56.610,29.9700,300
38107465186215,10:35:07.465,29.9800,300
38107465186215,10:35:07.465,29.9800,100
38107465186215,10:35:07.465,29.9800,2
38113514071702,10:35:13.514,29.9850,100
38114084054793,10:35:14.084,29.9850,100
38222245159245,10:37:02.245,29.9800,100
38222245159245,10:37:02.245,29.9800,1
38222245159245,10:37:02.245,29.9800,2
38222245159245,10:37:02.245,29.9800,10
38222245159245,10:37:02.245,29.9800,87
38231608656058,10:37:11.608,29.9800,13
38231608656058,10:37:11.608,29.9800,1
38231608667036,10:37:11.608,29.9800,15
38231609808642,10:37:11.609,29.9800,100
38231610705354,10:37:11.610,29.9800,85
38238191282871,10:37:18.191,29.9700,5
38238192945781,10:37:18.192,29.9700,95
38238192945781,10:37:18.192,29.9700,5
38238192965546,10:37:18.192,29.9700,95
38252287484343,10:37:32.287,29.9650,57
38265273012522,10:37:45.273,29.9700,200
38265273012522,10:37:45.273,29.9700,200
38265273012522,10:37:45.273,29.9700,3
38265273012522,10:37:45.273,29.9700,3
38265273012522,10:37:45.273,29.9700,2
38265273012522,10:37:45.273,29.9700,13
38265273012522,10:37:45.273,29.9700,100
38265273012522,10:37:45.273,29.9700,96
38265273193093,10:37:45.273,29.9700,100
38265273193093,10:37:45.273,29.9700,100
38270323432579,10:37:50.323,29.9750,100
38270323873338,10:37:50.323,29.9700,100
38270323961240,10:37:50.323,29.9700,100
38270374112537,10:37:50.374,29.9700,206
38270374142783,10:37:50.374,29.9700,94
38270374142783,10:37:50.374,29.9700,100
38270374142783,10:37:50.374,29.9700,96
38270379512845,10:37:50.379,29.9700,100
38270379512845,10:37:50.379,29.9700,100
38270379512845,10:37:50.379,29.9700,100
38270846618839,10:37:50.846,29.9700,100
38270846618839,10:37:50.846,29.9700,100
38270846618839,10:37:50.846,29.9700,100
38287326445359,10:38:07.326,29.9700,200
38287326445359,10:38:07.326,29.9700,18
38287326445359,10:38:07.326,29.9700,200
38295158359492,10:38:15.158,29.9800,200
38295158359492,10:38:15.158,29.9800,200
38295158575195,10:38:15.158,29.9800,100
38295160429480,10:38:15.160,29.9800,100
38331706940695,10:38:51.706,29.9900,200
38331706940695,10:38:51.706,29.9900,100
38331706940695,10:38:51.706,29.9900,100
38331707052029,10:38:51.707,29.9900,100
38331707083746,10:38:51.707,29.9900,100
38331707199641,10:38:51.707,29.9900,100
38332365020017,10:38:52.365,29.9950,100
38335691018393,10:38:55.691,29.9950,100
38338119764928,10:38:58.119,29.9950,40
38338119764928,10:38:58.119,29.9950,100
38338119764928,10:38:58.119,30.0000,100
38338119764928,10:38:58.119,30.0000,500
38338119764928,10:38:58.119,30.0000,100
38338119764928,10:38:58.119,30.0000,100
38338119764928,10:38:58.119,30.0000,100
38338119764928,10:38:58.119,30.0000,2
38338119764928,10:38:58.119,30.0000,23
38362610404527,10:39:22.610,29.9950,100
38402029546067,10:40:02.029,29.9900,50
38402030305549,10:40:02.030,29.9900,250
38402030305549,10:40:02.030,29.9900,13
38402030328436,10:40:02.030,29.9900,100
38402030350775,10:40:02.030,29.9900,87
38402030350775,10:40:02.030,29.9900,13
38402041540528,10:40:02.041,29.9900,187
38402041567419,10:40:02.041,29.9900,99
38402041680226,10:40:02.041,29.9900,10
38402041802835,10:40:02.041,29.9900,101
38402041802835,10:40:02.041,29.9900,99
38402056239922,10:40:02.056,29.9900,100
38402058917911,10:40:02.058,29.9900,1
38406646317207,10:40:06.646,29.9900,10
38416659016614,10:40:16.659,29.9850,300
38464178779284,10:41:04.178,29.9800,100
38464178779284,10:41:04.178,29.9800,10
38464178779284,10:41:04.178,29.9800,100
38464178779284,10:41:04.178,29.9800,100
38464178779284,10:41:04.178,29.9800,100
38468181358540,10:41:08.181,29.9700,100
38468226760166,10:41:08.226,29.9700,100
38468651764665,10:41:08.651,29.9700,200
38470462004108,10:41:10.462,29.9650,100
38506264998950,10:41:46.264,29.9650,100
38506897006350,10:41:46.897,29.9650,100
38507463006553,10:41:47.463,29.9650,100
38507468468781,10:41:47.468,29.9600,100
38507468468781,10:41:47.468,29.9600,100
38507629991792,10:41:47.629,29.9650,100
38574433384466,10:42:54.433,29.9700,500
38574433384466,10:42:54.433,29.9700,100
38574433384466,10:42:54.433,29.9700,200
38574433384466,10:42:54.433,29.9700,100
38574433384466,10:42:54.433,29.9700,12
38574444536741,10:42:54.444,29.9800,100
38574444536741,10:42:54.444,29.9800,100
38574444536741,10:42:54.444,29.9800,100
38574516369796,10:42:54.516,29.9900,200
38574516397079,10:42:54.516,29.9900,100
38574516397079,10:42:54.516,29.9900,87
38574516411543,10:42:54.516,29.9900,13
38575855186062,10:42:55.855,30.0000,10
38575855238176,10:42:55.855,30.0000,200
38575855271257,10:42:55.855,30.0000,90
38575855271257,10:42:55.855,30.0000,100
38575855271257,10:42:55.855,30.0000,10
38575855767822,10:42:55.855,30.0000,8
38575855767822,10:42:55.855,30.0000,300
38581628396487,10:43:01.628,30.0100,200
38581628396487,10:43:01.628,30.0100,100
38581628396487,10:43:01.628,30.0100,100
38581628396487,10:43:01.628,30.0100,100
38583134671911,10:43:03.134,30.0200,62
38583918154570,10:43:03.918,30.0200,100
38586497078365,10:43:06.497,30.0200,200
38586497078365,10:43:06.497,30.0200,100
38586497078365,10:43:06.497,30.0200,200
38587627715808,10:43:07.627,30.0200,100
38587627715808,10:43:07.627,30.0200,11
38587628274570,10:43:07.628,30.0200,100
38587645809697,10:43:07.645,30.0200,400
38587645809697,10:43:07.645,30.0200,200
38587645809697,10:43:07.645,30.0200,300
38587645809697,10:43:07.645,30.0200,100
38587645809697,10:43:07.645,30.0200,200
38587645809697,10:43:07.645,30.0200,104
38587645864765,10:43:07.645,30.0200,100
38598924864812,10:43:18.924,30.0250,200
38598924864812,10:43:18.924,30.0200,100
38598924864812,10:43:18.924,30.0200,200
38622275437145,10:43:42.275,30.0300,100
38622275437145,10:43:42.275,30.0300,100
38622275437145,10:43:42.275,30.0300,100
38622275437145,10:43:42.275,30.0300,100
38622275604745,10:43:42.275,30.0300,18
38622275604745,10:43:42.275,30.0300,200
38622275604745,10:43:42.275,30.0300,100
38622275604745,10:43:42.275,30.0300,100
38622275812727,10:43:42.275,30.0300,200
38622276997785,10:43:42.276,30.0300,100
38622276997785,10:43:42.276,30.0300,100
38622774998042,10:43:42.774,30.0350,200
38622774998701,10:43:42.774,30.0350,300
38623305998150,10:43:43.305,30.0350,400
38641497852618,10:44:01.497,30.0350,100
38641515976242,10:44:01.515,30.0350,100
38641540910136,10:44:01.540,30.0350,100
38644636725409,10:44:04.636,30.0400,100
38644636725409,10:44:04.636,30.0400,100
38644636725409,10:44:04.636,30.0400,2
38644738105418,10:44:04.738,30.0500,300
38653953424676,10:44:13.953,30.0500,100
38653953424676,10:44:13.953,30.0500,100
38653953473975,10:44:13.953,30.0500,100
38653953622850,10:44:13.953,30.0500,100
38653953622850,10:44:13.953,30.0500,100
38656197967805,10:44:16.197,30.0500,100
38656410478410,10:44:16.410,30.0500,100
38656410478410,10:44:16.410,30.0500,181
38657465988675,10:44:17.465,30.0500,100
38657465988675,10:44:17.465,30.0500,100
38657465988675,10:44:17.465,30.0500,100
38657472928546,10:44:17.472,30.0500,100
38659052602960,10:44:19.052,30.0500,100
38691944102789,10:44:51.944,30.0600,100
38691944102789,10:44:51.944,30.0600,100
38696242657322,10:44:56.242,30.0700,100
38698474199122,10:44:58.474,30.0700,300
38706640159156,10:45:06.640,30.0700,100
38706640159156,10:45:06.640,30.0700,100
38706640159156,10:45:06.640,30.0700,100
38706640159156,10:45:06.640,30.0700,300
38723740382250,10:45:23.740,30.0650,300
38723740382250,10:45:23.740,30.0600,1
38723740382250,10:45:23.740,30.0600,100
38723740382250,10:45:23.740,30.0600,299
38727078591970,10:45:27.078,30.0650,100
38739445530912,10:45:39.445,30.0650,100
38739445530912,10:45:39.445,30.0600,100
38739445530912,10:45:39.445,30.0600,100
38739445774637,10:45:39.445,30.0600,470
38739446594185,10:45:39.446,30.0600,300
38739446753577,10:45:39.446,30.0600,90
38739447042185,10:45:39.447,30.0600,140
38739447105203,10:45:39.447,30.0600,100
38739447265545,10:45:39.447,30.0600,100
38761581114418,10:46:01.581,30.0700,6
38763559150986,10:46:03.559,30.0700,300
38763559150986,10:46:03.559,30.0700,100
38763559150986,10:46:03.559,30.0700,18
38773633750005,10:46:13.633,30.0800,1
38773633750005,10:46:13.633,30.0800,200
38773633750005,10:46:13.633,30.0800,100
38777751954129,10:46:17.751,30.0900,100
38777751954129,10:46:17.751,30.0900,1
38777753833480,10:46:17.753,30.1000,100
38777753833480,10:46:17.753,30.1000,822
38777753833480,10:46:17.753,30.1000,100
38778417047150,10:46:18.417,30.0950,100
38794796045757,10:46:34.796,30.1000,100
38830747104500,10:47:10.747,30.0950,100
38830747104500,10:47:10.747,30.0900,200
38830747104500,10:47:10.747,30.0900,400
38830747134796,10:47:10.747,30.0900,100
38883333528720,10:48:03.333,30.0900,400
38883333528720,10:48:03.333,30.0900,100
38883333528720,10:48:03.333,30.0900,100
38894353301695,10:48:14.353,30.0900,100
38894353301695,10:48:14.353,30.0900,200
38894353301695,10:48:14.353,30.0900,100
38894353301695,10:48:14.353,30.0900,100
38896000938694,10:48:16.000,30.0900,18
38914338971641,10:48:34.338,30.1000,66
38914338978281,10:48:34.338,30.1000,34
38914338978281,10:48:34.338,30.1000,300
38914338978281,10:48:34.338,30.1000,100
38914338978281,10:48:34.338,30.1000,100
38914338978281,10:48:34.338,30.1000,3
38914338981965,10:48:34.338,30.1000,197
38914338991670,10:48:34.338,30.1000,800
38914339013205,10:48:34.339,30.1000,298
38914339019180,10:48:34.339,30.1000,702
38914956033755,10:48:34.956,30.1050,100
38925038379025,10:48:45.038,30.1050,100
38925038379025,10:48:45.038,30.1000,100
38925038398429,10:48:45.038,30.1000,100
38928547032321,10:48:48.547,30.0950,100
38931203416243,10:48:51.203,30.0900,100
38962514143851,10:49:22.514,30.1000,500
38962514143851,10:49:22.514,30.1000,800
38962514143851,10:49:22.514,30.1000,100
38962514143851,10:49:22.514,30.1000,200
38962514143851,10:49:22.514,30.1000,100
38962514596237,10:49:22.514,30.1000,100
38962514596237,10:49:22.514,30.1000,100
38963135030999,10:49:23.135,30.1050,100
38964515035308,10:49:24.515,30.1050,100
38966140029780,10:49:26.140,30.1050,100
38969377144878,10:49:29.377,30.1100,100
38969879028636,10:49:29.879,30.1050,100
38976962032083,10:49:36.962,30.1050,100
38983792289670,10:49:43.792,30.1050,100
38983792289670,10:49:43.792,30.1000,100
38983792289670,10:49:43.792,30.1000,100
38983792289670,10:49:43.792,30.1000,2
38983792289670,10:49:43.792,30.1000,100
38983792396221,10:49:43.792,30.1000,100
38985089206465,10:49:45.089,30.0900,100
38985589026914,10:49:45.589,30.0950,100
38987363026437,10:49:47.363,30.0950,100
38988926030221,10:49:48.926,30.0950,100
38989005495590,10:49:49.005,30.0900,106
38989005496069,10:49:49.005,30.0900,100
38989005523380,10:49:49.005,30.0900,100
38989005617463,10:49:49.005,30.0900,125
38989005625799,10:49:49.005,30.0900,269
38990011401479,10:49:50.011,30.0900,100
38990011501389,10:49:50.011,30.0900,100
39036272495444,10:50:36.272,30.0800,1000
39036272495444,10:50:36.272,30.0800,100
39045843527432,10:50:45.843,30.0800,18
39045843527432,10:50:45.843,30.0800,200
39045843527432,10:50:45.843,30.0800,6
39045843570486,10:50:45.843,30.0800,94
39068772801194,10:51:08.772,30.0900,47
39068772871946,10:51:08.772,30.0900,6
39068772882764,10:51:08.772,30.0900,147
39068772882764,10:51:08.772,30.0900,59
39068772889387,10:51:08.772,30.0900,241
39068772889387,10:51:08.772,30.0900,100
39097279723349,10:51:37.279,30.1000,2
39097279723349,10:51:37.279,30.1000,100
39097279723349,10:51:37.279,30.1000,98
39097279753069,10:51:37.279,30.1000,2
39115431431312,10:51:55.431,30.1100,100
39115950033135,10:51:55.950,30.1200,200
39118761250091,10:51:58.761,30.1300,100
39128592501209,10:52:08.592,30.1200,800
39128592501209,10:52:08.592,30.1200,100
39128594816424,10:52:08.594,30.1100,100
39128594816424,10:52:08.594,30.1100,200
39128594816424,10:52:08.594,30.1100,100
39128595161295,10:52:08.595,30.1100,200
39128595161295,10:52:08.595,30.1100,100
39128595161295,10:52:08.595,30.1100,200
39128595161295,10:52:08.595,30.1100,100
39128597782798,10:52:08.597,30.1000,100
39128597782798,10:52:08.597,30.1000,100
39128597782798,10:52:08.597,30.1000,100
39128597782798,10:52:08.597,30.1000,100
39128597782798,10:52:08.597,30.1000,100
39135144814770,10:52:15.144,30.0950,100
39147717350888,10:52:27.717,30.0900,1
39147717350888,10:52:27.717,30.0900,1
39147717983180,10:52:27.717,30.0900,99
39161363994863,10:52:41.363,30.0950,100
39170061996942,10:52:50.061,30.0950,100
39180650446277,10:53:00.650,30.0900,116
39180650459253,10:53:00.650,30.0900,184
39180650459253,10:53:00.650,30.0900,100
39180650459253,10:53:00.650,30.0900,16
39180650617368,10:53:00.650,30.0900,83
39180650687352,10:53:00.650,30.0900,1
39196278725085,10:53:16.278,30.0900,60
39196278725085,10:53:16.278,30.0900,200
39196278725085,10:53:16.278,30.0900,239
39196278754723,10:53:16.278,30.0900,61
39204386417981,10:53:24.386,30.1000,300
39204386417981,10:53:24.386,30.1000,200
39212695666232,10:53:32.695,30.1100,2
39227780993710,10:53:47.780,30.1100,200
39245091782947,10:54:05.091,30.1100,1
39245091782947,10:54:05.091,30.1100,300
39245091782947,10:54:05.091,30.1100,200
39249450795327,10:54:09.450,30.1200,100
39249450795327,10:54:09.450,30.1200,100
39269401707553,10:54:29.401,30.1300,100
39269401707553,10:54:29.401,30.1300,36
39269489109886,10:54:29.489,30.1300,164
39269489109886,10:54:29.489,30.1300,100
39269489109886,10:54:29.489,30.1300,100
39284282290440,10:54:44.282,30.1400,18
39284282290440,10:54:44.282,30.1400,62
39307174970726,10:55:07.174,30.1400,6
39309965214250,10:55:09.965,30.1400,94
39309965214250,10:55:09.965,30.1400,51
39309965335559,10:55:09.965,30.1400,49
39321020256338,10:55:21.020,30.1400,1
39321020256338,10:55:21.020,30.1400,9
39324264799952,10:55:24.264,30.1400,200
39325145491741,10:55:25.145,30.1400,100
39331544422244,10:55:31.544,30.1500,100
39331544422244,10:55:31.544,30.1500,100
39360659000139,10:56:00.659,30.1500,300
39360659000139,10:56:00.659,30.1500,100
39360659000139,10:56:00.659,30.1500,100
39360661321565,10:56:00.661,30.1400,100
39360661321565,10:56:00.661,30.1400,100
39360661321565,10:56:00.661,30.1400,100
39360661321565,10:56:00.661,30.1400,100
39360661321565,10:56:00.661,30.1400,100
39360661321565,10:56:00.661,30.1400,100
39360661321565,10:56:00.661,30.1400,200
39360664360888,10:56:00.664,30.1300,100
39360664360888,10:56:00.664,30.1300,100
39360664360888,10:56:00.664,30.1300,100
39360664360888,10:56:00.664,30.1300,100
39360664360888,10:56:00.664,30.1300,100
39360664360888,10:56:00.664,30.1300,200
39360664415976,10:56:00.664,30.1300,100
39360665345916,10:56:00.665,30.1300,100
39360665345916,10:56:00.665,30.1300,100
39360681855718,10:56:00.681,30.1200,300
39360681855718,10:56:00.681,30.1200,100
39360681855718,10:56:00.681,30.1200,600
39360681886326,10:56:00.681,30.1200,700
39360681886326,10:56:00.681,30.1200,100
39360693838597,10:56:00.693,30.1200,100
39360693838597,10:56:00.693,30.1200,100
39360693838597,10:56:00.693,30.1200,100
39360896809301,10:56:00.896,30.1200,100
39360896816670,10:56:00.896,30.1200,37
39360896816670,10:56:00.896,30.1200,200
39360896816670,10:56:00.896,30.1200,100
39367931098382,10:56:07.931,30.1250,100
39367931098382,10:56:07.931,30.1200,5
39367931142045,10:56:07.931,30.1200,100
39406904229764,10:56:46.904,30.1100,1
39406904229764,10:56:46.904,30.1100,700
39406904229764,10:56:46.904,30.1100,100
39406906552497,10:56:46.906,30.1000,100
39406906552497,10:56:46.906,30.1000,100
39406906552497,10:56:46.906,30.1000,100
39406906552497,10:56:46.906,30.1000,100
39406906552497,10:56:46.906,30.1000,10
39406906552497,10:56:46.906,30.1000,100
39406906552497,10:56:46.906,30.1000,100
39406906623172,10:56:46.906,30.1000,100
39406906623172,10:56:46.906,30.1000,100
39406906959570,10:56:46.906,30.1000,100
39406906959570,10:56:46.906,30.1000,100
39406906959570,10:56:46.906,30.1000,165
39406908401570,10:56:46.908,30.1000,100
39407731614965,10:56:47.731,30.1000,100
39410159246545,10:56:50.159,30.0900,500
39412810270240,10:56:52.810,30.0900,100
39412810297741,10:56:52.810,30.0950,100
39417276619894,10:56:57.276,30.1000,100
39417276619894,10:56:57.276,30.1000,200
39417276619894,10:56:57.276,30.1000,100
39417276619894,10:56:57.276,30.1000,18
39417276619894,10:56:57.276,30.1000,100
39417276619894,10:56:57.276,30.1000,5
39430232090789,10:57:10.232,30.1100,100
39430232090789,10:57:10.232,30.1100,500
39430232090789,10:57:10.232,30.1100,200
39430232090789,10:57:10.232,30.1100,200
39441748403428,10:57:21.748,30.1150,100
39441748434931,10:57:21.748,30.1100,100
39441748434931,10:57:21.748,30.1100,200
39441748434931,10:57:21.748,30.1100,200
39441748434931,10:57:21.748,30.1100,200
39441748434931,10:57:21.748,30.1100,300
39441748434931,10:57:21.748,30.1100,200
39441757586008,10:57:21.757,30.1100,100
39441757586008,10:57:21.757,30.1100,200
39441757586008,10:57:21.757,30.1100,81
39441757586008,10:57:21.757,30.1100,200
39441757586008,10:57:21.757,30.1100,300
39452113761826,10:57:32.113,30.1200,100
39452113761826,10:57:32.113,30.1200,200
39452113761826,10:57:32.113,30.1200,100
39469099018726,10:57:49.099,30.1250,100
39478875236148,10:57:58.875,30.1300,100
39483603526602,10:58:03.603,30.1300,100
39483603577184,10:58:03.603,30.1300,200
39484843688513,10:58:04.843,30.1400,100
39532272196125,10:58:52.272,30.1450,100
39532272196125,10:58:52.272,30.1400,200
39532272196125,10:58:52.272,30.1400,100
39532272196125,10:58:52.272,30.1400,800
39532272231218,10:58:52.272,30.1400,100
39546741729879,10:59:06.741,30.1300,100
39551436974042,10:59:11.436,30.1200,100
39553193131455,10:59:13.193,30.1100,100
39553193131455,10:59:13.193,30.1100,100
39553193131455,10:59:13.193,30.1100,100
39553193131455,10:59:13.193,30.1100,100
39554077937099,10:59:14.077,30.1100,100
39554077937099,10:59:14.077,30.1100,15
39554078280521,10:59:14.078,30.1150,100
39564010598001,10:59:24.010,30.1000,18
39564163161598,10:59:24.163,30.1000,90
39564163161598,10:59:24.163,30.1000,10
39565075825693,10:59:25.075,30.1000,100
39574579577414,10:59:34.579,30.0900,100
39574579577414,10:59:34.579,30.0900,100
39585106690790,10:59:45.106,30.0900,100
39585106690790,10:59:45.106,30.0900,200
39585106690790,10:59:45.106,30.0900,14
39585989873680,10:59:45.989,30.1000,100
39601078526599,11:00:01.078,30.1000,100
39601078526599,11:00:01.078,30.1000,80
39601078526599,11:00:01.078,30.1000,400
39608099444484,11:00:08.099,30.1100,400
39608100175372,11:00:08.100,30.1100,400
39608100175372,11:00:08.100,30.1100,200
39610087424238,11:00:10.087,30.1250,100
39610087424238,11:00:10.087,30.1200,100
39610087424238,11:00:10.087,30.1200,106
39611048034324,11:00:11.048,30.1250,500
39641653036719,11:00:41.653,30.1250,300
39642308029455,11:00:42.308,30.1250,300
39660730813135,11:01:00.730,30.1250,100
39661478624992,11:01:01.478,30.1250,100
39661478624992,11:01:01.478,30.1300,100
39661478624992,11:01:01.478,30.1300,100
39661478624992,11:01:01.478,30.1300,100
39661478624992,11:01:01.478,30.1300,200
39661479122055,11:01:01.479,30.1300,100
39661484476687,11:01:01.484,30.1300,100
39663058770175,11:01:03.058,30.1400,100
39663058770175,11:01:03.058,30.1400,100
39663058770175,11:01:03.058,30.1400,100
39663460425886,11:01:03.460,30.1500,100
39663460425886,11:01:03.460,30.1500,100
39663483333540,11:01:03.483,30.1600,200
39663483333540,11:01:03.483,30.1600,100
39663483333540,11:01:03.483,30.1600,100
39663483333540,11:01:03.483,30.1600,300
39663483333540,11:01:03.483,30.1600,5
39663492949286,11:01:03.492,30.1600,12
39664069336692,11:01:04.069,30.1500,100
39664069336692,11:01:04.069,30.1500,100
39665204043165,11:01:05.204,30.1550,300
39665357214095,11:01:05.357,30.1600,83
39665357214095,11:01:05.357,30.1600,100
39665860039997,11:01:05.860,30.1650,300
39666067223123,11:01:06.067,30.1600,100
39666643757496,11:01:06.643,30.1600,551
39666643757496,11:01:06.643,30.1600,100
39666851585062,11:01:06.851,30.1500,30
39666878271143,11:01:06.878,30.1550,100
39666878271143,11:01:06.878,30.1500,70
39666878271143,11:01:06.878,30.1500,100
39666878271143,11:01:06.878,30.1500,100
39669030125252,11:01:09.030,30.1500,18
39669069328231,11:01:09.069,30.1500,80
39669069355613,11:01:09.069,30.1500,295
39669069355613,11:01:09.069,30.1500,200
39669069355613,11:01:09.069,30.1500,100
39669069355613,11:01:09.069,30.1500,200
39669217101153,11:01:09.217,30.1400,100
39669217101153,11:01:09.217,30.1400,100
39669217101153,11:01:09.217,30.1400,200
39669217101153,11:01:09.217,30.1400,10
39669217101153,11:01:09.217,30.1400,100
39669217101153,11:01:09.217,30.1400,90
39669217136666,11:01:09.217,30.1400,10
39671087776283,11:01:11.087,30.1300,100
39671668493024,11:01:11.668,30.1200,100
39673657039315,11:01:13.657,30.1250,100
39685302642002,11:01:25.302,30.1300,100
39685302959496,11:01:25.302,30.1300,200
39703698694142,11:01:43.698,30.1300,100
39703700654846,11:01:43.700,30.1200,200
39703700654846,11:01:43.700,30.1200,100
39703700654846,11:01:43.700,30.1200,200
39703700654846,11:01:43.700,30.1200,800
39703700654846,11:01:43.700,30.1200,100
39703700654846,11:01:43.700,30.1200,200
39703703623951,11:01:43.703,30.1150,100
39703703623951,11:01:43.703,30.1100,100
39703703623951,11:01:43.703,30.1100,100
39703703623951,11:01:43.703,30.1100,100
39703703623951,11:01:43.703,30.1100,100
39703704695871,11:01:43.704,30.1100,100
39703704695871,11:01:43.704,30.1100,100
39703704695871,11:01:43.704,30.1100,100
39703704695871,11:01:43.704,30.1100,81
39703704695871,11:01:43.704,30.1100,100
39703704695871,11:01:43.704,30.1100,100
39703704695871,11:01:43.704,30.1100,200
39703881603224,11:01:43.881,30.1200,100
39703881603224,11:01:43.881,30.1200,100
39704074485898,11:01:44.074,30.1200,100
39704074485898,11:01:44.074,30.1200,100
39704667629687,11:01:44.667,30.1200,161
39704667629687,11:01:44.667,30.1200,100
39704668184057,11:01:44.668,30.1200,300
39704668184057,11:01:44.668,30.1200,100
39704668184057,11:01:44.668,30.1200,300
39704668184057,11:01:44.668,30.1200,200
39704668184057,11:01:44.668,30.1200,100
39704668184057,11:01:44.668,30.1200,100
39704668184057,11:01:44.668,30.1200,81
39704668184057,11:01:44.668,30.1200,100
39704668184057,11:01:44.668,30.1200,200
39704668184057,11:01:44.668,30.1200,100
39704670097724,11:01:44.670,30.1200,200
39704670097724,11:01:44.670,30.1200,100
39704670097724,11:01:44.670,30.1200,100
39704670097724,11:01:44.670,30.1200,79
39704670097724,11:01:44.670,30.1200,200
39704670097724,11:01:44.670,30.1200,200
39704670097724,11:01:44.670,30.1200,100
39704670097724,11:01:44.670,30.1200,300
39704670097724,11:01:44.670,30.1100,200
39704670097724,11:01:44.670,30.1100,100
39704670097724,11:01:44.670,30.1100,100
39704670097724,11:01:44.670,30.1100,79
39704670097724,11:01:44.670,30.1100,100
39704670097724,11:01:44.670,30.1100,100
39704670097724,11:01:44.670,30.1100,200
39704670097724,11:01:44.670,30.1100,400
39704670097724,11:01:44.670,30.1100,200
39704670097724,11:01:44.670,30.1100,100
39704670097724,11:01:44.670,30.1100,100
39704670097724,11:01:44.670,30.1100,100
39704670097724,11:01:44.670,30.1100,100
39704670097724,11:01:44.670,30.1100,100
39704670097724,11:01:44.670,30.1100,100
39705561857425,11:01:45.561,30.1100,400
39705561857425,11:01:45.561,30.1100,100
39705561857425,11:01:45.561,30.1100,100
39705561857425,11:01:45.561,30.1100,100
39705561857425,11:01:45.561,30.1100,100
39705561857425,11:01:45.561,30.1100,300
39705561857425,11:01:45.561,30.1100,100
39705561857425,11:01:45.561,30.1100,100
39705561857425,11:01:45.561,30.1100,100
39706428048493,11:01:46.428,30.1050,100
39711543179158,11:01:51.543,30.1100,100
39711543179158,11:01:51.543,30.1100,100
39711543179158,11:01:51.543,30.1100,100
39711543179158,11:01:51.543,30.1100,100
39711543179158,11:01:51.543,30.1100,200
39711543179158,11:01:51.543,30.1100,100
39711543179158,11:01:51.543,30.1100,100
39711543179158,11:01:51.543,30.1100,100
39711543179158,11:01:51.543,30.1100,300
39711543179158,11:01:51.543,30.1100,100
39716924853474,11:01:56.924,30.1050,100
39719598595072,11:01:59.598,30.1050,100
39719598595072,11:01:59.598,30.1100,100
39719598595072,11:01:59.598,30.1100,200
39720795172195,11:02:00.795,30.1100,100
39720795172195,11:02:00.795,30.1100,100
39720795172195,11:02:00.795,30.1100,100
39720795172195,11:02:00.795,30.1100,100
39720795172195,11:02:00.795,30.1100,100
39720795172195,11:02:00.795,30.1100,100
