timestamp,time,price,volume
34200049842466,09:30:00.049,0.0000,0
34281967410823,09:31:21.967,15.1400,100
34400530948614,09:33:20.530,15.0800,200
34400531649570,09:33:20.531,15.1200,100
34400532556596,09:33:20.532,15.1000,100
34403998682956,09:33:23.998,15.0800,2800
34403998862242,09:33:23.998,15.0800,100
34403998862242,09:33:23.998,15.0800,37
34403998914235,09:33:23.998,15.0800,63
34403999154961,09:33:23.999,15.0900,100
34403999215873,09:33:23.999,15.0900,100
34403999215873,09:33:23.999,15.0800,100
34403999215873,09:33:23.999,15.0800,100
34403999215873,09:33:23.999,15.0800,100
34403999314442,09:33:23.999,15.0900,37
34403999317286,09:33:23.999,15.0900,63
34404000129356,09:33:24.000,15.0700,100
34404033140469,09:33:24.033,15.0400,100
34404033140469,09:33:24.033,15.0400,200
34416345318282,09:33:36.345,15.0500,100
34416345318282,09:33:36.345,15.0700,30
34416345318282,09:33:36.345,15.0700,37
34416345318282,09:33:36.345,15.0700,200
34416345318282,09:33:36.345,15.0700,33
34416346284407,09:33:36.346,15.0700,100
34416347063788,09:33:36.347,15.0700,100
34416373938144,09:33:36.373,15.1000,600
34416373938144,09:33:36.373,15.1000,200
34416382608877,09:33:36.382,15.1000,100
34416382608877,09:33:36.382,15.1000,100
34426347372601,09:33:46.347,15.1100,100
34426347372601,09:33:46.347,15.1100,100
34434682744024,09:33:54.682,15.1100,100
34434682849890,09:33:54.682,15.1100,100
34434682944508,09:33:54.682,15.1100,100
34434683028250,09:33:54.683,15.1100,100
34434683735733,09:33:54.683,15.1100,100
34434684316980,09:33:54.684,15.1100,100
34436350623752,09:33:56.350,15.1200,100
34436352197665,09:33:56.352,15.1200,41
34436383052174,09:33:56.383,15.1200,100
34446360627710,09:34:06.360,15.1200,100
34500231800699,09:35:00.231,15.1200,100
34500232591787,09:35:00.232,15.1200,100
34500531531772,09:35:00.531,15.1300,100
34555688308071,09:35:55.688,15.1200,100
34619825867226,09:36:59.825,15.1100,4
34619825867226,09:36:59.825,15.1100,96
34619826496308,09:36:59.826,15.1100,4
34633493623631,09:37:13.493,15.1200,100
34633495083429,09:37:13.495,15.1200,100
34633495639923,09:37:13.495,15.1200,100
34633501590786,09:37:13.501,15.1200,400
34633541322313,09:37:13.541,15.1200,25
34634586352123,09:37:14.586,15.1200,175
34634586524308,09:37:14.586,15.1200,100
34634587769408,09:37:14.587,15.1200,200
34634587936769,09:37:14.587,15.1200,100
34653395952908,09:37:33.395,15.0600,70
34653395952908,09:37:33.395,15.0700,100
34716847909331,09:38:36.847,15.0900,1
34730008985182,09:38:50.008,15.0700,100
34730009113101,09:38:50.009,15.0700,100
34730009307157,09:38:50.009,15.0700,99
34763888097781,09:39:23.888,15.1000,60
34763888097781,09:39:23.888,15.0900,40
34913127438652,09:41:53.127,15.0500,100
34913144883923,09:41:53.144,15.0100,60
34970017999018,09:42:50.017,15.0100,200
34976424313743,09:42:56.424,15.0500,100
34976425982548,09:42:56.425,15.0450,100
34976426236838,09:42:56.426,15.0400,100
34976444930835,09:42:56.444,15.0400,100
34976444930835,09:42:56.444,15.0400,100
34976451800419,09:42:56.451,15.0400,2
34976491827572,09:42:56.491,15.0900,100
35081526012033,09:44:41.526,15.0700,100
35082297875137,09:44:42.297,15.0700,100
35082297938448,09:44:42.297,15.0700,100
35174695562535,09:46:14.695,15.0900,100
35180791830043,09:46:20.791,15.0900,100
35180792965608,09:46:20.792,15.0900,100
35180833171609,09:46:20.833,15.0900,100
35180833250316,09:46:20.833,15.1000,100
35200173679724,09:46:40.173,15.1000,100
35200173679724,09:46:40.173,15.1000,100
35200174832753,09:46:40.174,15.1000,100
35200174916913,09:46:40.174,15.1000,100
35200174971427,09:46:40.174,15.1000,100
35200176938615,09:46:40.176,15.0900,100
35200193212625,09:46:40.193,15.1000,100
35200203927888,09:46:40.203,15.1100,1
35200203927888,09:46:40.203,15.1100,99
35200221016762,09:46:40.221,15.1200,1
35200221016762,09:46:40.221,15.1300,100
35200221016762,09:46:40.221,15.1300,200
35200222970626,09:46:40.222,15.1200,100
35200232699878,09:46:40.232,15.1200,100
35200239100093,09:46:40.239,15.1200,14
35200248093814,09:46:40.248,15.1400,200
35208701493571,09:46:48.701,15.1100,98
35208701702977,09:46:48.701,15.1100,100
35208701840006,09:46:48.701,15.1100,100
35208701951386,09:46:48.701,15.1100,100
35208702620120,09:46:48.702,15.1000,100
35208703802140,09:46:48.703,15.1200,100
35208705031389,09:46:48.705,15.1200,100
35233827935682,09:47:13.827,15.1200,100
35301069671200,09:48:21.069,15.0900,4
35499786927889,09:51:39.786,15.1000,100
35499786927889,09:51:39.786,15.1000,100
35499786927889,09:51:39.786,15.1000,100
35499788204750,09:51:39.788,15.1000,100
35499788950130,09:51:39.788,15.1000,100
35737297393087,09:55:37.297,15.1200,100
35737297393087,09:55:37.297,15.1200,100
35756304762791,09:55:56.304,15.1000,100
35756306354543,09:55:56.306,15.1000,100
35756306576084,09:55:56.306,15.1000,100
35756306598790,09:55:56.306,15.1000,100
35756313086841,09:55:56.313,15.1000,100
35760732043885,09:56:00.732,15.0900,100
35780226273231,09:56:20.226,15.1000,100
35788983196298,09:56:28.983,15.1100,100
35788983196298,09:56:28.983,15.1100,100
35788987293686,09:56:28.987,15.1100,86
35790076595683,09:56:30.076,15.1100,100
35825247835304,09:57:05.247,15.1100,100
35825248097606,09:57:05.248,15.1200,86
35825249282111,09:57:05.249,15.1200,100
36001825889924,10:00:01.825,15.1200,100
36001825889924,10:00:01.825,15.1200,100
36013327444997,10:00:13.327,15.0900,100
36014313801179,10:00:14.313,15.1100,100
36014345951919,10:00:14.345,15.1100,7
36138599648379,10:02:18.599,15.1300,7
36138599648379,10:02:18.599,15.1300,93
36138599726941,10:02:18.599,15.1300,7
36138600878285,10:02:18.600,15.1300,100
36138601294586,10:02:18.601,15.1300,46
36138608777394,10:02:18.608,15.1300,46
36138608856043,10:02:18.608,15.1300,100
36138608879845,10:02:18.608,15.1300,100
36138660552762,10:02:18.660,15.1400,100
36138662524344,10:02:18.662,15.1300,14
36150182882366,10:02:30.182,15.1100,100
36150183640969,10:02:30.183,15.1100,100
36291616771559,10:04:51.616,15.0900,14
36319361551661,10:05:19.361,15.0600,100
36319882522324,10:05:19.882,15.0650,100
36346235413628,10:05:46.235,15.0700,20
36346235438357,10:05:46.235,15.0700,20
36348891833287,10:05:48.891,15.0700,200
36348892021531,10:05:48.892,15.0700,100
36348892310428,10:05:48.892,15.0800,3
36376830428736,10:06:16.830,15.0800,100
36405259277114,10:06:45.259,15.1000,20
36489719612827,10:08:09.719,15.1200,100
36490023677474,10:08:10.023,15.1200,27
36525271189453,10:08:45.271,15.1300,100
36525273506656,10:08:45.273,15.1400,50
36525274100184,10:08:45.274,15.1500,100
36525274624779,10:08:45.274,15.1500,100
36525274624779,10:08:45.274,15.1500,100
36525274624779,10:08:45.274,15.1400,100
36525275944476,10:08:45.275,15.1300,100
36525277320944,10:08:45.277,15.1100,200
36525277341614,10:08:45.277,15.1200,75
36525277376040,10:08:45.277,15.1200,25
36537945738290,10:08:57.945,15.1200,100
36615958989797,10:10:15.958,15.1400,100
36691334629827,10:11:31.334,15.1200,100
36691334899737,10:11:31.334,15.1200,100
36691335306568,10:11:31.335,15.1200,100
36706393943738,10:11:46.393,15.1300,100
36706393943738,10:11:46.393,15.1300,100
36898101462576,10:14:58.101,15.1400,100
36898101491005,10:14:58.101,15.1400,100
36898101615746,10:14:58.101,15.1400,100
36898101926516,10:14:58.101,15.1400,100
36898142307381,10:14:58.142,15.1500,1
36921537941654,10:15:21.537,15.1500,99
36921537941654,10:15:21.537,15.1500,100
36937494678288,10:15:37.494,15.1300,4
36937494761422,10:15:37.494,15.1300,200
37214345550374,10:20:14.345,15.1500,100
37214376621937,10:20:14.376,15.1700,100
37214376621937,10:20:14.376,15.1700,100
37214376655847,10:20:14.376,15.1700,100
37214378251612,10:20:14.378,15.1700,100
37221751712693,10:20:21.751,15.1900,100
37382552325575,10:23:02.552,15.1900,100
37382553509943,10:23:02.553,15.1800,100
37382554111109,10:23:02.554,15.1800,100
37382554227482,10:23:02.554,15.1800,100
37384870566939,10:23:04.870,15.1700,100
37461231718846,10:24:21.231,15.1800,100
37727118101375,10:28:47.118,15.2000,100
37727118101375,10:28:47.118,15.2000,100
37727122319704,10:28:47.122,15.2000,100
37727122766037,10:28:47.122,15.2000,100
37732099129732,10:28:52.099,15.1800,100
37986354546754,10:33:06.354,15.1900,100
37986355224915,10:33:06.355,15.2000,100
37986355224915,10:33:06.355,15.2000,100
37986355406002,10:33:06.355,15.2000,100
37986355696495,10:33:06.355,15.2000,100
37986355696495,10:33:06.355,15.2000,100
37986355696495,10:33:06.355,15.2000,100
37986355696495,10:33:06.355,15.1900,100
37986357735744,10:33:06.357,15.2000,100
37986361443811,10:33:06.361,15.2100,100
37986363396355,10:33:06.363,15.2000,100
37986366983362,10:33:06.366,15.2000,100
38005859866211,10:33:25.859,15.2100,100
38005859928065,10:33:25.859,15.2100,100
38005861016580,10:33:25.861,15.2100,100
38006566832288,10:33:26.566,15.2100,100
38006569748522,10:33:26.569,15.2100,100
38042233896776,10:34:02.233,15.2200,100
38042233987013,10:34:02.233,15.2200,100
38042233987013,10:34:02.233,15.2200,100
38042239237036,10:34:02.239,15.2200,100
38042239455842,10:34:02.239,15.2200,100
38042245279698,10:34:02.245,15.2200,100
38042279801557,10:34:02.279,15.2100,100
38050249921032,10:34:10.249,15.2100,52
38050254229010,10:34:10.254,15.2100,100
38050254229010,10:34:10.254,15.2100,100
38050255774036,10:34:10.255,15.2100,100
38050258270473,10:34:10.258,15.2100,100
38056789820596,10:34:16.789,15.2000,100
38063097826226,10:34:23.097,15.2000,100
38063101161225,10:34:23.101,15.2000,100
38063101521397,10:34:23.101,15.2000,100
38063103161698,10:34:23.103,15.2000,100
38063107147246,10:34:23.107,15.2000,100
38100357216929,10:35:00.357,15.2000,100
38100357216929,10:35:00.357,15.2000,100
38100361395275,10:35:00.361,15.2050,100
38100371550053,10:35:00.371,15.2000,100
38100371550053,10:35:00.371,15.2000,33
38100377867684,10:35:00.377,15.2000,67
38100377867684,10:35:00.377,15.2000,33
38122591792556,10:35:22.591,15.2000,100
38122592409537,10:35:22.592,15.2000,100
38122598156043,10:35:22.598,15.2000,100
38164316608228,10:36:04.316,15.2100,100
38278527380742,10:37:58.527,15.2000,100
38278527380742,10:37:58.527,15.2000,100
38295852019390,10:38:15.852,15.2100,100
38342169624680,10:39:02.169,15.2200,100
38645410523183,10:44:05.410,15.1900,100
38647288254148,10:44:07.288,15.2000,100
38692613599794,10:44:52.613,15.2100,100
38692613599794,10:44:52.613,15.2100,56
38692613625460,10:44:52.613,15.2100,44
38692613967242,10:44:52.613,15.2100,100
38692615674047,10:44:52.615,15.2000,100
38792172209884,10:46:32.172,15.1900,100
38792637271812,10:46:32.637,15.1900,4
38813998044529,10:46:53.998,15.1700,100
38813998067609,10:46:53.998,15.1700,100
38956791921877,10:49:16.791,15.1600,100
38956791921877,10:49:16.791,15.1600,100
38956795078069,10:49:16.795,15.1600,100
38967080620095,10:49:27.080,15.1600,100
38967459321399,10:49:27.459,15.1600,100
39078211039010,10:51:18.211,15.1700,100
39078211039010,10:51:18.211,15.1700,100
39078211039010,10:51:18.211,15.1700,100
39078211039010,10:51:18.211,15.1700,100
39078213659144,10:51:18.213,15.1800,71
39078213865225,10:51:18.213,15.1800,29
39078213865225,10:51:18.213,15.1800,100
39084211611939,10:51:24.211,15.1800,100
39084212141564,10:51:24.212,15.1800,100
39097828573664,10:51:37.828,15.1900,100
39097828573664,10:51:37.828,15.1900,100
39097828573664,10:51:37.828,15.1900,100
39174839508667,10:52:54.839,15.2000,100
39174839508667,10:52:54.839,15.2000,100
39174839508667,10:52:54.839,15.2000,7
39261629121538,10:54:21.629,15.2000,100
39304048308386,10:55:04.048,15.1900,10
39308833056992,10:55:08.833,15.1800,100
39334457179281,10:55:34.457,15.1900,100
39334457542131,10:55:34.457,15.1900,39
39336528485037,10:55:36.528,15.1800,100
39337004458809,10:55:37.004,15.1800,100
39439753347997,10:57:19.753,15.1600,2
39444247255016,10:57:24.247,15.1600,59
39444247747658,10:57:24.247,15.1700,100
39596468507720,10:59:56.468,15.1700,4
39663462035506,11:01:03.462,15.1800,100
39732022584249,11:02:12.022,15.1900,100
39732022584249,11:02:12.022,15.1900,100
39872589769815,11:04:32.589,15.1900,100
39872589769815,11:04:32.589,15.1900,100
39879584602281,11:04:39.584,15.1500,100
39880014013585,11:04:40.014,15.1500,10
39880315804605,11:04:40.315,15.1600,100
39880326639027,11:04:40.326,15.1500,100
39914127174135,11:05:14.127,15.1600,100
40021092357064,11:07:01.092,15.1600,100
40022222139923,11:07:02.222,15.1500,100
40022226479807,11:07:02.226,15.1500,4
40198250095891,11:09:58.250,15.1600,12
40198250095891,11:09:58.250,15.1600,67
40198250176025,11:09:58.250,15.1600,33
40198250176025,11:09:58.250,15.1600,100
40198250176025,11:09:58.250,15.1600,67
40209272681253,11:10:09.272,15.1500,100
40209275592348,11:10:09.275,15.1500,5
40245342687105,11:10:45.342,15.1300,100
40282011093624,11:11:22.011,15.1100,100
40282027746546,11:11:22.027,15.1000,100
40308790580646,11:11:48.790,15.0900,100
40308792877026,11:11:48.792,15.1000,100
40308804741312,11:11:48.804,15.1200,100
40308804741312,11:11:48.804,15.1200,100
40445322863574,11:14:05.322,15.1100,100
40445323766870,11:14:05.323,15.1100,100
40445325853963,11:14:05.325,15.1100,100
40476997311582,11:14:36.997,15.1200,100
40608135318704,11:16:48.135,15.1300,100
40787764909254,11:19:47.764,15.1200,300
40787812552666,11:19:47.812,15.1100,4
40787817160867,11:19:47.817,15.0900,100
40787817528250,11:19:47.817,15.0900,100
40787878898534,11:19:47.878,15.0900,100
40871122776549,11:21:11.122,15.0800,100
40871122776549,11:21:11.122,15.0800,90
40871122803318,11:21:11.122,15.0800,10
40909514279487,11:21:49.514,15.0700,100
40913602132758,11:21:53.602,15.0600,100
40913603737258,11:21:53.603,15.0700,100
40913664499105,11:21:53.664,15.0800,100
40953844236765,11:22:33.844,15.0800,100
41053555805097,11:24:13.555,15.0600,100
41053555805097,11:24:13.555,15.0600,100
41107815999570,11:25:07.815,15.0500,100
41107815999570,11:25:07.815,15.0500,100
41109486647619,11:25:09.486,15.0500,100
41109486647619,11:25:09.486,15.0500,100
41111120139714,11:25:11.120,15.0600,100
41117252348154,11:25:17.252,15.0700,100
41123914428400,11:25:23.914,15.0800,100
41123914428400,11:25:23.914,15.0800,200
41123914428400,11:25:23.914,15.0800,100
41123943378292,11:25:23.943,15.0800,100
41132330500770,11:25:32.330,15.0800,100
41132330500770,11:25:32.330,15.0800,100
41132330500770,11:25:32.330,15.0800,200
41132330500770,11:25:32.330,15.0800,100
41132330500770,11:25:32.330,15.0800,100
41134560875469,11:25:34.560,15.0700,100
41134560875469,11:25:34.560,15.0700,56
41134561103383,11:25:34.561,15.0700,444
41176181713333,11:26:16.181,15.0700,100
41177361357518,11:26:17.361,15.0700,100
41177387313899,11:26:17.387,15.0700,100
41177387313899,11:26:17.387,15.0700,100
41177387313899,11:26:17.387,15.0700,200
41185947539276,11:26:25.947,15.0600,100
41475610551728,11:31:15.610,15.0500,100
41475613807006,11:31:15.613,15.0400,100
41500989718364,11:31:40.989,15.0400,100
41500989718364,11:31:40.989,15.0400,100
41500989718364,11:31:40.989,15.0400,200
41500989718364,11:31:40.989,15.0400,100
41500991926943,11:31:40.991,15.0500,100
41500991926943,11:31:40.991,15.0500,200
41500991926943,11:31:40.991,15.0500,100
41500995047069,11:31:40.995,15.0600,100
41500996188303,11:31:40.996,15.0600,100
41500997712062,11:31:40.997,15.0600,100
41500997712062,11:31:40.997,15.0600,100
41500997712062,11:31:40.997,15.0600,100
41500997712062,11:31:40.997,15.0600,200
41500997712062,11:31:40.997,15.0700,100
41500997712062,11:31:40.997,15.0700,100
41501524531818,11:31:41.524,15.0800,100
41511436853223,11:31:51.436,15.0900,100
41511436853223,11:31:51.436,15.0900,100
41654375490555,11:34:14.375,15.1000,100
41654375490555,11:34:14.375,15.1000,100
41654375555371,11:34:14.375,15.1000,37
41701800299961,11:35:01.800,15.1100,100
41789762888529,11:36:29.762,15.1200,100
41789762888529,11:36:29.762,15.1200,10
41789762888529,11:36:29.762,15.1200,100
41789762888529,11:36:29.762,15.1200,7
41789763252930,11:36:29.763,15.1200,100
41789763255244,11:36:29.763,15.1200,100
41833665016776,11:37:13.665,15.1100,100
41833679742715,11:37:13.679,15.1000,57
41978494850223,11:39:38.494,15.1100,100
42196068393278,11:43:16.068,15.1300,100
42196068393278,11:43:16.068,15.1300,100
42201109764019,11:43:21.109,15.1400,200
42201109764019,11:43:21.109,15.1400,100
42201110295740,11:43:21.110,15.1400,100
42206102938775,11:43:26.102,15.1400,100
42206103016896,11:43:26.103,15.1400,100
42360261033169,11:46:00.261,15.1600,100
42360261620917,11:46:00.261,15.1600,100
42372383724396,11:46:12.383,15.1600,100
42379958318812,11:46:19.958,15.1600,200
42379958521544,11:46:19.958,15.1600,2
42380569024913,11:46:20.569,15.1550,100
42380569025526,11:46:20.569,15.1550,100
42387388389332,11:46:27.388,15.1500,100
42387888004542,11:46:27.888,15.1550,100
42412246312896,11:46:52.246,15.1500,100
42449609301866,11:47:29.609,15.1500,100
42449717053512,11:47:29.717,15.1500,1
42548729174026,11:49:08.729,15.1300,100
42548729903450,11:49:08.729,15.1200,100
42569082977860,11:49:29.082,15.1300,100
42569082977860,11:49:29.082,15.1300,98
42569083002288,11:49:29.083,15.1300,2
42569083275640,11:49:29.083,15.1300,100
42569600457792,11:49:29.600,15.1400,100
42569795918127,11:49:29.795,15.1400,100
42569797146259,11:49:29.797,15.1400,100
42570028974414,11:49:30.028,15.1400,100
42593292064816,11:49:53.292,15.1300,100
42593336981649,11:49:53.336,15.1100,100
42593353521385,11:49:53.353,15.1000,500
42593353521385,11:49:53.353,15.1000,700
42593378986373,11:49:53.378,15.1000,100
42593378986373,11:49:53.378,15.1000,100
42593378986373,11:49:53.378,15.1000,100
42593378986373,11:49:53.378,15.1000,200
42593378986373,11:49:53.378,15.1000,100
42593378986373,11:49:53.378,15.1000,100
42593379350596,11:49:53.379,15.1000,100
42593380875790,11:49:53.380,15.1000,100
42593391442873,11:49:53.391,15.1100,100
42722197335551,11:52:02.197,15.1200,100
42722197335551,11:52:02.197,15.1200,100
42722197568460,11:52:02.197,15.1200,100
42725931175820,11:52:05.931,15.1300,100
42727550875950,11:52:07.550,15.1200,100
42751333000927,11:52:31.333,15.1100,200
42751333166130,11:52:31.333,15.1100,100
42751333166130,11:52:31.333,15.1100,300
42751335811722,11:52:31.335,15.1100,100
42751335811722,11:52:31.335,15.1100,100
42751338964565,11:52:31.338,15.1100,100
42751338964565,11:52:31.338,15.1100,100
42751771950000,11:52:31.771,15.1200,100
42765545546793,11:52:45.545,15.1200,100
42767528143160,11:52:47.528,15.1200,100
42767528168425,11:52:47.528,15.1200,3
42791834124977,11:53:11.834,15.1200,300
42903204012352,11:55:03.204,15.1300,100
42903204012352,11:55:03.204,15.1300,12
42903204012352,11:55:03.204,15.1300,100
42903204678906,11:55:03.204,15.1300,72
42903204736728,11:55:03.204,15.1300,28
42908933523423,11:55:08.933,15.1300,100
42908933523423,11:55:08.933,15.1300,100
43376872515885,12:02:56.872,15.1300,100
43376878172896,12:02:56.878,15.1400,100
43376878172896,12:02:56.878,15.1400,100
43376878172896,12:02:56.878,15.1400,100
43377139607315,12:02:57.139,15.1400,100
43378132375012,12:02:58.132,15.1400,100
43378132375012,12:02:58.132,15.1500,100
43378132375012,12:02:58.132,15.1500,100
43378244144797,12:02:58.244,15.1400,100
43495279387330,12:04:55.279,15.1500,100
43495279387330,12:04:55.279,15.1500,101
43495279414048,12:04:55.279,15.1500,99
43495354141144,12:04:55.354,15.1500,100
43547513278896,12:05:47.513,15.1500,13
43548516333393,12:05:48.516,15.1400,6
43557467474629,12:05:57.467,15.1300,1
43620658920822,12:07:00.658,15.1200,100
43640258582629,12:07:20.258,15.1200,100
43640258814687,12:07:20.258,15.1200,100
43640258814687,12:07:20.258,15.1200,1
43702479754615,12:08:22.479,15.1300,1
43804092882315,12:10:04.092,15.1300,99
43804092882315,12:10:04.092,15.1300,31
43804092882315,12:10:04.092,15.1300,70
43978132357265,12:12:58.132,15.1400,100
43978132357265,12:12:58.132,15.1400,25
43978132518291,12:12:58.132,15.1400,100
44098129994746,12:14:58.129,15.1400,75
44098129994746,12:14:58.129,15.1400,18
44098130064535,12:14:58.130,15.1400,82
44175016039559,12:16:15.016,15.1400,100
44175016039559,12:16:15.016,15.1400,100
44175016039559,12:16:15.016,15.1400,100
44175035792767,12:16:15.035,15.1500,3
44218130254656,12:16:58.130,15.1500,100
44218131693794,12:16:58.131,15.1500,100
44218131693794,12:16:58.131,15.1500,100
44218131693794,12:16:58.131,15.1500,100
44218131693794,12:16:58.131,15.1500,100
44218131693794,12:16:58.131,15.1500,100
44301483172431,12:18:21.483,15.1400,100
44301483172431,12:18:21.483,15.1400,7
44301496560721,12:18:21.496,15.1400,1
44301584373497,12:18:21.584,15.1400,199
44301584373497,12:18:21.584,15.1400,1
44301584737361,12:18:21.584,15.1400,99
44301584737361,12:18:21.584,15.1400,58
44393708417287,12:19:53.708,15.1500,100
44393708417287,12:19:53.708,15.1500,200
44393739036624,12:19:53.739,15.1600,200
44393739063660,12:19:53.739,15.1600,100
44393739063660,12:19:53.739,15.1600,100
44393739063660,12:19:53.739,15.1600,100
44393739063660,12:19:53.739,15.1600,100
44393739063660,12:19:53.739,15.1600,100
44393839635720,12:19:53.839,15.1600,44
44393840785236,12:19:53.840,15.1600,100
44394931437352,12:19:54.931,15.1600,56
44396982893348,12:19:56.982,15.1700,100
44396996348704,12:19:56.996,15.1800,100
44396996348704,12:19:56.996,15.1800,300
44396996348704,12:19:56.996,15.1800,100
44396996348704,12:19:56.996,15.1800,100
44397017102023,12:19:57.017,15.1900,100
44397017102023,12:19:57.017,15.1900,100
44400728025146,12:20:00.728,15.2000,100
44400729548642,12:20:00.729,15.2000,100
44400729548642,12:20:00.729,15.2000,100
44400834113082,12:20:00.834,15.2000,5
44400834138759,12:20:00.834,15.2000,95
44506530206509,12:21:46.530,15.2000,100
44506530206509,12:21:46.530,15.2000,100
44540914006344,12:22:20.914,15.2000,100
44541472819907,12:22:21.472,15.2100,100
44810149256809,12:26:50.149,15.2100,95
44907278852717,12:28:27.278,15.2100,5
44979876575940,12:29:39.876,15.2000,1
44980477320158,12:29:40.477,15.2000,99
45013575545265,12:30:13.575,15.2100,100
45013575545265,12:30:13.575,15.2100,10
45013575545265,12:30:13.575,15.2100,100
45013575545265,12:30:13.575,15.2100,100
45013575632804,12:30:13.575,15.2100,100
45110165532087,12:31:50.165,15.2200,100
45110166758591,12:31:50.166,15.2200,100
45110166758591,12:31:50.166,15.2200,100
45110178700589,12:31:50.178,15.2200,6
45110208679848,12:31:50.208,15.2200,3
45110338093409,12:31:50.338,15.2200,100
45220125920373,12:33:40.125,15.2200,100
45220125920373,12:33:40.125,15.2200,33
45220125920373,12:33:40.125,15.2200,100
45298130049153,12:34:58.130,15.2200,100
45298130049153,12:34:58.130,15.2200,19
45298130074179,12:34:58.130,15.2200,81
45298130074179,12:34:58.130,15.2200,100
45298131249936,12:34:58.131,15.2100,100
45298145947230,12:34:58.145,15.2100,8
45483289677911,12:38:03.289,15.2000,100
45483289677911,12:38:03.289,15.2000,6
45483289677911,12:38:03.289,15.2000,100
45483289677911,12:38:03.289,15.2000,10
45485657797758,12:38:05.657,15.1900,100
45558449148392,12:39:18.449,15.1800,100
45564418741215,12:39:24.418,15.1700,100
45564418741215,12:39:24.418,15.1700,100
45578935851329,12:39:38.935,15.1600,100
45578935851329,12:39:38.935,15.1600,100
45578952510990,12:39:38.952,15.1600,1
45581134824825,12:39:41.134,15.1600,100
45588127054173,12:39:48.127,15.1700,100
45588127054173,12:39:48.127,15.1700,100
45613444150757,12:40:13.444,15.1800,100
45613444346489,12:40:13.444,15.1800,88
45613444348309,12:40:13.444,15.1800,12
45613444348309,12:40:13.444,15.1800,100
45613860627994,12:40:13.860,15.1900,2
45708570213531,12:41:48.570,15.1800,200
45708570213531,12:41:48.570,15.1800,100
45739859257917,12:42:19.859,15.1800,100
45739859257917,12:42:19.859,15.1800,100
45739859257917,12:42:19.859,15.1800,100
45739859257917,12:42:19.859,15.1800,100
45775633202176,12:42:55.633,15.1900,98
45775645714547,12:42:55.645,15.2000,1
46153171348393,12:49:13.171,15.2000,100
46153729382466,12:49:13.729,15.2000,100
46153729382466,12:49:13.729,15.2000,100
46155933098360,12:49:15.933,15.1800,100
46155933098360,12:49:15.933,15.1800,100
46155945077135,12:49:15.945,15.1900,100
46157076041835,12:49:17.076,15.1800,100
46355990288486,12:52:35.990,15.1900,1
46355992263216,12:52:35.992,15.1800,100
46355992406406,12:52:35.992,15.1800,100
46357956031466,12:52:37.956,15.1800,100
46357966138304,12:52:37.966,15.1800,100
46390033500812,12:53:10.033,15.1800,1
46390033500812,12:53:10.033,15.1800,99
46390033718199,12:53:10.033,15.1800,1
46465932590937,12:54:25.932,15.1700,100
46465932590937,12:54:25.932,15.1700,100
46465932590937,12:54:25.932,15.1700,100
46469359514239,12:54:29.359,15.1600,100
46540985831016,12:55:40.985,15.1400,100
46540985831016,12:55:40.985,15.1400,100
46540985860878,12:55:40.985,15.1400,1
46691623332853,12:58:11.623,15.1300,100
46729035319135,12:58:49.035,15.1300,100
46729035319135,12:58:49.035,15.1300,10
46729035319135,12:58:49.035,15.1300,100
46729036028707,12:58:49.036,15.1300,100
46729037672370,12:58:49.037,15.1300,100
46762157158056,12:59:22.157,15.1400,100
46853740848727,13:00:53.740,15.1600,100
46879999539144,13:01:19.999,15.1700,1
46978131420061,13:02:58.131,15.1700,90
46978131509061,13:02:58.131,15.1700,9
46978131509061,13:02:58.131,15.1700,61
46978131586232,13:02:58.131,15.1700,139
47023114175748,13:03:43.114,15.1600,83
47037234982756,13:03:57.234,15.1700,18
47037235540678,13:03:57.235,15.1700,39
47218130062338,13:06:58.130,15.1700,27
47218130062338,13:06:58.130,15.1700,17
47218130127462,13:06:58.130,15.1700,83
47218130127462,13:06:58.130,15.1700,34
47399078225092,13:09:59.078,15.1700,6
47400127084313,13:10:00.127,15.1700,94
47400127084313,13:10:00.127,15.1700,6
47487752072707,13:11:27.752,15.1600,100
47487752072707,13:11:27.752,15.1600,100
47487752072707,13:11:27.752,15.1600,200
47497360523024,13:11:37.360,15.1600,100
47514259018511,13:11:54.259,15.1700,94
47514259018511,13:11:54.259,15.1700,100
47514259018511,13:11:54.259,15.1700,100
47561352767665,13:12:41.352,15.1800,100
47660224827735,13:14:20.224,15.1800,100
47660227733540,13:14:20.227,15.1800,5
47912446274417,13:18:32.446,15.1700,100
47915127519869,13:18:35.127,15.1600,2
47915127519869,13:18:35.127,15.1600,100
47915127531539,13:18:35.127,15.1600,83
47915157363918,13:18:35.157,15.1500,1
47915157363918,13:18:35.157,15.1500,19
47931530457095,13:18:51.530,15.1500,100
47931538221419,13:18:51.538,15.1500,1
48008759335252,13:20:08.759,15.1500,1
48047053886757,13:20:47.053,15.1500,100
48047154508562,13:20:47.154,15.1500,48
48267698441091,13:24:27.698,15.1400,100
48267698441091,13:24:27.698,15.1400,100
48267698441091,13:24:27.698,15.1400,100
48267698441091,13:24:27.698,15.1400,100
48267698441091,13:24:27.698,15.1400,100
48267698548733,13:24:27.698,15.1400,100
48267698548733,13:24:27.698,15.1400,100
48267701250396,13:24:27.701,15.1500,100
48298131163836,13:24:58.131,15.1600,100
48298131163836,13:24:58.131,15.1600,125
48378230888119,13:26:18.230,15.1700,100
48378230974706,13:26:18.230,15.1700,100
48378231286440,13:26:18.231,15.1700,100
48378231313481,13:26:18.231,15.1700,100
48419882314338,13:26:59.882,15.1800,100
48593202965535,13:29:53.202,15.2000,100
48658131281303,13:30:58.131,15.2100,100
48778133326564,13:32:58.133,15.2200,15
48778133545881,13:32:58.133,15.2200,85
48778252805905,13:32:58.252,15.2200,100
49014554371874,13:36:54.554,15.2200,100
49014554371874,13:36:54.554,15.2200,22
49014567941193,13:36:54.567,15.2200,1
49119757628831,13:38:39.757,15.2000,100
49119757628831,13:38:39.757,15.2000,100
49119757628831,13:38:39.757,15.2000,100
49119757628831,13:38:39.757,15.2000,100
49153932445580,13:39:13.932,15.2000,4
49153932445580,13:39:13.932,15.2000,100
49153932445580,13:39:13.932,15.2000,100
49438283579644,13:43:58.283,15.2100,100
49438283579644,13:43:58.283,15.2100,100
49438283579644,13:43:58.283,15.2100,200
49439447249430,13:43:59.447,15.2200,100
49439448048401,13:43:59.448,15.2200,100
49493594502898,13:44:53.594,15.2200,100
49493594502898,13:44:53.594,15.2200,100
49493594502898,13:44:53.594,15.2200,100
49572873845292,13:46:12.873,15.2200,100
49572873845292,13:46:12.873,15.2200,100
49572874419898,13:46:12.874,15.2200,100
49579418160573,13:46:19.418,15.2300,100
49591632515029,13:46:31.632,15.2200,100
49726283229050,13:48:46.283,15.2200,100
49726284059651,13:48:46.284,15.2200,100
49771283842024,13:49:31.283,15.2100,100
49771283891257,13:49:31.283,15.2100,100
49772059082599,13:49:32.059,15.2200,100
49772059082599,13:49:32.059,15.2200,100
49956636958633,13:52:36.636,15.2100,100
49956636958633,13:52:36.636,15.2100,6
49994989340197,13:53:14.989,15.2100,100
49994989340197,13:53:14.989,15.2100,100
50001585009592,13:53:21.585,15.2200,100
50001585009592,13:53:21.585,15.2200,100
50025312588932,13:53:45.312,15.2300,100
50025312734570,13:53:45.312,15.2300,100
50025312822346,13:53:45.312,15.2300,100
50025312822346,13:53:45.312,15.2300,100
50025312822346,13:53:45.312,15.2300,100
50047573563761,13:54:07.573,15.2200,100
50047573563761,13:54:07.573,15.2200,100
50101684938316,13:55:01.684,15.2200,97
50101787715921,13:55:01.787,15.2200,1
50102083043050,13:55:02.083,15.2200,2
50102083043050,13:55:02.083,15.2200,100
50102083043050,13:55:02.083,15.2200,98
50102083344568,13:55:02.083,15.2200,2
50218130356975,13:56:58.130,15.2300,100
50218148284837,13:56:58.148,15.2300,100
50262933207833,13:57:42.933,15.2200,88
50262933207833,13:57:42.933,15.2200,1
50356817602020,13:59:16.817,15.2100,90
50356817607962,13:59:16.817,15.2100,10
50356817607962,13:59:16.817,15.2100,1
50398485131511,13:59:58.485,15.2000,91
50398485554397,13:59:58.485,15.2000,9
50398485554397,13:59:58.485,15.2000,100
50402702932412,14:00:02.702,15.2000,100
50402702932412,14:00:02.702,15.2000,100
50402703229841,14:00:02.703,15.2000,100
50402703229841,14:00:02.703,15.2100,100
50402720082317,14:00:02.720,15.2100,100
50402837316791,14:00:02.837,15.2100,100
50409095966582,14:00:09.095,15.2200,46
50409095972687,14:00:09.095,15.2200,54
50409095972687,14:00:09.095,15.2200,31
50409095984919,14:00:09.095,15.2200,85
50409096220886,14:00:09.096,15.2200,84
50409096220886,14:00:09.096,15.2200,100
50409096220886,14:00:09.096,15.2200,100
50409719160985,14:00:09.719,15.2300,100
50410714970438,14:00:10.714,15.2300,100
50413015229258,14:00:13.015,15.2500,100
50464280313703,14:01:04.280,15.2500,123
50482834383038,14:01:22.834,15.2600,100
50482834383038,14:01:22.834,15.2600,100
50484199213703,14:01:24.199,15.2700,98
50625540537556,14:03:45.540,15.2700,100
50625540537556,14:03:45.540,15.2700,100
50625540537556,14:03:45.540,15.2700,100
50625542289073,14:03:45.542,15.2800,100
50627162891641,14:03:47.162,15.2800,10
50627162891641,14:03:47.162,15.2800,90
50627163310028,14:03:47.163,15.2800,10
50630424953944,14:03:50.424,15.2800,100
50651730804305,14:04:11.730,15.2900,100
50665287824620,14:04:25.287,15.3000,100
50665301023576,14:04:25.301,15.3000,100
50666130769528,14:04:26.130,15.3000,100
50690231676717,14:04:50.231,15.3100,36
50698129918456,14:04:58.129,15.3100,64
50818131722857,14:06:58.131,15.3200,100
50818132316579,14:06:58.132,15.3100,100
50830895539180,14:07:10.895,15.3100,100
50841990909896,14:07:21.990,15.3200,100
50841990909896,14:07:21.990,15.3200,100
50860047726516,14:07:40.047,15.3200,100
50860064974112,14:07:40.064,15.3300,100
50860064974112,14:07:40.064,15.3300,100
50860105235506,14:07:40.105,15.3600,100
50860106897402,14:07:40.106,15.3600,100
50860109913298,14:07:40.109,15.3400,3
50860128200092,14:07:40.128,15.3400,100
50860143481290,14:07:40.143,15.3400,97
50860143481290,14:07:40.143,15.3600,100
50860143481290,14:07:40.143,15.3600,97
50860143481290,14:07:40.143,15.3600,106
50902931958270,14:08:22.931,15.3300,100
51178133743643,14:12:58.133,15.3300,100
51178134593538,14:12:58.134,15.3300,100
51178908798937,14:12:58.908,15.3500,97
51178908884717,14:12:58.908,15.3500,100
51178908884717,14:12:58.908,15.3500,100
51178909527151,14:12:58.909,15.3500,3
51178910229373,14:12:58.910,15.3500,100
51182251335180,14:13:02.251,15.3400,4
51182251335180,14:13:02.251,15.3400,100
51182393621080,14:13:02.393,15.3400,100
51182393695142,14:13:02.393,15.3400,100
51182393879527,14:13:02.393,15.3400,100
51182393879527,14:13:02.393,15.3400,100
51183936084018,14:13:03.936,15.3300,1
51199839684315,14:13:19.839,15.3400,64
51200677354398,14:13:20.677,15.3400,36
51200677354398,14:13:20.677,15.3400,64
51200679259413,14:13:20.679,15.3400,36
51200679259413,14:13:20.679,15.3400,100
51214193310261,14:13:34.193,15.3400,6
51214193457714,14:13:34.193,15.3400,94
51214193457714,14:13:34.193,15.3400,96
51244046452411,14:14:04.046,15.3400,100
51260924025632,14:14:20.924,15.3400,100
51275847684300,14:14:35.847,15.3300,98
51300714573635,14:15:00.714,15.3300,2
51309104831537,14:15:09.104,15.3300,9
51385231165506,14:16:25.231,15.3400,100
51385231598703,14:16:25.231,15.3400,36
51385231624901,14:16:25.231,15.3400,36
51385232743912,14:16:25.232,15.3300,30
51400205315132,14:16:40.205,15.3400,100
51400206460463,14:16:40.206,15.3400,100
51400520769413,14:16:40.520,15.3400,100
51400520769413,14:16:40.520,15.3400,100
51400520769413,14:16:40.520,15.3400,100
51400520769413,14:16:40.520,15.3400,100
51400783729716,14:16:40.783,15.3400,100
51409127127382,14:16:49.127,15.3300,100
51409127127382,14:16:49.127,15.3300,100
51443320033300,14:17:23.320,15.3250,100
51443933307570,14:17:23.933,15.3250,10
51443933314093,14:17:23.933,15.3250,90
51443933314093,14:17:23.933,15.3200,210
51443933338694,14:17:23.933,15.3200,90
51445806556047,14:17:25.806,15.3100,1
51445806556047,14:17:25.806,15.3100,99
51445806788808,14:17:25.806,15.3100,1
51539215643089,14:18:59.215,15.2700,100
51539317729653,14:18:59.317,15.2700,100
51539317901433,14:18:59.317,15.2700,300
51539457990558,14:18:59.457,15.2700,100
51539881268355,14:18:59.881,15.2800,200
51539881608733,14:18:59.881,15.2800,100
51539891743017,14:18:59.891,15.2800,100
51616922712160,14:20:16.922,15.2800,100
51616922712160,14:20:16.922,15.2800,6
51616922712160,14:20:16.922,15.2800,100
51618022161135,14:20:18.022,15.2800,86
51618022219450,14:20:18.022,15.2800,14
51618022395721,14:20:18.022,15.2800,100
51618051358095,14:20:18.051,15.2800,100
51631754776325,14:20:31.754,15.2700,100
51654723252106,14:20:54.723,15.2800,100
51654723421553,14:20:54.723,15.2800,100
51654978075229,14:20:54.978,15.2900,100
51654978075229,14:20:54.978,15.2900,100
51665561322987,14:21:05.561,15.2900,14
51667128453525,14:21:07.128,15.2900,100
51701907329553,14:21:41.907,15.3000,12
51701907329553,14:21:41.907,15.3000,88
51701909382243,14:21:41.909,15.3000,100
51701910737497,14:21:41.910,15.3000,12
51702024017194,14:21:42.024,15.3000,88
51761272775839,14:22:41.272,15.3100,68
51785297825898,14:23:05.297,15.3050,100
51785324544075,14:23:05.324,15.3000,100
51804477204266,14:23:24.477,15.3000,100
51804477707227,14:23:24.477,15.3000,100
51804477707227,14:23:24.477,15.3000,100
51804477771496,14:23:24.477,15.3000,100
51805931895100,14:23:25.931,15.3000,100
51810950438558,14:23:30.950,15.2950,100
51817314003446,14:23:37.314,15.2900,103
51817314033097,14:23:37.314,15.2900,97
51817314033097,14:23:37.314,15.2900,4
51822933569343,14:23:42.933,15.2800,1
51834061697652,14:23:54.061,15.2800,100
51834061697652,14:23:54.061,15.2800,100
51834061697652,14:23:54.061,15.2800,100
51834061697652,14:23:54.061,15.2800,100
51834061697652,14:23:54.061,15.2900,200
51834061697652,14:23:54.061,15.2900,100
51834061697652,14:23:54.061,15.2900,100
51834061697652,14:23:54.061,15.2900,100
51834062359038,14:23:54.062,15.2800,100
51834078955957,14:23:54.078,15.2850,98
51834136780314,14:23:54.136,15.2900,100
51834136780314,14:23:54.136,15.2900,100
51834137654168,14:23:54.137,15.3000,100
51877145799785,14:24:37.145,15.3050,100
51877149539820,14:24:37.149,15.3000,93
51877149604411,14:24:37.149,15.3000,7
51912128663464,14:25:12.128,15.2900,100
51912128995964,14:25:12.128,15.2900,100
51912144572547,14:25:12.144,15.2900,62
51955187604890,14:25:55.187,15.2850,30
51995444402917,14:26:35.444,15.2850,100
52056715227953,14:27:36.715,15.2800,100
52056715254358,14:27:36.715,15.2800,12
52066429220498,14:27:46.429,15.2700,200
52067252917947,14:27:47.252,15.2600,100
52070126785554,14:27:50.126,15.2700,10
52070127316987,14:27:50.127,15.2700,100
52075132006362,14:27:55.132,15.2700,1
52112567229425,14:28:32.567,15.2700,100
52112569935025,14:28:32.569,15.2800,100
52112569935025,14:28:32.569,15.2800,100
52112569935025,14:28:32.569,15.2800,100
52129455034564,14:28:49.455,15.2900,200
52141633428696,14:29:01.633,15.2900,100
52141633428696,14:29:01.633,15.2900,100
52141643518820,14:29:01.643,15.3000,100
52141643518820,14:29:01.643,15.3000,100
52141668390211,14:29:01.668,15.3100,32
52149937657488,14:29:09.937,15.3100,100
52463424687418,14:34:23.424,15.3200,100
52463424687418,14:34:23.424,15.3200,28
52463424823571,14:34:23.424,15.3200,72
52463424923886,14:34:23.424,15.3200,72
52463424927718,14:34:23.424,15.3200,28
52496878219765,14:34:56.878,15.3300,100
52496878219765,14:34:56.878,15.3300,77
52496878332491,14:34:56.878,15.3300,23
52496878332491,14:34:56.878,15.3300,100
52496878332491,14:34:56.878,15.3300,49
52496878334105,14:34:56.878,15.3300,51
52497437351405,14:34:57.437,15.3400,100
52497437351405,14:34:57.437,15.3400,71
52498131179844,14:34:58.131,15.3400,29
52516925355821,14:35:16.925,15.3600,100
52522302977975,14:35:22.302,15.3500,200
52522302977975,14:35:22.302,15.3500,20
52522302977975,14:35:22.302,15.3500,100
52522956547400,14:35:22.956,15.3400,100
52522956573680,14:35:22.956,15.3400,400
52655355139753,14:37:35.355,15.3400,100
52655355139753,14:37:35.355,15.3400,100
52658589357470,14:37:38.589,15.3400,200
52658589357470,14:37:38.589,15.3400,100
52738130776911,14:38:58.130,15.3400,100
52738147388087,14:38:58.147,15.3400,100
52764517914548,14:39:24.517,15.3300,54
52880337458021,14:41:20.337,15.3400,100
52880337458021,14:41:20.337,15.3400,124
52880337458021,14:41:20.337,15.3400,76
52897785462775,14:41:37.785,15.3300,46
52897785462775,14:41:37.785,15.3300,100
52898267880448,14:41:38.267,15.3200,3
52943257102545,14:42:23.257,15.3200,100
52943280561241,14:42:23.280,15.3300,4
52996011801446,14:43:16.011,15.3200,100
52996011801446,14:43:16.011,15.3200,100
53000029092375,14:43:20.029,15.3100,100
53031461418634,14:43:51.461,15.3200,100
53031461865471,14:43:51.461,15.3200,100
53090258130162,14:44:50.258,15.3300,100
53090258130162,14:44:50.258,15.3300,100
53156401527873,14:45:56.401,15.3400,47
53157170551254,14:45:57.170,15.3450,100
53212797227373,14:46:52.797,15.3500,1
53215135065101,14:46:55.135,15.3500,22
53223124074601,14:47:03.124,15.3600,100
53240393669383,14:47:20.393,15.3700,100
53251873365672,14:47:31.873,15.3700,100
53251873524069,14:47:31.873,15.3700,100
53307100662910,14:48:27.100,15.3600,6
53307100662910,14:48:27.100,15.3600,100
53307100662910,14:48:27.100,15.3600,100
53307100662910,14:48:27.100,15.3600,100
53332851616835,14:48:52.851,15.3500,100
53414198088983,14:50:14.198,15.3400,100
53416635651177,14:50:16.635,15.3400,100
53465987385655,14:51:05.987,15.3300,100
53492573775555,14:51:32.573,15.3300,100
53525874175910,14:52:05.874,15.3400,100
53525874175910,14:52:05.874,15.3400,100
53535428507974,14:52:15.428,15.3500,8
53542014453379,14:52:22.014,15.3600,100
53551792600148,14:52:31.792,15.3600,100
53551792600148,14:52:31.792,15.3600,100
53551793533907,14:52:31.793,15.3600,100
53551793562034,14:52:31.793,15.3600,1
53576123838391,14:52:56.123,15.3600,100
53576123838391,14:52:56.123,15.3600,100
53596846403622,14:53:16.846,15.3700,100
53597116756161,14:53:17.116,15.3800,100
53600294185373,14:53:20.294,15.3800,100
53600294185373,14:53:20.294,15.3800,200
53770340673993,14:56:10.340,15.3700,300
53770340673993,14:56:10.340,15.3700,400
53793479105014,14:56:33.479,15.3700,100
53793479105014,14:56:33.479,15.3700,100
53793479105014,14:56:33.479,15.3700,163
53793479373346,14:56:33.479,15.3700,100
53833414437894,14:57:13.414,15.3700,38
53833414463404,14:57:13.414,15.3700,62
53870034075581,14:57:50.034,15.3700,100
53938129976829,14:58:58.129,15.3800,55
53938130092690,14:58:58.130,15.3800,45
53938130092690,14:58:58.130,15.3800,100
53938150011377,14:58:58.150,15.3900,1
53946487235309,14:59:06.487,15.3900,48
53949130718493,14:59:09.130,15.3900,200
53949130718493,14:59:09.130,15.3900,100
53949130718493,14:59:09.130,15.3900,100
53949130882571,14:59:09.130,15.3900,100
53949130884007,14:59:09.130,15.3900,100
53949130886107,14:59:09.130,15.3900,100
53949152826927,14:59:09.152,15.3800,4
54058106181362,15:00:58.106,15.3700,100
54058106181362,15:00:58.106,15.3700,100
54239957267398,15:03:59.957,15.3600,100
54259802751213,15:04:19.802,15.3600,100
54259802751213,15:04:19.802,15.3600,100
54259803646962,15:04:19.803,15.3500,100
54273763475591,15:04:33.763,15.3400,10
54273764041364,15:04:33.764,15.3400,90
54273764041364,15:04:33.764,15.3400,1
54315831752924,15:05:15.831,15.3300,100
54315834720465,15:05:15.834,15.3300,14
54320248213378,15:05:20.248,15.3300,200
54320248213378,15:05:20.248,15.3300,13
54489600942389,15:08:09.600,15.3400,100
54489600942389,15:08:09.600,15.3400,100
54489600942389,15:08:09.600,15.3400,100
54489600942389,15:08:09.600,15.3400,100
54489600942389,15:08:09.600,15.3400,100
54500833550945,15:08:20.833,15.3500,100
54500833550945,15:08:20.833,15.3500,100
54500834114220,15:08:20.834,15.3500,100
54500834593992,15:08:20.834,15.3500,100
54500834593992,15:08:20.834,15.3500,100
54500834593992,15:08:20.834,15.3500,100
54500834593992,15:08:20.834,15.3500,100
54500834593992,15:08:20.834,15.3500,100
54501052789537,15:08:21.052,15.3500,1
54515533726977,15:08:35.533,15.3400,239
54515533792077,15:08:35.533,15.3400,61
54515533792077,15:08:35.533,15.3400,300
54515931547582,15:08:35.931,15.3300,96
54515931573339,15:08:35.931,15.3300,4
54515931573339,15:08:35.931,15.3300,100
54515931573339,15:08:35.931,15.3300,1
54515931764638,15:08:35.931,15.3300,200
54600208316308,15:10:00.208,15.3200,14
54600208316308,15:10:00.208,15.3200,39
54657156303802,15:10:57.156,15.3100,100
54679903107168,15:11:19.903,15.3000,100
54687140562104,15:11:27.140,15.2900,200
54687141021239,15:11:27.141,15.2900,100
54687141021239,15:11:27.141,15.2900,12
54757011201303,15:12:37.011,15.3000,100
54757011201303,15:12:37.011,15.3000,100
54922012807539,15:15:22.012,15.3100,100
54922012807539,15:15:22.012,15.3100,100
54936129982359,15:15:36.129,15.3200,100
54947860558388,15:15:47.860,15.3300,100
54947860558388,15:15:47.860,15.3300,100
54952193975755,15:15:52.193,15.3400,1
54973398311155,15:16:13.398,15.3400,77
54973398311155,15:16:13.398,15.3400,100
54981022351387,15:16:21.022,15.3450,100
54981022351387,15:16:21.022,15.3400,100
54981023621078,15:16:21.023,15.3400,100
55086592284286,15:18:06.592,15.3200,70
55137299538981,15:18:57.299,15.3200,100
55200046688277,15:20:00.046,15.3200,100
55200046688277,15:20:00.046,15.3200,44
55200046731601,15:20:00.046,15.3200,56
55200046731601,15:20:00.046,15.3200,113
55200046731601,15:20:00.046,15.3200,100
55200046876799,15:20:00.046,15.3200,100
55200554434576,15:20:00.554,15.3300,2
55213271788967,15:20:13.271,15.3300,98
55332207819306,15:22:12.207,15.3300,100
55332207819306,15:22:12.207,15.3300,180
55332207848870,15:22:12.207,15.3300,20
55340819562523,15:22:20.819,15.3200,100
55340819562523,15:22:20.819,15.3200,100
55340820066586,15:22:20.820,15.3200,100
55354296141122,15:22:34.296,15.3100,200
55355604573839,15:22:35.604,15.3100,100
55383102631930,15:23:03.102,15.3100,100
55388178194020,15:23:08.178,15.3100,2
55388178194020,15:23:08.178,15.3100,100
55556129674607,15:25:56.129,15.3100,100
55556129674607,15:25:56.129,15.3100,13
55556129674607,15:25:56.129,15.3100,100
55556129674607,15:25:56.129,15.3100,100
55556129674607,15:25:56.129,15.3100,100
55556129674607,15:25:56.129,15.3100,100
55572589936350,15:26:12.589,15.3200,62
55646398693370,15:27:26.398,15.3200,100
55680540461561,15:28:00.540,15.3200,100
55680540489601,15:28:00.540,15.3200,100
55680540489601,15:28:00.540,15.3200,100
55776102845496,15:29:36.102,15.3200,10
55801589913469,15:30:01.589,15.3100,200
55801589913469,15:30:01.589,15.3100,100
55801840344479,15:30:01.840,15.3100,100
55810663487090,15:30:10.663,15.3000,100
55810663679643,15:30:10.663,15.3000,101
55821419316145,15:30:21.419,15.3000,100
55821419864920,15:30:21.419,15.3000,99
55832122985591,15:30:32.122,15.3000,9
55832988116646,15:30:32.988,15.3000,256
55832988116646,15:30:32.988,15.3000,100
55869475881750,15:31:09.475,15.3100,100
55886791952357,15:31:26.791,15.3200,100
56051171391049,15:34:11.171,15.3200,100
56051171391049,15:34:11.171,15.3200,100
56051171391049,15:34:11.171,15.3200,15
56051171391049,15:34:11.171,15.3200,100
56107834712484,15:35:07.834,15.3000,59
56107885043075,15:35:07.885,15.3000,100
56139286362636,15:35:39.286,15.3100,100
56139286362636,15:35:39.286,15.3100,100
56139286362636,15:35:39.286,15.3100,10
56139286362636,15:35:39.286,15.3100,100
56139286362636,15:35:39.286,15.3100,100
56139286362636,15:35:39.286,15.3100,100
56139286362636,15:35:39.286,15.3100,100
56173608081949,15:36:13.608,15.3100,100
56173609439769,15:36:13.609,15.3100,100
56173609439769,15:36:13.609,15.3100,100
56173609439769,15:36:13.609,15.3100,300
56193794334704,15:36:33.794,15.3050,100
56234618527303,15:37:14.618,15.3050,98
56427338184652,15:40:27.338,15.3000,100
56427338184652,15:40:27.338,15.3000,10
56427438700086,15:40:27.438,15.2950,100
56441036711801,15:40:41.036,15.2950,100
56488752654873,15:41:28.752,15.2800,100
56488752654873,15:41:28.752,15.2800,100
56561506739821,15:42:41.506,15.2800,300
56561506739821,15:42:41.506,15.2800,100
56561506739821,15:42:41.506,15.2800,100
56561506739821,15:42:41.506,15.2800,100
56561506739821,15:42:41.506,15.2800,124
56561513188362,15:42:41.513,15.2800,73
56561513188362,15:42:41.513,15.2800,27
56561513189553,15:42:41.513,15.2800,100
56561530257760,15:42:41.530,15.2800,73
56562275789685,15:42:42.275,15.2900,100
56562275789685,15:42:42.275,15.2900,100
56562275789685,15:42:42.275,15.2900,100
56562276226907,15:42:42.276,15.2900,100
56593685962970,15:43:13.685,15.3000,100
56593685962970,15:43:13.685,15.3000,6
56593685962970,15:43:13.685,15.3000,94
56593685962970,15:43:13.685,15.3000,40
56593686514885,15:43:13.686,15.3000,60
56593686514885,15:43:13.686,15.3000,6
56594932646784,15:43:14.932,15.3150,100
56594932646784,15:43:14.932,15.3100,300
56594933864813,15:43:14.933,15.3100,7
56594933864813,15:43:14.933,15.3100,66
56594933864813,15:43:14.933,15.3100,100
56594933864813,15:43:14.933,15.3100,200
56594933864813,15:43:14.933,15.3100,100
56594933864813,15:43:14.933,15.3100,100
56594933864813,15:43:14.933,15.3100,100
56594933864813,15:43:14.933,15.3100,27
56735118843959,15:45:35.118,15.3050,100
56735119576946,15:45:35.119,15.3100,100
56735120434413,15:45:35.120,15.3100,28
56735120434413,15:45:35.120,15.3100,100
56735120434413,15:45:35.120,15.3100,72
56735121311456,15:45:35.121,15.3100,28
56735121311456,15:45:35.121,15.3100,100
56735121311456,15:45:35.121,15.3100,72
56735121611052,15:45:35.121,15.3100,100
56735121763671,15:45:35.121,15.3100,100
56735123878437,15:45:35.123,15.3100,100
56737334281879,15:45:37.334,15.3050,100
56737334281879,15:45:37.334,15.3000,100
56737334281879,15:45:37.334,15.3000,107
56737334363447,15:45:37.334,15.3000,93
56737334363447,15:45:37.334,15.3000,7
56743982640057,15:45:43.982,15.2900,100
56743982640057,15:45:43.982,15.2900,7
56743982640057,15:45:43.982,15.2900,200
56743982640057,15:45:43.982,15.2900,400
56810855828832,15:46:50.855,15.2850,100
56810855828832,15:46:50.855,15.2900,100
56810855973401,15:46:50.855,15.2900,100
56810868299500,15:46:50.868,15.2900,100
56810868853536,15:46:50.868,15.2900,100
56836581003855,15:47:16.581,15.2900,100
56836581003855,15:47:16.581,15.2900,100
56939036935597,15:48:59.036,15.2950,1
56971013395470,15:49:31.013,15.3000,2
56978468918945,15:49:38.468,15.2950,100
56978468918945,15:49:38.468,15.3000,98
56978468918945,15:49:38.468,15.3000,100
56978468918945,15:49:38.468,15.3000,100
56978468918945,15:49:38.468,15.3000,100
56978468918945,15:49:38.468,15.3000,100
56978468918945,15:49:38.468,15.3000,100
56978468918945,15:49:38.468,15.3000,100
56978468918945,15:49:38.468,15.3000,100
56978468918945,15:49:38.468,15.3000,2
56978469063198,15:49:38.469,15.3000,98
56978469469234,15:49:38.469,15.3000,25
56978469842451,15:49:38.469,15.3000,75
57011517839698,15:50:11.517,15.3000,200
57011517839698,15:50:11.517,15.3000,15
57011518385914,15:50:11.518,15.3000,100
57011518540437,15:50:11.518,15.3000,200
57011521264982,15:50:11.521,15.2900,100
57012645407447,15:50:12.645,15.2900,100
57012645407447,15:50:12.645,15.2900,50
57017909732448,15:50:17.909,15.2900,100
57017909732448,15:50:17.909,15.2900,100
57017909744912,15:50:17.909,15.2900,50
57017909744912,15:50:17.909,15.2900,50
57022473461157,15:50:22.473,15.2800,200
57022473461157,15:50:22.473,15.2800,100
57022473461157,15:50:22.473,15.2800,100
57022473461157,15:50:22.473,15.2800,150
57022473461157,15:50:22.473,15.2800,50
57022473689225,15:50:22.473,15.2800,600
57022473691738,15:50:22.473,15.2800,100
57022473691738,15:50:22.473,15.2800,500
57058931065889,15:50:58.931,15.2600,100
57070864500907,15:51:10.864,15.2500,91
57071028348308,15:51:11.028,15.2500,9
57093222247212,15:51:33.222,15.2500,63
57093964402523,15:51:33.964,15.2500,37
57093964402523,15:51:33.964,15.2500,100
57093964402523,15:51:33.964,15.2500,100
57093964402523,15:51:33.964,15.2500,100
57105557590135,15:51:45.557,15.2600,100
57105557647344,15:51:45.557,15.2600,100
57105558107796,15:51:45.558,15.2600,100
57145124329892,15:52:25.124,15.2600,100
57145125065439,15:52:25.125,15.2600,6
57146027719648,15:52:26.027,15.2500,139
57168912566035,15:52:48.912,15.2400,61
57168912566035,15:52:48.912,15.2400,100
57168912566035,15:52:48.912,15.2400,39
57168912595332,15:52:48.912,15.2400,61
57168913447347,15:52:48.913,15.2400,100
57192990624422,15:53:12.990,15.2500,100
57192990624422,15:53:12.990,15.2500,100
57192991835974,15:53:12.991,15.2500,100
57193008304542,15:53:13.008,15.2450,100
57223879971034,15:53:43.879,15.2450,100
57248377419649,15:54:08.377,15.2500,31
57248377419649,15:54:08.377,15.2500,100
57248377419649,15:54:08.377,15.2500,69
57302915206446,15:55:02.915,15.2450,100
57302915206446,15:55:02.915,15.2500,100
57302915206446,15:55:02.915,15.2500,100
57302915206446,15:55:02.915,15.2500,100
57302915206446,15:55:02.915,15.2500,100
57329187669956,15:55:29.187,15.2450,100
57352750022054,15:55:52.750,15.2500,100
57352750022054,15:55:52.750,15.2500,100
57352750022054,15:55:52.750,15.2500,100
57352750022054,15:55:52.750,15.2500,100
57380081074958,15:56:20.081,15.2550,100
57380081074958,15:56:20.081,15.2550,6
57380112404653,15:56:20.112,15.2550,26
57380697826303,15:56:20.697,15.2550,26
57437368823037,15:57:17.368,15.2500,10
57452401894803,15:57:32.401,15.2500,90
57452401894803,15:57:32.401,15.2500,200
57452401894803,15:57:32.401,15.2500,10
57452401894803,15:57:32.401,15.2500,100
57452401953151,15:57:32.401,15.2500,9
57452401953151,15:57:32.401,15.2500,26
57452401953151,15:57:32.401,15.2500,100
57461248309896,15:57:41.248,15.2450,31
57491679278624,15:58:11.679,15.2400,100
57492703197378,15:58:12.703,15.2400,100
57492763907406,15:58:12.763,15.2400,100
57492764573183,15:58:12.764,15.2400,100
57492764607261,15:58:12.764,15.2400,100
57525850823007,15:58:45.850,15.2500,93
57550082640269,15:59:10.082,15.2500,207
57550082640269,15:59:10.082,15.2500,100
57550082640269,15:59:10.082,15.2600,200
57550082640269,15:59:10.082,15.2600,100
57550082640269,15:59:10.082,15.2600,100
57550082640269,15:59:10.082,15.2600,100
57565091324279,15:59:25.091,15.2500,52
57565091324279,15:59:25.091,15.2500,48
57565091376784,15:59:25.091,15.2500,52
57565091376784,15:59:25.091,15.2500,48
57589954532033,15:59:49.954,15.2550,100
57594443524788,15:59:54.443,15.2600,25
57596565305771,15:59:56.565,15.2600,75
57596565305771,15:59:56.565,15.2600,25
57597060837458,15:59:57.060,15.2600,92
57597150618770,15:59:57.150,15.2600,83
57597150618770,15:59:57.150,15.2600,111
57597725857824,15:59:57.725,15.2600,189
57597725902100,15:59:57.725,15.2600,300
57600382882384,16:00:00.382,0.0000,0
