timestamp,time,price,volume
34200662244631,09:30:00.662,0.0000,0
34305290706378,09:31:45.290,12.0000,100
34305291147059,09:31:45.291,12.0000,100
34305323205154,09:31:45.323,11.9900,100
34305393314011,09:31:45.393,11.9600,100
34337952018923,09:32:17.952,11.9600,86
34337952018923,09:32:17.952,11.9600,100
34340652877630,09:32:20.652,11.9700,100
34340652877630,09:32:20.652,11.9700,100
34340872844347,09:32:20.872,11.9700,200
34355025158569,09:32:35.025,11.9300,50
34364171095254,09:32:44.171,11.9200,50
34364171095254,09:32:44.171,11.9200,100
34364171095254,09:32:44.171,11.9200,50
34364171136181,09:32:44.171,11.9200,50
34376578317462,09:32:56.578,11.9300,100
34376578684793,09:32:56.578,11.9400,100
34392445251379,09:33:12.445,11.9300,100
34409639072828,09:33:29.639,11.9200,53
34416559684029,09:33:36.559,11.9000,100
34423418542535,09:33:43.418,11.9100,43
34455341559950,09:34:15.341,11.9400,100
34464432485564,09:34:24.432,11.9300,100
34464432514479,09:34:24.432,11.9300,100
34472969468665,09:34:32.969,11.9100,200
34472969468665,09:34:32.969,11.9100,100
34472969468665,09:34:32.969,11.9100,100
34472969468665,09:34:32.969,11.9100,100
34472969468665,09:34:32.969,11.9100,100
34500072048595,09:35:00.072,11.9100,100
34502578220482,09:35:02.578,11.9300,100
34502578220482,09:35:02.578,11.9300,100
34542393125965,09:35:42.393,11.9100,100
34542393125965,09:35:42.393,11.9100,100
34547335309200,09:35:47.335,11.9100,100
34547335309200,09:35:47.335,11.9100,100
34557869966056,09:35:57.869,11.8900,100
34593868441252,09:36:33.868,11.8700,100
34632357197281,09:37:12.357,11.8600,100
34632357197281,09:37:12.357,11.8600,200
34651753863046,09:37:31.753,11.8600,100
34651753863046,09:37:31.753,11.8600,100
34680941427724,09:38:00.941,11.8400,100
34680941427724,09:38:00.941,11.8400,100
34680941460010,09:38:00.941,11.8400,100
34680941550907,09:38:00.941,11.8400,10
34680941861840,09:38:00.941,11.8400,290
34680941861840,09:38:00.941,11.8400,100
34680941861840,09:38:00.941,11.8400,100
34756792304088,09:39:16.792,11.8300,48
34761426800722,09:39:21.426,11.8300,52
34761426800722,09:39:21.426,11.8300,48
34761426840160,09:39:21.426,11.8300,52
34776197089603,09:39:36.197,11.8200,100
34793338532527,09:39:53.338,11.8100,100
34793338532527,09:39:53.338,11.8100,100
34793338533303,09:39:53.338,11.8100,200
34793338673752,09:39:53.338,11.8100,100
34793338697702,09:39:53.338,11.8100,100
34793338697702,09:39:53.338,11.8100,100
34793338910011,09:39:53.338,11.8100,100
34799031442141,09:39:59.031,11.8200,100
34799031442141,09:39:59.031,11.8200,100
34816772886317,09:40:16.772,11.8200,100
34834465938023,09:40:34.465,11.8100,400
34858286503723,09:40:58.286,11.8000,100
34888388422450,09:41:28.388,11.7800,100
34888389356239,09:41:28.389,11.7700,100
34897096375854,09:41:37.096,11.7600,100
34907468981582,09:41:47.468,11.7600,100
34922163913612,09:42:02.163,11.7600,200
34922163913612,09:42:02.163,11.7600,100
34922163913612,09:42:02.163,11.7600,200
34922163963450,09:42:02.163,11.7600,200
34924080260598,09:42:04.080,11.7600,100
34924080260598,09:42:04.080,11.7600,100
34925447771073,09:42:05.447,11.7500,100
34925447771073,09:42:05.447,11.7500,100
34933667657243,09:42:13.667,11.7400,100
34933667657243,09:42:13.667,11.7400,100
34933667657243,09:42:13.667,11.7400,100
34937157762408,09:42:17.157,11.7300,100
34937157762408,09:42:17.157,11.7300,100
34980532648806,09:43:00.532,11.6900,100
34980537563258,09:43:00.537,11.6900,100
34980537563258,09:43:00.537,11.6900,100
35004595144742,09:43:24.595,11.6800,100
35009154693174,09:43:29.154,11.6700,100
35024016864861,09:43:44.016,11.6700,100
35034419874470,09:43:54.419,11.6600,100
35055039168577,09:44:15.039,11.6500,100
35057649097693,09:44:17.649,11.6600,100
35057649097693,09:44:17.649,11.6600,100
35057649097693,09:44:17.649,11.6600,100
35057649097693,09:44:17.649,11.6600,100
35057649099005,09:44:17.649,11.6600,100
35073567984330,09:44:33.567,11.6700,100
35073567984330,09:44:33.567,11.6700,13
35073571858744,09:44:33.571,11.6800,100
35108570291902,09:45:08.570,11.6700,100
35108570293261,09:45:08.570,11.6700,87
35108570608829,09:45:08.570,11.6800,100
35108574429664,09:45:08.574,11.6800,100
35108574429664,09:45:08.574,11.6800,100
35108574429664,09:45:08.574,11.6800,100
35108575130600,09:45:08.575,11.6800,100
35108575130600,09:45:08.575,11.6800,100
35108575130600,09:45:08.575,11.6800,100
35108575890105,09:45:08.575,11.6800,100
35108575890105,09:45:08.575,11.6800,100
35108575890105,09:45:08.575,11.6800,100
35108575890105,09:45:08.575,11.6800,100
35108575890105,09:45:08.575,11.6800,100
35112687406108,09:45:12.687,11.6900,100
35112689195352,09:45:12.689,11.7000,100
35112689195352,09:45:12.689,11.7000,100
35112689195352,09:45:12.689,11.7000,100
35112689195352,09:45:12.689,11.7000,300
35112694388029,09:45:12.694,11.6900,100
35115623503197,09:45:15.623,11.6900,100
35115623503197,09:45:15.623,11.6900,100
35115623503197,09:45:15.623,11.6900,100
35115623503197,09:45:15.623,11.6900,100
35115623503197,09:45:15.623,11.6900,100
35115623503197,09:45:15.623,11.6900,100
35117467780153,09:45:17.467,11.7000,100
35117467780153,09:45:17.467,11.7000,100
35117467780153,09:45:17.467,11.7000,100
35117467780153,09:45:17.467,11.7000,100
35117473343011,09:45:17.473,11.7000,91
35117473371285,09:45:17.473,11.7000,9
35120782932518,09:45:20.782,11.6900,100
35120934634653,09:45:20.934,11.6900,100
35120934634653,09:45:20.934,11.6900,100
35120934634653,09:45:20.934,11.6900,100
35120934634653,09:45:20.934,11.6900,100
35120934634653,09:45:20.934,11.6900,100
35120936274399,09:45:20.936,11.7000,400
35120936274399,09:45:20.936,11.7000,100
35120936274399,09:45:20.936,11.7000,100
35120936274399,09:45:20.936,11.7000,100
35120936274399,09:45:20.936,11.7000,100
35120936274399,09:45:20.936,11.7000,100
35120936274399,09:45:20.936,11.7000,100
35120936329311,09:45:20.936,11.7000,100
35120938214046,09:45:20.938,11.7000,100
35120938214046,09:45:20.938,11.7000,100
35120938214046,09:45:20.938,11.7000,100
35120938214046,09:45:20.938,11.7000,100
35131255555159,09:45:31.255,11.6700,100
35131269342802,09:45:31.269,11.6800,100
35131269342802,09:45:31.269,11.6800,100
35131269342802,09:45:31.269,11.6800,100
35131269342802,09:45:31.269,11.6800,100
35131269342802,09:45:31.269,11.6800,100
35131269342802,09:45:31.269,11.6800,100
35134814197568,09:45:34.814,11.7000,100
35134814197568,09:45:34.814,11.7000,100
35142089832550,09:45:42.089,11.7000,100
35151565614987,09:45:51.565,11.6700,200
35151565614987,09:45:51.565,11.6700,100
35181269907640,09:46:21.269,11.6500,100
35186805240626,09:46:26.805,11.6300,100
35220269000640,09:47:00.269,11.6100,200
35220269000640,09:47:00.269,11.6100,100
35222798612239,09:47:02.798,11.6300,100
35222801221145,09:47:02.801,11.6300,100
35222801221145,09:47:02.801,11.6300,100
35222801868264,09:47:02.801,11.6200,100
35222801868264,09:47:02.801,11.6200,100
35222803048131,09:47:02.803,11.6200,100
35225451511111,09:47:05.451,11.6200,100
35225451511111,09:47:05.451,11.6200,100
35225451511111,09:47:05.451,11.6200,100
35225451511111,09:47:05.451,11.6200,100
35225468832838,09:47:05.468,11.6200,100
35225468832838,09:47:05.468,11.6200,100
35226696824111,09:47:06.696,11.6100,100
35226696824111,09:47:06.696,11.6100,100
35226696836015,09:47:06.696,11.6100,100
35227751495030,09:47:07.751,11.6200,200
35227751495030,09:47:07.751,11.6200,100
35227751495030,09:47:07.751,11.6200,100
35244289410838,09:47:24.289,11.6300,100
35244289410838,09:47:24.289,11.6300,100
35247081913269,09:47:27.081,11.6300,100
35247081913269,09:47:27.081,11.6300,400
35247084601036,09:47:27.084,11.6400,100
35247101776975,09:47:27.101,11.6400,100
35247102737210,09:47:27.102,11.6300,100
35247102737210,09:47:27.102,11.6300,100
35250233402649,09:47:30.233,11.6300,100
35250233402649,09:47:30.233,11.6300,100
35250236706582,09:47:30.236,11.6400,74
35250236774105,09:47:30.236,11.6400,13
35250253752978,09:47:30.253,11.6300,100
35252642180735,09:47:32.642,11.6300,100
35252642180735,09:47:32.642,11.6300,100
35252642180735,09:47:32.642,11.6300,400
35253948673502,09:47:33.948,11.6200,53
35253948673502,09:47:33.948,11.6200,47
35253948848533,09:47:33.948,11.6200,53
35254763429418,09:47:34.763,11.6200,100
35254763429418,09:47:34.763,11.6200,100
35254766652230,09:47:34.766,11.6300,100
35254766652230,09:47:34.766,11.6300,100
35254766796914,09:47:34.766,11.6300,100
35260130049238,09:47:40.130,11.6050,100
35260162250500,09:47:40.162,11.6000,100
35260162250500,09:47:40.162,11.6000,100
35281125206633,09:48:01.125,11.5800,100
35281125206633,09:48:01.125,11.5800,100
35285813199954,09:48:05.813,11.5800,100
35306622307225,09:48:26.622,11.5800,72
35306622596605,09:48:26.622,11.5800,128
35306625964973,09:48:26.625,11.5900,100
35306625964973,09:48:26.625,11.5900,100
35307086723722,09:48:27.086,11.5900,100
35307086723722,09:48:27.086,11.5900,200
35309694523202,09:48:29.694,11.5900,100
35309694523202,09:48:29.694,11.5900,92
35309694570326,09:48:29.694,11.5900,8
35309694570326,09:48:29.694,11.5900,100
35310197435472,09:48:30.197,11.5900,100
35329028639225,09:48:49.028,11.5900,100
35371910188586,09:49:31.910,11.5600,100
35402809256164,09:50:02.809,11.5400,100
35418477368969,09:50:18.477,11.5400,100
35465562505235,09:51:05.562,11.5500,125
35465562505235,09:51:05.562,11.5500,100
35522817722490,09:52:02.817,11.5600,100
35522817749994,09:52:02.817,11.5500,100
35522817749994,09:52:02.817,11.5500,100
35522817749994,09:52:02.817,11.5500,100
35522817749994,09:52:02.817,11.5500,100
35522817749994,09:52:02.817,11.5500,100
35525471090285,09:52:05.471,11.5500,100
35533298948901,09:52:13.298,11.5400,100
35533298948901,09:52:13.298,11.5400,52
35533298948901,09:52:13.298,11.5400,48
35533298976671,09:52:13.298,11.5400,52
35533316062408,09:52:13.316,11.5300,100
35533316136283,09:52:13.316,11.5300,100
35581371139563,09:53:01.371,11.5100,100
35581371139563,09:53:01.371,11.5100,300
35581371191084,09:53:01.371,11.5200,100
35581371191084,09:53:01.371,11.5200,50
35581371193560,09:53:01.371,11.5200,50
35581371193560,09:53:01.371,11.5200,100
35582383449746,09:53:02.383,11.5300,100
35601053988517,09:53:21.053,11.5200,200
35601134550297,09:53:21.134,11.5200,100
35601186851997,09:53:21.186,11.5200,100
35620221064773,09:53:40.221,11.5100,100
35664512526251,09:54:24.512,11.5100,100
35664534965875,09:54:24.534,11.5100,100
35664534965875,09:54:24.534,11.5100,100
35664534965875,09:54:24.534,11.5100,100
35664534965875,09:54:24.534,11.5100,100
35664534965875,09:54:24.534,11.5100,50
35664534965875,09:54:24.534,11.5100,2
35664535035282,09:54:24.535,11.5100,98
35664535035282,09:54:24.535,11.5100,100
35686242234215,09:54:46.242,11.5000,100
35755426761549,09:55:55.426,11.4600,100
35756196001618,09:55:56.196,11.4500,83
35756196344796,09:55:56.196,11.4500,17
35756196344796,09:55:56.196,11.4500,83
35756196357871,09:55:56.196,11.4500,17
35763896288817,09:56:03.896,11.4400,100
35763896288817,09:56:03.896,11.4400,100
35783804963183,09:56:23.804,11.4300,100
35783804963183,09:56:23.804,11.4300,100
35783804963183,09:56:23.804,11.4300,57
35783804963183,09:56:23.804,11.4300,700
35797016088225,09:56:37.016,11.4400,100
35807652660886,09:56:47.652,11.4400,100
35807652660886,09:56:47.652,11.4400,100
35807652660886,09:56:47.652,11.4400,200
35832095206516,09:57:12.095,11.4500,100
35832095206516,09:57:12.095,11.4500,200
35832095740227,09:57:12.095,11.4500,91
35832095951413,09:57:12.095,11.4500,100
35832095977609,09:57:12.095,11.4500,100
35832095977609,09:57:12.095,11.4500,100
35832095977609,09:57:12.095,11.4500,100
35837657908268,09:57:17.657,11.4400,100
35837657908268,09:57:17.657,11.4400,100
35849046591584,09:57:29.046,11.4400,100
35865908007863,09:57:45.908,11.4300,100
35865908905809,09:57:45.908,11.4200,40
35872199048166,09:57:52.199,11.4200,60
35872199048166,09:57:52.199,11.4200,100
35872199048166,09:57:52.199,11.4200,40
35872199377648,09:57:52.199,11.4200,100
35872201171892,09:57:52.201,11.4200,100
35872201677462,09:57:52.201,11.4200,100
35872203416011,09:57:52.203,11.4200,100
35872203416011,09:57:52.203,11.4200,100
35872203416011,09:57:52.203,11.4200,39
35872203416011,09:57:52.203,11.4200,77
35877473849623,09:57:57.473,11.4300,100
35955663694356,09:59:15.663,11.4400,100
35967954479266,09:59:27.954,11.4500,100
35971283182696,09:59:31.283,11.4300,100
35971283182696,09:59:31.283,11.4300,100
35974431774155,09:59:34.431,11.4300,39
35974431774155,09:59:34.431,11.4300,100
35976850914431,09:59:36.850,11.4400,100
35976850914431,09:59:36.850,11.4400,100
35976850914431,09:59:36.850,11.4400,100
35976850914431,09:59:36.850,11.4400,100
35976850914431,09:59:36.850,11.4400,200
35979225105759,09:59:39.225,11.4500,100
35990815318976,09:59:50.815,11.4400,100
35990819331134,09:59:50.819,11.4400,100
35990819331134,09:59:50.819,11.4400,100
35990819331134,09:59:50.819,11.4400,100
36044854142206,10:00:44.854,11.4500,100
36044854179036,10:00:44.854,11.4500,16
36045354522435,10:00:45.354,11.4400,68
36045354522435,10:00:45.354,11.4400,100
36135121231395,10:02:15.121,11.4500,100
36135121231395,10:02:15.121,11.4500,100
36150937496143,10:02:30.937,11.4450,100
36150937496143,10:02:30.937,11.4500,300
36150937496143,10:02:30.937,11.4500,100
36150937805801,10:02:30.937,11.4500,100
36150938705467,10:02:30.938,11.4600,100
36151220585833,10:02:31.220,11.4600,45
36151220585833,10:02:31.220,11.4600,2
36156169266830,10:02:36.169,11.4500,100
36166704556980,10:02:46.704,11.4400,5
36189676184255,10:03:09.676,11.4300,100
36199480363493,10:03:19.480,11.4200,100
36199480363493,10:03:19.480,11.4200,100
36199480363493,10:03:19.480,11.4200,100
36203171607051,10:03:23.171,11.4200,100
36203171607051,10:03:23.171,11.4200,100
36203171607051,10:03:23.171,11.4200,100
36203171607051,10:03:23.171,11.4200,100
36203199118776,10:03:23.199,11.4200,100
36203199118776,10:03:23.199,11.4200,56
36205433436338,10:03:25.433,11.4100,96
36237290308742,10:03:57.290,11.4100,100
36237290308742,10:03:57.290,11.4100,100
36237290308742,10:03:57.290,11.4100,100
36237290431771,10:03:57.290,11.4100,100
36237290431771,10:03:57.290,11.4100,100
36241509960210,10:04:01.509,11.4150,100
36241510022296,10:04:01.510,11.4200,100
36276543848119,10:04:36.543,11.4200,100
36276543848119,10:04:36.543,11.4200,100
36276543985253,10:04:36.543,11.4200,100
36276544123737,10:04:36.544,11.4200,100
36291296351748,10:04:51.296,11.3900,47
36291296351748,10:04:51.296,11.3900,53
36291296395045,10:04:51.296,11.3900,12
36291753286861,10:04:51.753,11.3800,100
36291753286861,10:04:51.753,11.3800,100
36328156279947,10:05:28.156,11.3700,100
36328156279947,10:05:28.156,11.3700,23
36329219461952,10:05:29.219,11.3600,43
36360029295303,10:06:00.029,11.3600,100
36360029295303,10:06:00.029,11.3600,200
36361525900991,10:06:01.525,11.3600,100
36422735619049,10:07:02.735,11.3600,100
36422735619049,10:07:02.735,11.3600,100
36422735619049,10:07:02.735,11.3600,100
36422768116216,10:07:02.768,11.3650,100
36422768174294,10:07:02.768,11.3600,100
36422768174294,10:07:02.768,11.3600,100
36422768174294,10:07:02.768,11.3600,44
36422768174294,10:07:02.768,11.3600,100
36422768174294,10:07:02.768,11.3600,50
36422768174294,10:07:02.768,11.3600,100
36422768174294,10:07:02.768,11.3600,91
36422768174294,10:07:02.768,11.3600,100
36422768174294,10:07:02.768,11.3600,215
36422768234224,10:07:02.768,11.3600,100
36452325341028,10:07:32.325,11.3300,154
36514294867059,10:08:34.294,11.3250,100
36514294867059,10:08:34.294,11.3300,100
36514294867059,10:08:34.294,11.3300,150
36514294899144,10:08:34.294,11.3300,50
36514294899144,10:08:34.294,11.3300,50
36514294952758,10:08:34.294,11.3300,100
36515546916971,10:08:35.546,11.3200,100
36515547396084,10:08:35.547,11.3200,17
36563231711524,10:09:23.231,11.3100,100
36575521345320,10:09:35.521,11.3200,100
36575521345320,10:09:35.521,11.3200,100
36575541193387,10:09:35.541,11.3200,100
36575541193387,10:09:35.541,11.3200,100
36575541193387,10:09:35.541,11.3200,100
36575541193387,10:09:35.541,11.3200,100
36575541193387,10:09:35.541,11.3200,100
36575541193387,10:09:35.541,11.3200,100
36579245873880,10:09:39.245,11.3150,100
36579245873880,10:09:39.245,11.3200,100
36579245913965,10:09:39.245,11.3200,100
36579443210984,10:09:39.443,11.3300,100
36579759639481,10:09:39.759,11.3300,7
36604172789794,10:10:04.172,11.3250,100
36604172789794,10:10:04.172,11.3300,93
36604172789794,10:10:04.172,11.3300,100
36604175334265,10:10:04.175,11.3300,100
36604239572886,10:10:04.239,11.3300,100
36604239572886,10:10:04.239,11.3300,100
36604239572886,10:10:04.239,11.3300,100
36604239572886,10:10:04.239,11.3300,100
36620600640981,10:10:20.600,11.3200,100
36656886115733,10:10:56.886,11.3000,100
36657184004117,10:10:57.184,11.3000,300
36657457789642,10:10:57.457,11.3050,68
36668595263626,10:11:08.595,11.2950,32
36672182427200,10:11:12.182,11.2950,100
36672182427200,10:11:12.182,11.3000,100
36672182427200,10:11:12.182,11.3000,200
36672182477794,10:11:12.182,11.3000,100
36699713202470,10:11:39.713,11.3100,100
36699713202470,10:11:39.713,11.3100,100
36699717726458,10:11:39.717,11.3100,100
36708048058873,10:11:48.048,11.3050,100
36758713458708,10:12:38.713,11.3000,100
36758713458708,10:12:38.713,11.3000,100
36758713458708,10:12:38.713,11.3000,100
36758713458708,10:12:38.713,11.3000,100
36761640485199,10:12:41.640,11.2900,22
36762017629128,10:12:42.017,11.2750,100
36762018213473,10:12:42.018,11.2800,100
36762018213473,10:12:42.018,11.2800,100
36762018213473,10:12:42.018,11.2800,48
36762018213473,10:12:42.018,11.2800,100
36762018213473,10:12:42.018,11.2800,100
36762018213473,10:12:42.018,11.2800,200
36772813530990,10:12:52.813,11.2850,100
36772813530990,10:12:52.813,11.2900,200
36772813530990,10:12:52.813,11.2900,100
36772813597668,10:12:52.813,11.2900,75
36772813616372,10:12:52.813,11.2900,25
36799687697423,10:13:19.687,11.3000,100
36799709547344,10:13:19.709,11.3100,200
36802742923531,10:13:22.742,11.3150,100
36875029197667,10:14:35.029,11.3300,100
36875042714902,10:14:35.042,11.3300,100
36930605249918,10:15:30.605,11.3200,100
36936308468898,10:15:36.308,11.3000,142
36936308468898,10:15:36.308,11.3000,58
36936308531762,10:15:36.308,11.3000,42
37002807374264,10:16:42.807,11.2900,100
37002807374264,10:16:42.807,11.2900,200
37002807946151,10:16:42.807,11.2900,100
37002807946151,10:16:42.807,11.2900,100
37032686244630,10:17:12.686,11.2900,100
37032686244630,10:17:12.686,11.2900,100
37032686276774,10:17:12.686,11.2900,8
37032686276774,10:17:12.686,11.2900,100
37035066504763,10:17:15.066,11.2750,100
37061164195116,10:17:41.164,11.2700,100
37061164195116,10:17:41.164,11.2700,100
37108948082845,10:18:28.948,11.2700,100
37108948082845,10:18:28.948,11.2700,100
37109317396100,10:18:29.317,11.2700,100
37109317396100,10:18:29.317,11.2700,100
37174344995615,10:19:34.344,11.2800,100
37174344995615,10:19:34.344,11.2800,68
37174345469999,10:19:34.345,11.2800,300
37186963028204,10:19:46.963,11.2750,100
37197501889625,10:19:57.501,11.2850,100
37238700886238,10:20:38.700,11.2900,100
37281923399122,10:21:21.923,11.2800,100
37321431100806,10:22:01.431,11.3000,200
37325055319225,10:22:05.055,11.3150,100
37412504623575,10:23:32.504,11.3250,100
37412504623575,10:23:32.504,11.3300,100
37412504623575,10:23:32.504,11.3300,100
37412504623575,10:23:32.504,11.3300,300
37412504623575,10:23:32.504,11.3300,100
37412504981201,10:23:32.504,11.3300,100
37416855089989,10:23:36.855,11.3350,100
37416874550417,10:23:36.874,11.3400,100
37416874550417,10:23:36.874,11.3400,100
37421722571971,10:23:41.722,11.3500,100
37421722571971,10:23:41.722,11.3500,100
37428504689431,10:23:48.504,11.3550,100
37560993081493,10:26:00.993,11.3600,100
37560993081493,10:26:00.993,11.3600,32
37562906291609,10:26:02.906,11.3600,68
37565752337594,10:26:05.752,11.3650,100
37617762715814,10:26:57.762,11.3600,200
37617763056105,10:26:57.763,11.3600,57
37617763056105,10:26:57.763,11.3600,100
37617763056105,10:26:57.763,11.3600,43
37617763056105,10:26:57.763,11.3600,100
37617763344484,10:26:57.763,11.3600,100
37617764193775,10:26:57.764,11.3600,100
37617764193775,10:26:57.764,11.3600,200
37617764629438,10:26:57.764,11.3600,100
37617764629438,10:26:57.764,11.3600,54
37624623176870,10:27:04.623,11.3650,200
37637407256668,10:27:17.407,11.3650,100
37657199163214,10:27:37.199,11.3700,100
37657199163214,10:27:37.199,11.3700,39
37715181782334,10:28:35.181,11.3700,61
37715181782334,10:28:35.181,11.3700,100
37715181782334,10:28:35.181,11.3700,100
37715181782334,10:28:35.181,11.3700,100
37719642780511,10:28:39.642,11.3750,100
37719642780511,10:28:39.642,11.3800,100
37719642956669,10:28:39.642,11.3800,100
37730007130769,10:28:50.007,11.3900,80
37735535308732,10:28:55.535,11.3900,20
37741900887618,10:29:01.900,11.4000,100
37742969223939,10:29:02.969,11.4000,57
37742969223939,10:29:02.969,11.4000,100
37745105545167,10:29:05.105,11.3950,700
37747190933176,10:29:07.190,11.3950,200
37748019918080,10:29:08.019,11.3900,200
37748041212133,10:29:08.041,11.3850,173
37759803545027,10:29:19.803,11.3800,100
37783756651782,10:29:43.756,11.3700,100
37783801881480,10:29:43.801,11.3600,100
37805587013019,10:30:05.587,11.3500,100
37805587880872,10:30:05.587,11.3500,100
37805587880872,10:30:05.587,11.3500,100
37805587880872,10:30:05.587,11.3500,100
37805587880872,10:30:05.587,11.3500,100
37805587880872,10:30:05.587,11.3500,100
37805637734377,10:30:05.637,11.3500,91
37819214317718,10:30:19.214,11.3600,100
37819214317718,10:30:19.214,11.3600,100
37819235448856,10:30:19.235,11.3700,100
37828735688758,10:30:28.735,11.3900,2
37927490850652,10:32:07.490,11.3900,195
37927490893731,10:32:07.490,11.3900,388
37927490895388,10:32:07.490,11.3900,17
38030607072086,10:33:50.607,11.4100,100
38030611339721,10:33:50.611,11.4200,100
38031805939565,10:33:51.805,11.4100,14
38031805939565,10:33:51.805,11.4100,200
38031805939565,10:33:51.805,11.4100,100
38043732787695,10:34:03.732,11.4000,100
38043733102102,10:34:03.733,11.4000,100
38043733102102,10:34:03.733,11.4000,100
38056663999263,10:34:16.663,11.3900,21
38059516645803,10:34:19.516,11.3800,100
38165319645991,10:36:05.319,11.3800,100
38165319645991,10:36:05.319,11.3800,28
38165319649216,10:36:05.319,11.3800,172
38165319649216,10:36:05.319,11.3800,100
38165319770604,10:36:05.319,11.3800,42
38165319784351,10:36:05.319,11.3800,58
38166321165296,10:36:06.321,11.3700,100
38177152836348,10:36:17.152,11.3800,200
38204416666742,10:36:44.416,11.3700,79
38211356616887,10:36:51.356,11.3650,100
38277745259288,10:37:57.745,11.3700,121
38277745259288,10:37:57.745,11.3700,200
38277745259288,10:37:57.745,11.3700,100
38277745721318,10:37:57.745,11.3700,400
38277781187426,10:37:57.781,11.3750,100
38277781187426,10:37:57.781,11.3800,100
38277781187426,10:37:57.781,11.3800,100
38277781900025,10:37:57.781,11.3800,100
38277811750223,10:37:57.811,11.3800,100
38277811750223,10:37:57.811,11.3800,100
38277813444245,10:37:57.813,11.3800,300
38277814209524,10:37:57.814,11.3800,100
38277814209524,10:37:57.814,11.3800,66
38277814209524,10:37:57.814,11.3800,34
38277817570705,10:37:57.817,11.3800,66
38277817570705,10:37:57.817,11.3800,34
38277817627273,10:37:57.817,11.3800,66
38277851636065,10:37:57.851,11.3900,100
38277851636065,10:37:57.851,11.3900,100
38277851636065,10:37:57.851,11.3900,100
38277855886897,10:37:57.855,11.3900,100
38277855894864,10:37:57.855,11.3900,100
38277855934786,10:37:57.855,11.3900,61
38277855934786,10:37:57.855,11.3900,39
38277855943888,10:37:57.855,11.3900,61
38280986546022,10:38:00.986,11.3600,200
38288723586181,10:38:08.723,11.3600,100
38288723586181,10:38:08.723,11.3600,200
38296338489118,10:38:16.338,11.3700,100
38324104122142,10:38:44.104,11.3900,100
38324186838683,10:38:44.186,11.3900,100
38324186838683,10:38:44.186,11.3900,61
38324186838683,10:38:44.186,11.3900,100
38324186838683,10:38:44.186,11.3900,100
38352574463696,10:39:12.574,11.4100,50
38353145120159,10:39:13.145,11.4100,50
38357168861003,10:39:17.168,11.4100,100
38357168861003,10:39:17.168,11.4100,100
38483934148474,10:41:23.934,11.4050,100
38578734996318,10:42:58.734,11.4050,100
38604722009737,10:43:24.722,11.4000,100
38604722009737,10:43:24.722,11.4000,200
38604722009737,10:43:24.722,11.4000,100
38604722009737,10:43:24.722,11.4000,100
38604722009737,10:43:24.722,11.4000,100
38604732786839,10:43:24.732,11.3900,6
38604732786839,10:43:24.732,11.3900,100
38615313344450,10:43:35.313,11.3800,100
38615313344450,10:43:35.313,11.3800,100
38644744495299,10:44:04.744,11.3850,100
38652740970820,10:44:12.740,11.3850,100
38656154590311,10:44:16.154,11.3900,100
38663409074360,10:44:23.409,11.4000,100
38753091455845,10:45:53.091,11.3900,100
38753091455845,10:45:53.091,11.3900,100
38753091455845,10:45:53.091,11.3900,100
38817048377267,10:46:57.048,11.3800,100
38903235414113,10:48:23.235,11.3900,100
38903235414113,10:48:23.235,11.3900,300
38913240935608,10:48:33.240,11.4000,11
39036556118295,10:50:36.556,11.3900,100
39154896073567,10:52:34.896,11.3800,100
39154896073567,10:52:34.896,11.3800,500
39245601893187,10:54:05.601,11.4100,100
39245603219442,10:54:05.603,11.4100,100
39252359396438,10:54:12.359,11.4100,100
39317421323418,10:55:17.421,11.4100,200
39339437856806,10:55:39.437,11.4500,100
39350096810585,10:55:50.096,11.4500,100
39365313385149,10:56:05.313,11.4600,100
39375107925808,10:56:15.107,11.4500,200
39375180026433,10:56:15.180,11.4400,42
39398645683855,10:56:38.645,11.4550,100
39447747645893,10:57:27.747,11.4700,100
39448035863597,10:57:28.035,11.4750,100
39489053168748,10:58:09.053,11.4800,100
39524739891267,10:58:44.739,11.4800,100
39528760296226,10:58:48.760,11.4750,100
39593919700668,10:59:53.919,11.4800,2
39593923063499,10:59:53.923,11.4800,100
39606884458411,11:00:06.884,11.4900,100
39606884458411,11:00:06.884,11.4900,100
39607023309471,11:00:07.023,11.5000,100
39607473157733,11:00:07.473,11.5000,100
39635519230099,11:00:35.519,11.5000,100
39635519230099,11:00:35.519,11.5000,100
39635519230099,11:00:35.519,11.5000,200
39637266496660,11:00:37.266,11.5000,100
39663055339769,11:01:03.055,11.5100,100
39663477786013,11:01:03.477,11.5200,100
39663477786013,11:01:03.477,11.5200,100
39846957502727,11:04:06.957,11.5100,300
39846957502727,11:04:06.957,11.5100,100
39890810732638,11:04:50.810,11.5100,100
39890810732638,11:04:50.810,11.5100,69
39890810732638,11:04:50.810,11.5100,60
39890810733593,11:04:50.810,11.5100,40
39936161624471,11:05:36.161,11.5200,400
40005496610370,11:06:45.496,11.5400,100
40010651412179,11:06:50.651,11.5500,100
40010651412179,11:06:50.651,11.5500,100
40036129525977,11:07:16.129,11.5400,100
40056120552168,11:07:36.120,11.5300,100
40056120585276,11:07:36.120,11.5300,46
40104633305094,11:08:24.633,11.5300,100
40221676100076,11:10:21.676,11.5300,200
40221676100076,11:10:21.676,11.5300,300
40221676100076,11:10:21.676,11.5300,100
40290412902997,11:11:30.412,11.5400,100
40483922569317,11:14:43.922,11.5500,100
40533589201743,11:15:33.589,11.5500,100
40537963906502,11:15:37.963,11.5400,100
40537963906502,11:15:37.963,11.5400,100
40537963906502,11:15:37.963,11.5400,100
40537963906502,11:15:37.963,11.5400,100
40726842913133,11:18:46.842,11.5500,200
40726842913133,11:18:46.842,11.5600,100
40726842913133,11:18:46.842,11.5600,100
40726842913133,11:18:46.842,11.5600,100
40726842913133,11:18:46.842,11.5600,100
40726842913133,11:18:46.842,11.5600,100
40730833429027,11:18:50.833,11.5700,77
40810500857184,11:20:10.500,11.5700,238
40810500859154,11:20:10.500,11.5700,62
40810500859154,11:20:10.500,11.5700,188
40810500862574,11:20:10.500,11.5700,112
40810500862574,11:20:10.500,11.5700,100
40811437762930,11:20:11.437,11.5800,100
40811437788341,11:20:11.437,11.5800,100
40811742528793,11:20:11.742,11.5900,100
40852801003315,11:20:52.801,11.6000,100
40852801003315,11:20:52.801,11.6000,100
40852801006385,11:20:52.801,11.6000,200
40852801008195,11:20:52.801,11.6000,100
40864537925937,11:21:04.537,11.6100,100
40913791104085,11:21:53.791,11.6050,100
40913791104085,11:21:53.791,11.6000,100
40913791104085,11:21:53.791,11.6000,100
40913791104085,11:21:53.791,11.6000,100
40913791104085,11:21:53.791,11.6000,100
40913794129391,11:21:53.794,11.6000,32
40913794159487,11:21:53.794,11.6000,44
40913794159487,11:21:53.794,11.6000,56
40915887740666,11:21:55.887,11.5900,100
40915887740666,11:21:55.887,11.5900,100
40915887740666,11:21:55.887,11.5900,100
40915887740666,11:21:55.887,11.5900,100
40915887740666,11:21:55.887,11.5900,100
40915887740666,11:21:55.887,11.5900,100
40915887740666,11:21:55.887,11.5900,300
40919200747103,11:21:59.200,11.5800,100
40919200747103,11:21:59.200,11.5800,100
40919200747103,11:21:59.200,11.5800,100
40919200747103,11:21:59.200,11.5800,100
40919200747103,11:21:59.200,11.5800,300
40925831305539,11:22:05.831,11.5900,100
40973386164249,11:22:53.386,11.6000,100
40973392617768,11:22:53.392,11.6000,100
40973392617768,11:22:53.392,11.6000,67
40973392617768,11:22:53.392,11.6000,100
40973392617768,11:22:53.392,11.6000,100
40973392617768,11:22:53.392,11.6000,100
40986756017193,11:23:06.756,11.6100,100
40986756017193,11:23:06.756,11.6100,300
40986756534043,11:23:06.756,11.6100,12
40986756570705,11:23:06.756,11.6100,88
41011718835743,11:23:31.718,11.6100,100
41011718835743,11:23:31.718,11.6100,88
41011718835743,11:23:31.718,11.6100,12
41011718882791,11:23:31.718,11.6100,88
41031557071976,11:23:51.557,11.6000,100
41031658974527,11:23:51.658,11.6000,100
41031658974527,11:23:51.658,11.6000,67
41063040210768,11:24:23.040,11.6100,100
41063040210768,11:24:23.040,11.6100,100
41063040210768,11:24:23.040,11.6100,300
41063040211953,11:24:23.040,11.6100,100
41063040211953,11:24:23.040,11.6100,100
41063040414803,11:24:23.040,11.6100,100
41063040414803,11:24:23.040,11.6100,100
41063040506785,11:24:23.040,11.6100,100
41063040960464,11:24:23.040,11.6100,57
41192269406399,11:26:32.269,11.6000,100
41192269406399,11:26:32.269,11.6000,200
41192269601735,11:26:32.269,11.6000,100
41192269606081,11:26:32.269,11.6000,100
41192269606081,11:26:32.269,11.6000,44
41192269606081,11:26:32.269,11.6000,100
41192269606081,11:26:32.269,11.6000,100
41192269613921,11:26:32.269,11.6000,71
41192269747680,11:26:32.269,11.6000,300
41192269747680,11:26:32.269,11.6000,100
41192269747680,11:26:32.269,11.6000,100
41192269950001,11:26:32.269,11.6000,300
41192269950001,11:26:32.269,11.6000,100
41284357846467,11:28:04.357,11.6100,100
41284358231732,11:28:04.358,11.6100,100
41311563824663,11:28:31.563,11.6100,3
41325171113437,11:28:45.171,11.6200,100
41325174378561,11:28:45.174,11.6250,100
41325174378561,11:28:45.174,11.6300,100
41345881999848,11:29:05.881,11.6200,100
41345881999848,11:29:05.881,11.6200,100
41350230672346,11:29:10.230,11.6100,100
41367927617359,11:29:27.927,11.6200,100
41367927617359,11:29:27.927,11.6200,100
41368033659645,11:29:28.033,11.6200,100
41368033659645,11:29:28.033,11.6200,20
41368033659645,11:29:28.033,11.6200,100
41368033659645,11:29:28.033,11.6200,300
41368034026760,11:29:28.034,11.6200,300
41368034096153,11:29:28.034,11.6200,100
41368034202019,11:29:28.034,11.6200,100
41368040914439,11:29:28.040,11.6200,20
41368040914439,11:29:28.040,11.6200,100
41368040914439,11:29:28.040,11.6200,100
41368040914439,11:29:28.040,11.6200,18
41368040914439,11:29:28.040,11.6200,100
41368040914439,11:29:28.040,11.6200,100
41368040914439,11:29:28.040,11.6200,100
41422743013702,11:30:22.743,11.6400,100
41422743013702,11:30:22.743,11.6400,100
41422743013702,11:30:22.743,11.6400,100
41422743013702,11:30:22.743,11.6400,100
41422743013702,11:30:22.743,11.6400,400
41422964100352,11:30:22.964,11.6400,19
41422964100352,11:30:22.964,11.6400,100
41422964100352,11:30:22.964,11.6400,300
41422964100352,11:30:22.964,11.6400,100
41422964100352,11:30:22.964,11.6400,300
41422971555746,11:30:22.971,11.6400,97
41422974428262,11:30:22.974,11.6400,100
41429425766432,11:30:29.425,11.6400,179
41434399995837,11:30:34.399,11.6500,100
41438734825318,11:30:38.734,11.6500,100
41463053728488,11:31:03.053,11.6500,100
41463053728488,11:31:03.053,11.6500,100
41463053870103,11:31:03.053,11.6500,100
41463053870103,11:31:03.053,11.6500,100
41463053874075,11:31:03.053,11.6500,100
41463468323363,11:31:03.468,11.6500,100
41475354290210,11:31:15.354,11.6600,100
41475354290210,11:31:15.354,11.6600,100
41488184328778,11:31:28.184,11.6600,100
41551083857545,11:32:31.083,11.6700,100
41551083885011,11:32:31.083,11.6700,100
41551083885011,11:32:31.083,11.6700,100
41551083893231,11:32:31.083,11.6700,34
41551083896380,11:32:31.083,11.6700,44
41577960886952,11:32:57.960,11.6600,100
41577960886952,11:32:57.960,11.6600,100
41577960886952,11:32:57.960,11.6600,100
41578629443170,11:32:58.629,11.6500,100
41668783021162,11:34:28.783,11.6350,100
41789804697718,11:36:29.804,11.6300,100
41789804697718,11:36:29.804,11.6300,100
41789804806535,11:36:29.804,11.6300,100
41807337002911,11:36:47.337,11.6200,100
41949175663107,11:39:09.175,11.6000,100
41949175663107,11:39:09.175,11.6000,100
42120891447094,11:42:00.891,11.6000,100
42120891490133,11:42:00.891,11.6000,8
42120891490133,11:42:00.891,11.6000,200
42136355060151,11:42:16.355,11.5900,100
42136355060151,11:42:16.355,11.5900,100
42136355060151,11:42:16.355,11.5900,100
42136355060151,11:42:16.355,11.5900,100
42136355060151,11:42:16.355,11.5900,100
42157547550807,11:42:37.547,11.5800,100
42300821024735,11:45:00.821,11.5750,100
42302327008465,11:45:02.327,11.5750,100
42355855546841,11:45:55.855,11.5700,100
42355855546841,11:45:55.855,11.5700,300
42355855546841,11:45:55.855,11.5700,100
42355855546841,11:45:55.855,11.5700,100
42358301189888,11:45:58.301,11.5600,100
42430587393123,11:47:10.587,11.5600,100
42430587393123,11:47:10.587,11.5600,600
42430587393123,11:47:10.587,11.5600,100
42445501611280,11:47:25.501,11.5500,100
42445918472020,11:47:25.918,11.5500,21
42445918473581,11:47:25.918,11.5500,79
42445932094254,11:47:25.932,11.5400,100
42445932094254,11:47:25.932,11.5400,100
42445932094254,11:47:25.932,11.5400,100
42445932094254,11:47:25.932,11.5400,100
42445932094254,11:47:25.932,11.5400,100
42445932885392,11:47:25.932,11.5400,200
42445933366083,11:47:25.933,11.5400,100
42445933366083,11:47:25.933,11.5400,20
42447020349039,11:47:27.020,11.5500,100
42447020349039,11:47:27.020,11.5500,21
42447020349039,11:47:27.020,11.5500,10
42447020355419,11:47:27.020,11.5500,90
42447020442183,11:47:27.020,11.5500,100
42455309050290,11:47:35.309,11.5500,21
42469019444842,11:47:49.019,11.5500,29
42469019452089,11:47:49.019,11.5500,50
42469019452089,11:47:49.019,11.5500,11
42503573473764,11:48:23.573,11.5500,100
42507137023088,11:48:27.137,11.5600,100
42507137023088,11:48:27.137,11.5600,100
42507137023088,11:48:27.137,11.5600,100
42507137023088,11:48:27.137,11.5600,100
42507137023088,11:48:27.137,11.5600,100
42507137023088,11:48:27.137,11.5600,100
42507137023088,11:48:27.137,11.5600,100
42507137023088,11:48:27.137,11.5600,100
42507137023088,11:48:27.137,11.5600,100
42507137023088,11:48:27.137,11.5600,110
42507142265311,11:48:27.142,11.5600,90
42507142265311,11:48:27.142,11.5600,100
42507142265311,11:48:27.142,11.5600,100
42771803016176,11:52:51.803,11.5650,400
43040211330502,11:57:20.211,11.5600,100
43040211330502,11:57:20.211,11.5600,400
43040211330502,11:57:20.211,11.5600,152
43040211330502,11:57:20.211,11.5600,100
43040230162856,11:57:20.230,11.5500,100
43040230162856,11:57:20.230,11.5500,100
43040230162856,11:57:20.230,11.5500,100
43040230162856,11:57:20.230,11.5500,100
43040230162856,11:57:20.230,11.5500,200
43065724906770,11:57:45.724,11.5450,200
43065724967840,11:57:45.724,11.5450,200
43065725105328,11:57:45.725,11.5400,39
43117119219156,11:58:37.119,11.5300,1
43156518082213,11:59:16.518,11.5100,100
43171105626452,11:59:31.105,11.5100,100
43266706801385,12:01:06.706,11.5000,100
43338634009007,12:02:18.634,11.5000,100
43338634009007,12:02:18.634,11.5000,100
43338634009007,12:02:18.634,11.5000,100
43338634185214,12:02:18.634,11.5000,78
43338634185214,12:02:18.634,11.5000,22
43338634185214,12:02:18.634,11.5000,100
43338646903561,12:02:18.646,11.5100,100
43338647621508,12:02:18.647,11.5100,100
43338661949896,12:02:18.661,11.5100,100
43343955367254,12:02:23.955,11.5100,300
43343966338430,12:02:23.966,11.5200,100
43402566942110,12:03:22.566,11.5400,100
43402567344666,12:03:22.567,11.5400,200
43840623036598,12:10:40.623,11.5450,100
44218517113475,12:16:58.517,11.5450,100
44225876929595,12:17:05.876,11.5400,91
44225877053056,12:17:05.877,11.5400,409
44225877053056,12:17:05.877,11.5400,100
44225877053056,12:17:05.877,11.5400,100
44225877053056,12:17:05.877,11.5400,100
44225877053056,12:17:05.877,11.5400,100
44225877232012,12:17:05.877,11.5400,100
44225877232012,12:17:05.877,11.5400,100
44225890040490,12:17:05.890,11.5300,100
44225890040490,12:17:05.890,11.5300,100
44225890040490,12:17:05.890,11.5300,100
44226085416793,12:17:06.085,11.5300,100
44227020722703,12:17:07.020,11.5300,100
44236469420243,12:17:16.469,11.5350,400
44288558835358,12:18:08.558,11.5400,100
44288558835358,12:18:08.558,11.5400,100
44288558835358,12:18:08.558,11.5400,200
44288558836449,12:18:08.558,11.5400,100
44361616995619,12:19:21.616,11.5500,200
44361616995619,12:19:21.616,11.5500,100
44361617034934,12:19:21.617,11.5500,200
44361617067466,12:19:21.617,11.5500,200
44361617089721,12:19:21.617,11.5500,200
44361617128607,12:19:21.617,11.5500,400
44361617128607,12:19:21.617,11.5500,100
44361617170714,12:19:21.617,11.5500,100
44361617170714,12:19:21.617,11.5500,100
44361617198007,12:19:21.617,11.5500,100
44361617198007,12:19:21.617,11.5500,100
44361617251955,12:19:21.617,11.5500,147
44361617252727,12:19:21.617,11.5500,453
44361617337035,12:19:21.617,11.5500,47
44361618599739,12:19:21.618,11.5500,153
44361618599739,12:19:21.618,11.5500,108
44361626635842,12:19:21.626,11.5500,92
44361626635842,12:19:21.626,11.5500,8
44361627863065,12:19:21.627,11.5500,192
44361627863065,12:19:21.627,11.5500,8
44361632445413,12:19:21.632,11.5400,500
44361632445413,12:19:21.632,11.5400,100
44361632445413,12:19:21.632,11.5400,200
44361632445413,12:19:21.632,11.5400,400
44361632445413,12:19:21.632,11.5400,92
44361632445413,12:19:21.632,11.5400,100
44361632506918,12:19:21.632,11.5400,100
44361632506918,12:19:21.632,11.5400,200
44361680040714,12:19:21.680,11.5300,100
44361680040714,12:19:21.680,11.5300,94
44361680924814,12:19:21.680,11.5300,6
44361680924814,12:19:21.680,11.5300,94
44369001901244,12:19:29.001,11.5300,6
44369001901244,12:19:29.001,11.5300,100
44534619135716,12:22:14.619,11.5300,1000
44534619135716,12:22:14.619,11.5300,100
44534619135716,12:22:14.619,11.5300,100
44534619804183,12:22:14.619,11.5300,300
44534619804183,12:22:14.619,11.5300,200
44534619804183,12:22:14.619,11.5300,100
44534619804183,12:22:14.619,11.5300,300
44534619804183,12:22:14.619,11.5300,100
44534619804183,12:22:14.619,11.5300,200
44534619869870,12:22:14.619,11.5300,100
44534621421268,12:22:14.621,11.5300,100
44535123549293,12:22:15.123,11.5300,100
44535133517309,12:22:15.133,11.5400,100
44541044193945,12:22:21.044,11.5500,100
44541044845601,12:22:21.044,11.5500,100
44541044845601,12:22:21.044,11.5500,200
44993085370399,12:29:53.085,11.5400,200
44993085370399,12:29:53.085,11.5400,100
44993085370399,12:29:53.085,11.5400,100
44993087840297,12:29:53.087,11.5300,100
44993087840297,12:29:53.087,11.5300,100
44993087840297,12:29:53.087,11.5300,100
45005095926016,12:30:05.095,11.5200,100
45011786522155,12:30:11.786,11.5150,13
45286928470800,12:34:46.928,11.5000,300
45286928470800,12:34:46.928,11.5000,31
45314716251602,12:35:14.716,11.5000,100
45314716370874,12:35:14.716,11.5000,100
45314716370874,12:35:14.716,11.5000,100
45314716400199,12:35:14.716,11.5000,300
45314716417409,12:35:14.716,11.5000,100
45318046588843,12:35:18.046,11.5100,100
45318046588843,12:35:18.046,11.5100,236
45318046663763,12:35:18.046,11.5100,164
45318142868370,12:35:18.142,11.5100,100
45318142868370,12:35:18.142,11.5100,200
45320712408826,12:35:20.712,11.5100,100
45321157162107,12:35:21.157,11.5100,100
45326572475222,12:35:26.572,11.5200,100
45328012731918,12:35:28.012,11.5200,4
45371265660754,12:36:11.265,11.5000,200
45371265660754,12:36:11.265,11.5000,100
45371265660754,12:36:11.265,11.5000,200
45371266211601,12:36:11.266,11.4900,31
45459193974146,12:37:39.193,11.5000,100
45495788626915,12:38:15.788,11.5200,100
45495788626915,12:38:15.788,11.5200,100
45501319582213,12:38:21.319,11.5200,100
45551504118453,12:39:11.504,11.5200,100
45551504146684,12:39:11.504,11.5200,100
45564262444126,12:39:24.262,11.5100,100
45706202943015,12:41:46.202,11.5100,100
45710908598331,12:41:50.908,11.5100,100
45710908598331,12:41:50.908,11.5100,100
45774685451492,12:42:54.685,11.5100,100
45774685451492,12:42:54.685,11.5100,18
45774685453304,12:42:54.685,11.5100,82
45883000599332,12:44:43.000,11.5100,200
45883000599332,12:44:43.000,11.5100,100
45883000599332,12:44:43.000,11.5100,100
45883000599332,12:44:43.000,11.5100,100
45883000599332,12:44:43.000,11.5100,200
46194190698016,12:49:54.190,11.5200,100
46329451125472,12:52:09.451,11.5300,27
46514220068068,12:55:14.220,11.5300,100
46543956902405,12:55:43.956,11.5200,100
46543956902405,12:55:43.956,11.5200,100
46543956902405,12:55:43.956,11.5200,100
46543959246604,12:55:43.959,11.5100,100
46543961621787,12:55:43.961,11.5000,100
46543961621787,12:55:43.961,11.5000,700
46543961631375,12:55:43.961,11.5000,100
46543961631375,12:55:43.961,11.5000,100
46589082661620,12:56:29.082,11.5000,400
46589082661620,12:56:29.082,11.5000,100
46589082723271,12:56:29.082,11.5000,94
46589082794847,12:56:29.082,11.5000,64
46589082802799,12:56:29.082,11.5000,142
46589082895070,12:56:29.082,11.5000,100
46589087437857,12:56:29.087,11.5000,400
46696587163953,12:58:16.587,11.4950,400
46696587201419,12:58:16.587,11.4900,100
46696587201419,12:58:16.587,11.4900,100
46696587201419,12:58:16.587,11.4900,200
46696587201419,12:58:16.587,11.4900,100
46696587201419,12:58:16.587,11.4900,100
46696587201419,12:58:16.587,11.4900,100
46696729366699,12:58:16.729,11.4900,34
46745021115874,12:59:05.021,11.5000,100
46745021115874,12:59:05.021,11.5000,200
46765738432867,12:59:25.738,11.5100,100
46965372072524,13:02:45.372,11.5100,400
46965372563194,13:02:45.372,11.5200,100
46965395609196,13:02:45.395,11.5200,100
46976883931777,13:02:56.883,11.5300,100
47441935660799,13:10:41.935,11.5300,8
47441935660799,13:10:41.935,11.5300,100
47441935660799,13:10:41.935,11.5300,100
47441935860808,13:10:41.935,11.5300,400
47532890753890,13:12:12.890,11.5400,100
47532890753890,13:12:12.890,11.5400,200
47532890753890,13:12:12.890,11.5400,272
47532890753890,13:12:12.890,11.5400,100
47532890808898,13:12:12.890,11.5400,399
47532890970258,13:12:12.890,11.5400,95
47532890971476,13:12:12.890,11.5400,251
47532890997091,13:12:12.890,11.5400,100
47532892143287,13:12:12.892,11.5400,100
47532892182281,13:12:12.892,11.5400,55
47743246206247,13:15:43.246,11.5500,100
47743246206247,13:15:43.246,11.5500,18
47743246450409,13:15:43.246,11.5500,51
47855944466567,13:17:35.944,11.5700,100
47855944504130,13:17:35.944,11.5700,100
47855944504130,13:17:35.944,11.5700,100
47990413381550,13:19:50.413,11.5800,100
47990575273128,13:19:50.575,11.5800,100
47990668177162,13:19:50.668,11.5800,100
47990668177162,13:19:50.668,11.5800,100
47990867808141,13:19:50.867,11.5800,1
47991015874031,13:19:51.015,11.5800,100
48031390673707,13:20:31.390,11.5900,23
48044105767386,13:20:44.105,11.5900,100
48096998637063,13:21:36.998,11.6000,100
48115006229251,13:21:55.006,11.6100,100
48165006821252,13:22:45.006,11.6100,100
48165006821252,13:22:45.006,11.6100,800
48165006821252,13:22:45.006,11.6100,100
48165006821252,13:22:45.006,11.6100,100
48165023444846,13:22:45.023,11.6000,200
48165023444846,13:22:45.023,11.6000,100
48165023444846,13:22:45.023,11.6000,100
48165520556227,13:22:45.520,11.5900,100
48362627000697,13:26:02.627,11.6000,139
48362627003230,13:26:02.627,11.6000,248
48426020325895,13:27:06.020,11.6000,100
48590454040013,13:29:50.454,11.6100,100
48590454040013,13:29:50.454,11.6100,100
48590454040013,13:29:50.454,11.6100,300
48590454095072,13:29:50.454,11.6100,100
48590455500678,13:29:50.455,11.6200,4
48590463114469,13:29:50.463,11.6200,96
48590463114469,13:29:50.463,11.6200,100
48670022699438,13:31:10.022,11.6300,100
48670022699438,13:31:10.022,11.6300,100
48824101965872,13:33:44.101,11.6300,200
48824101965872,13:33:44.101,11.6300,300
48824101965872,13:33:44.101,11.6300,65
48839645004521,13:33:59.645,11.6400,200
48839645004521,13:33:59.645,11.6400,100
48888007189510,13:34:48.007,11.6300,100
48888007217919,13:34:48.007,11.6300,100
49233438217603,13:40:33.438,11.6400,1
49292698251089,13:41:32.698,11.6300,100
49292698251089,13:41:32.698,11.6300,100
49292698251089,13:41:32.698,11.6300,100
49292698251089,13:41:32.698,11.6300,100
49292718216291,13:41:32.718,11.6200,100
49292718216291,13:41:32.718,11.6200,100
49292718216291,13:41:32.718,11.6200,100
49292718651281,13:41:32.718,11.6200,100
49292718651281,13:41:32.718,11.6200,200
49389256190431,13:43:09.256,11.6100,100
49389256284511,13:43:09.256,11.6100,12
49389256347740,13:43:09.256,11.6100,88
49389256347740,13:43:09.256,11.6100,100
49477771243597,13:44:37.771,11.6100,1
49477771288800,13:44:37.771,11.6100,299
49477771288800,13:44:37.771,11.6100,400
49477771288800,13:44:37.771,11.6100,100
49477771461611,13:44:37.771,11.6100,100
49576774575180,13:46:16.774,11.6000,100
49576774575180,13:46:16.774,11.6000,12
49705600031976,13:48:25.600,11.6000,100
49705600031976,13:48:25.600,11.6000,300
49801280029751,13:50:01.280,11.6100,100
50220889210485,13:57:00.889,11.6100,1
50220889817020,13:57:00.889,11.6100,1
50335439989671,13:58:55.439,11.6100,100
50402709889567,14:00:02.709,11.6100,261
50402710043169,14:00:02.710,11.6100,15
50402710060713,14:00:02.710,11.6100,24
50402710060713,14:00:02.710,11.6100,100
50406758498243,14:00:06.758,11.6200,100
50408995364001,14:00:08.995,11.6300,100
50409969997313,14:00:09.969,11.6500,100
50410224560475,14:00:10.224,11.6500,48
50410340982002,14:00:10.340,11.6400,100
50414975966650,14:00:14.975,11.6500,300
50415570536194,14:00:15.570,11.6300,100
50422884326859,14:00:22.884,11.6300,200
50439258811256,14:00:39.258,11.6300,100
50463087638969,14:01:03.087,11.6300,100
50463088662208,14:01:03.088,11.6300,300
50466757746881,14:01:06.757,11.6300,100
50466758510036,14:01:06.758,11.6300,100
50492723330185,14:01:32.723,11.6300,100
50542115823087,14:02:22.115,11.6200,87
50542115824617,14:02:22.115,11.6200,13
50582774219063,14:03:02.774,11.6200,100
50623752164162,14:03:43.752,11.6300,100
50649623284458,14:04:09.623,11.6500,19
50655127307769,14:04:15.127,11.6500,100
50655127537916,14:04:15.127,11.6500,73
50655127679584,14:04:15.127,11.6500,8
50715246324180,14:05:15.246,11.6900,100
50715246324180,14:05:15.246,11.6900,100
50716611288577,14:05:16.611,11.6900,200
50721556647779,14:05:21.556,11.6950,83
50721556867736,14:05:21.556,11.6950,17
50721556867736,14:05:21.556,11.6900,100
50721556967367,14:05:21.556,11.6900,100
50792602361724,14:06:32.602,11.7000,1
50792602364104,14:06:32.602,11.7000,1
50792753514803,14:06:32.753,11.7000,1
50792754007112,14:06:32.754,11.7000,1
50792754299488,14:06:32.754,11.7000,1
50792754324851,14:06:32.754,11.7000,1
50797864543107,14:06:37.864,11.7000,94
50797864894150,14:06:37.864,11.7200,1
50797864895583,14:06:37.864,11.7200,1
50797865041085,14:06:37.865,11.7200,1
50833008256413,14:07:13.008,11.7000,100
50833008256413,14:07:13.008,11.7000,168
50833008345397,14:07:13.008,11.7000,132
50833008345397,14:07:13.008,11.7000,200
50876020848137,14:07:56.020,11.6900,100
50876025965371,14:07:56.025,11.6900,100
50876025965371,14:07:56.025,11.6900,100
50988065535420,14:09:48.065,11.6800,100
50988065535420,14:09:48.065,11.6800,100
50997477108968,14:09:57.477,11.6700,100
51019773860651,14:10:19.773,11.6700,83
51019773886195,14:10:19.773,11.6700,17
51036153647978,14:10:36.153,11.6600,100
51036154250879,14:10:36.154,11.6600,100
51036154250879,14:10:36.154,11.6600,100
51038177973074,14:10:38.177,11.6600,100
51070519602328,14:11:10.519,11.6800,100
51070519602328,14:11:10.519,11.6800,100
51076022416825,14:11:16.022,11.6800,100
51157818850584,14:12:37.818,11.7000,100
51167381369464,14:12:47.381,11.7100,100
51182394366332,14:13:02.394,11.7200,100
51182394366332,14:13:02.394,11.7200,100
51209504229168,14:13:29.504,11.7200,100
51259476334286,14:14:19.476,11.7100,100
51259486246818,14:14:19.486,11.7100,300
51259486246818,14:14:19.486,11.7100,100
51259486246818,14:14:19.486,11.7100,100
51259486246818,14:14:19.486,11.7100,16
51259486246818,14:14:19.486,11.7100,100
51259486246818,14:14:19.486,11.7100,84
51275810309293,14:14:35.810,11.7100,100
51275906664090,14:14:35.906,11.7200,100
51346643655468,14:15:46.643,11.7200,100
51346643655468,14:15:46.643,11.7200,100
51365533369812,14:16:05.533,11.7200,100
51365533429862,14:16:05.533,11.7200,100
51365533469110,14:16:05.533,11.7200,100
51368749075213,14:16:08.749,11.7200,100
51400197117669,14:16:40.197,11.7300,20
51400197117669,14:16:40.197,11.7300,100
51473296810263,14:17:53.296,11.7300,100
51473296810263,14:17:53.296,11.7300,100
51473296810263,14:17:53.296,11.7300,100
51542019775510,14:19:02.019,11.7400,5
51542021918927,14:19:02.021,11.7500,200
51593435017357,14:19:53.435,11.7400,300
51593435017357,14:19:53.435,11.7400,1
51635670538832,14:20:35.670,11.7300,1
51635670538832,14:20:35.670,11.7300,100
51635670538832,14:20:35.670,11.7300,100
51654002999000,14:20:54.002,11.7300,100
51676883583921,14:21:16.883,11.7400,100
51713417628902,14:21:53.417,11.7400,100
51954652124928,14:25:54.652,11.7400,100
51954652124928,14:25:54.652,11.7400,100
51954652124928,14:25:54.652,11.7400,100
51967907694073,14:26:07.907,11.7400,100
51967907694073,14:26:07.907,11.7400,100
51967907694073,14:26:07.907,11.7400,100
51967907694073,14:26:07.907,11.7400,200
52009542705479,14:26:49.542,11.7400,100
52009542705479,14:26:49.542,11.7400,100
52320980911996,14:32:00.980,11.7300,100
52320980911996,14:32:00.980,11.7300,1
52320980942613,14:32:00.980,11.7300,99
52320980942613,14:32:00.980,11.7300,100
52320980942613,14:32:00.980,11.7300,200
52320980942613,14:32:00.980,11.7300,100
52320980942613,14:32:00.980,11.7300,100
52320980942613,14:32:00.980,11.7300,100
52496877897802,14:34:56.877,11.7300,100
52496877897802,14:34:56.877,11.7300,72
52496877897802,14:34:56.877,11.7300,100
52496877897802,14:34:56.877,11.7300,400
52568191375362,14:36:08.191,11.7400,200
52568191375362,14:36:08.191,11.7400,100
52568191375362,14:36:08.191,11.7400,100
52720711750204,14:38:40.711,11.7400,100
52720711750204,14:38:40.711,11.7400,100
52720711750204,14:38:40.711,11.7400,100
52720711965731,14:38:40.711,11.7400,100
52720711965731,14:38:40.711,11.7400,200
52763858832401,14:39:23.858,11.7400,105
52763859259750,14:39:23.859,11.7400,95
52763859259750,14:39:23.859,11.7400,100
52763859259750,14:39:23.859,11.7400,100
52763859259750,14:39:23.859,11.7400,200
52995936636065,14:43:15.936,11.7300,100
52995936636065,14:43:15.936,11.7300,5
52995936636065,14:43:15.936,11.7300,100
52995936636065,14:43:15.936,11.7300,100
52995936702188,14:43:15.936,11.7300,56
52995936806050,14:43:15.936,11.7300,44
53015983279289,14:43:35.983,11.7300,100
53015983279289,14:43:35.983,11.7300,100
53015983279289,14:43:35.983,11.7300,100
53015983279289,14:43:35.983,11.7300,200
53056809189325,14:44:16.809,11.7350,100
53062684713105,14:44:22.684,11.7200,100
53062727918481,14:44:22.727,11.7200,100
53189265270660,14:46:29.265,11.7300,300
53189265270660,14:46:29.265,11.7300,100
53189266925673,14:46:29.266,11.7300,100
53190442676097,14:46:30.442,11.7350,100
53190442728391,14:46:30.442,11.7300,100
53190442728391,14:46:30.442,11.7300,100
53190442728391,14:46:30.442,11.7300,300
53190442728391,14:46:30.442,11.7300,100
53190442728391,14:46:30.442,11.7300,100
53190442728391,14:46:30.442,11.7300,100
53190442728391,14:46:30.442,11.7300,100
53190442728391,14:46:30.442,11.7300,100
53190444563251,14:46:30.444,11.7300,100
53190444563251,14:46:30.444,11.7300,100
53190444901267,14:46:30.444,11.7300,100
53190444901267,14:46:30.444,11.7300,100
53216223606111,14:46:56.223,11.7400,200
53216478347411,14:46:56.478,11.7400,200
53294901978308,14:48:14.901,11.7400,600
53294901978308,14:48:14.901,11.7400,100
53300942018956,14:48:20.942,11.7200,100
53460925243286,14:51:00.925,11.7100,100
53518307887598,14:51:58.307,11.7000,95
53518308287864,14:51:58.308,11.7000,5
53518308287864,14:51:58.308,11.7000,200
53518308287864,14:51:58.308,11.7000,100
53518308287864,14:51:58.308,11.7000,100
53542002753131,14:52:22.002,11.7100,200
53542002753131,14:52:22.002,11.7100,100
53542005509908,14:52:22.005,11.7100,100
53542005509908,14:52:22.005,11.7100,200
53542007101334,14:52:22.007,11.7100,200
53542007101334,14:52:22.007,11.7100,100
53542025816954,14:52:22.025,11.7100,100
53596847444272,14:53:16.847,11.7200,100
53596847476935,14:53:16.847,11.7200,34
53596847487466,14:53:16.847,11.7200,66
53596847487466,14:53:16.847,11.7200,100
53632039860458,14:53:52.039,11.7300,100
53632039860458,14:53:52.039,11.7300,100
53779546145697,14:56:19.546,11.7300,400
53779546145697,14:56:19.546,11.7300,189
53779546152057,14:56:19.546,11.7300,11
53779546152057,14:56:19.546,11.7300,100
53779546152057,14:56:19.546,11.7300,100
53799302084007,14:56:39.302,11.7300,100
53799302084007,14:56:39.302,11.7300,228
53799302091508,14:56:39.302,11.7300,572
53804693951925,14:56:44.693,11.7400,300
53804693951925,14:56:44.693,11.7400,100
53804693951925,14:56:44.693,11.7400,100
53827841865958,14:57:07.841,11.7400,200
53827841865958,14:57:07.841,11.7400,100
53827841865958,14:57:07.841,11.7400,300
53832389186171,14:57:12.389,11.7300,100
53832389186171,14:57:12.389,11.7300,100
53850277762017,14:57:30.277,11.7400,100
53894529759295,14:58:14.529,11.7400,200
53894530860839,14:58:14.530,11.7400,100
53955589723999,14:59:15.589,11.7500,13
53955589942825,14:59:15.589,11.7500,600
54045967372408,15:00:45.967,11.7500,100
54073225669466,15:01:13.225,11.7500,100
54121528777928,15:02:01.528,11.7200,100
54139813315976,15:02:19.813,11.7200,3
54139824792098,15:02:19.824,11.7200,44
54308664711845,15:05:08.664,11.7100,100
54308664711845,15:05:08.664,11.7100,100
54308664711845,15:05:08.664,11.7100,10
54308664711845,15:05:08.664,11.7100,1
54308664711845,15:05:08.664,11.7100,100
54308664711845,15:05:08.664,11.7100,64
54308664741674,15:05:08.664,11.7100,36
54308861967423,15:05:08.861,11.7000,100
54319085136031,15:05:19.085,11.7050,20
54396943978014,15:06:36.943,11.7000,100
54551456974154,15:09:11.456,11.6900,100
54551456974154,15:09:11.456,11.6900,100
54551456974154,15:09:11.456,11.6900,100
54551457002448,15:09:11.457,11.6900,100
54614906569827,15:10:14.906,11.6800,100
54614906569827,15:10:14.906,11.6800,100
54619993542146,15:10:19.993,11.6750,24
54629965398787,15:10:29.965,11.6700,100
54629965426970,15:10:29.965,11.6700,100
54666782296248,15:11:06.782,11.6600,100
54765397890758,15:12:45.397,11.6600,100
54765397890758,15:12:45.397,11.6600,100
54765397890758,15:12:45.397,11.6600,100
54765397890758,15:12:45.397,11.6600,100
54765397890758,15:12:45.397,11.6600,100
54765398016490,15:12:45.398,11.6600,100
54765398559395,15:12:45.398,11.6600,200
54765398559395,15:12:45.398,11.6600,100
54765398736873,15:12:45.398,11.6600,200
54925330001488,15:15:25.330,11.6700,28
54925330403600,15:15:25.330,11.6700,72
54925330576364,15:15:25.330,11.6700,100
54941832859262,15:15:41.832,11.6750,100
54984159054681,15:16:24.159,11.6700,100
54984159054681,15:16:24.159,11.6700,100
54984159054681,15:16:24.159,11.6700,44
54984159054681,15:16:24.159,11.6700,100
54985445992879,15:16:25.445,11.6700,410
55081294705853,15:18:01.294,11.6600,100
55081294705853,15:18:01.294,11.6600,200
55098137621096,15:18:18.137,11.6500,41
55101719325398,15:18:21.719,11.6500,100
55211289062093,15:20:11.289,11.6600,100
55211289377401,15:20:11.289,11.6600,100
55211289377401,15:20:11.289,11.6600,200
55326423257554,15:22:06.423,11.6600,100
55326423257554,15:22:06.423,11.6600,100
55326423257554,15:22:06.423,11.6600,100
55326423257554,15:22:06.423,11.6600,100
55341028470679,15:22:21.028,11.6500,100
55426140955431,15:23:46.140,11.6400,100
55426140955431,15:23:46.140,11.6400,100
55426141065652,15:23:46.141,11.6400,100
55426141100404,15:23:46.141,11.6400,200
55554347423729,15:25:54.347,11.6300,100
55554347423729,15:25:54.347,11.6300,1
55554347423729,15:25:54.347,11.6300,100
55555225268746,15:25:55.225,11.6300,100
55568524435625,15:26:08.524,11.6300,20
55575330460296,15:26:15.330,11.6300,19
55642503889606,15:27:22.503,11.6200,39
55642503889606,15:27:22.503,11.6200,306
55673164808430,15:27:53.164,11.6200,100
55673164857540,15:27:53.164,11.6200,100
55673164945266,15:27:53.164,11.6200,100
55673165131505,15:27:53.165,11.6200,100
55682335595870,15:28:02.335,11.6200,100
55682336155014,15:28:02.336,11.6200,100
55682336415149,15:28:02.336,11.6200,100
55682336618727,15:28:02.336,11.6200,39
55682371614406,15:28:02.371,11.6200,39
55682371614406,15:28:02.371,11.6200,100
55682371614406,15:28:02.371,11.6200,61
55682371864836,15:28:02.371,11.6200,39
55682371864836,15:28:02.371,11.6200,161
55692237522086,15:28:12.237,11.6300,200
55692237522086,15:28:12.237,11.6300,100
55692237541848,15:28:12.237,11.6300,100
55692246062065,15:28:12.246,11.6300,100
55763319811978,15:29:23.319,11.6300,100
55802176096910,15:30:02.176,11.6200,100
55802176096910,15:30:02.176,11.6200,100
55802176096910,15:30:02.176,11.6200,100
55802176210005,15:30:02.176,11.6200,400
55802176210005,15:30:02.176,11.6200,100
55824024288970,15:30:24.024,11.6100,100
55824024678444,15:30:24.024,11.6100,100
55824024678444,15:30:24.024,11.6100,200
55834868373662,15:30:34.868,11.6200,100
55834868373662,15:30:34.868,11.6200,100
55841164921713,15:30:41.164,11.6200,100
55841165154442,15:30:41.165,11.6200,100
55872503898672,15:31:12.503,11.6300,100
55932694023281,15:32:12.694,11.6400,100
55932694023281,15:32:12.694,11.6400,100
55932694197020,15:32:12.694,11.6400,100
56000655720567,15:33:20.655,11.6300,100
56000655720567,15:33:20.655,11.6300,100
56000655720567,15:33:20.655,11.6300,83
56000655748918,15:33:20.655,11.6300,17
56000655748918,15:33:20.655,11.6300,100
56000655748918,15:33:20.655,11.6300,100
56037827696076,15:33:57.827,11.6200,100
56037827696076,15:33:57.827,11.6200,67
56037827696076,15:33:57.827,11.6200,100
56060090253405,15:34:20.090,11.6100,9
56060090303371,15:34:20.090,11.6100,91
56060090303371,15:34:20.090,11.6100,200
56060090303371,15:34:20.090,11.6100,100
56088039550091,15:34:48.039,11.6000,100
56088039732429,15:34:48.039,11.6000,200
56088039732429,15:34:48.039,11.6000,1
56105210378757,15:35:05.210,11.5950,100
56105210427775,15:35:05.210,11.5900,100
56105210427775,15:35:05.210,11.5900,100
56105210427775,15:35:05.210,11.5900,100
56105210427775,15:35:05.210,11.5900,200
56105210427775,15:35:05.210,11.5900,100
56105210427775,15:35:05.210,11.5900,100
56105210427775,15:35:05.210,11.5900,39
56105210427775,15:35:05.210,11.5900,261
56105214009989,15:35:05.214,11.5900,100
56105214009989,15:35:05.214,11.5900,100
56105214009989,15:35:05.214,11.5900,100
56105215676808,15:35:05.215,11.5900,100
56171031187456,15:36:11.031,11.5900,3
56171031187456,15:36:11.031,11.5900,100
56171031187456,15:36:11.031,11.5900,100
56171031187456,15:36:11.031,11.5900,39
56171031187456,15:36:11.031,11.5900,100
56211360529694,15:36:51.360,11.5850,100
56211360529694,15:36:51.360,11.5800,40
56211360529694,15:36:51.360,11.5800,60
56211361998585,15:36:51.361,11.5800,40
56211361998585,15:36:51.361,11.5800,60
56211365129169,15:36:51.365,11.5850,100
56211367289760,15:36:51.367,11.5800,200
56221560215506,15:37:01.560,11.5800,100
56228820326626,15:37:08.820,11.5800,40
56228820326626,15:37:08.820,11.5800,60
56228820738094,15:37:08.820,11.5800,40
56286742773557,15:38:06.742,11.5750,100
56286742773557,15:38:06.742,11.5750,100
56286742773557,15:38:06.742,11.5800,200
56286742773557,15:38:06.742,11.5800,100
56286742773557,15:38:06.742,11.5800,100
56286742773557,15:38:06.742,11.5800,100
56286742773557,15:38:06.742,11.5800,100
56286742773557,15:38:06.742,11.5800,700
56286742870307,15:38:06.742,11.5800,100
56286742870307,15:38:06.742,11.5800,100
56286743080324,15:38:06.743,11.5800,400
56286743080324,15:38:06.743,11.5800,300
56305889245554,15:38:25.889,11.5900,200
56305889245554,15:38:25.889,11.5900,300
56305889928183,15:38:25.889,11.5900,30
56305891563354,15:38:25.891,11.6000,200
56305891563354,15:38:25.891,11.6000,100
56305891563354,15:38:25.891,11.6000,100
56305891615480,15:38:25.891,11.6000,100
56306038020467,15:38:26.038,11.6100,100
56306038046029,15:38:26.038,11.6100,100
56306038046029,15:38:26.038,11.6100,100
56306144317227,15:38:26.144,11.6150,1
56317145438638,15:38:37.145,11.6200,100
56323497560052,15:38:43.497,11.6300,100
56327720460777,15:38:47.720,11.6300,100
56327720460777,15:38:47.720,11.6300,300
56390876238709,15:39:50.876,11.6200,100
56390876238709,15:39:50.876,11.6200,100
56407061661402,15:40:07.061,11.6100,100
56407061661402,15:40:07.061,11.6100,100
56407061785539,15:40:07.061,11.6100,100
56407061785539,15:40:07.061,11.6100,100
56476950791765,15:41:16.950,11.6100,100
56476950791765,15:41:16.950,11.6100,100
56476967167878,15:41:16.967,11.6200,400
56476967213254,15:41:16.967,11.6200,600
56476967213254,15:41:16.967,11.6200,200
56480478833015,15:41:20.478,11.6200,100
56562117260103,15:42:42.117,11.6150,100
56562117260103,15:42:42.117,11.6150,100
56562117520933,15:42:42.117,11.6100,100
56562118601704,15:42:42.118,11.6100,100
56562119059931,15:42:42.119,11.6100,100
56577165384921,15:42:57.165,11.6200,100
56578308712935,15:42:58.308,11.6200,100
56578308712935,15:42:58.308,11.6200,300
56578308712935,15:42:58.308,11.6200,200
56580045193023,15:43:00.045,11.6300,100
56582946785680,15:43:02.946,11.6300,100
56646518603465,15:44:06.518,11.6250,100
56654196750591,15:44:14.196,11.6300,100
56654196750591,15:44:14.196,11.6300,300
56654196750591,15:44:14.196,11.6300,100
56654196750591,15:44:14.196,11.6300,300
56654196750591,15:44:14.196,11.6300,64
56654196825881,15:44:14.196,11.6300,36
56654197564243,15:44:14.197,11.6300,100
56654197705682,15:44:14.197,11.6300,26
56752855428379,15:45:52.855,11.6400,11
56814098446709,15:46:54.098,11.6300,100
56814098446709,15:46:54.098,11.6300,100
56814111833307,15:46:54.111,11.6300,100
56814111833307,15:46:54.111,11.6300,1
56814111833307,15:46:54.111,11.6300,100
56814111833307,15:46:54.111,11.6300,100
56814111833307,15:46:54.111,11.6300,100
56814111833307,15:46:54.111,11.6300,100
56857981638686,15:47:37.981,11.6200,100
56865513831943,15:47:45.513,11.6100,600
56865513831943,15:47:45.513,11.6100,100
56865513831943,15:47:45.513,11.6100,100
56914094692619,15:48:34.094,11.6000,100
56914094692619,15:48:34.094,11.6000,100
56914095272894,15:48:34.095,11.6000,44
56917575033192,15:48:37.575,11.6000,200
56917575033192,15:48:37.575,11.6000,100
56917575033192,15:48:37.575,11.6000,100
56917575033192,15:48:37.575,11.6000,300
56917575201662,15:48:37.575,11.6000,100
56919759701590,15:48:39.759,11.6100,27
56919759747762,15:48:39.759,11.6100,73
56919759747762,15:48:39.759,11.6100,100
56930559166814,15:48:50.559,11.6200,100
56988082158890,15:49:48.082,11.6200,300
56988082158890,15:49:48.082,11.6200,100
56988082158890,15:49:48.082,11.6200,100
57038798206396,15:50:38.798,11.6200,100
57038798206396,15:50:38.798,11.6200,100
57038798206396,15:50:38.798,11.6200,400
57131599308596,15:52:11.599,11.6100,100
57131599308596,15:52:11.599,11.6100,100
57131599308596,15:52:11.599,11.6100,100
57131599308596,15:52:11.599,11.6100,100
57131599308596,15:52:11.599,11.6100,100
57131599308596,15:52:11.599,11.6100,100
57131599308596,15:52:11.599,11.6100,100
57131599308596,15:52:11.599,11.6100,100
57180112582247,15:53:00.112,11.6000,100
57180112582247,15:53:00.112,11.6000,100
57180469086902,15:53:00.469,11.5900,100
57182688089529,15:53:02.688,11.5900,100
57191825428711,15:53:11.825,11.5900,100
57238304285621,15:53:58.304,11.6000,100
57238304285621,15:53:58.304,11.6000,200
57238304285621,15:53:58.304,11.6000,100
57238304285621,15:53:58.304,11.6000,100
57238304285621,15:53:58.304,11.6000,100
57238304285621,15:53:58.304,11.6000,100
57238304285621,15:53:58.304,11.6000,300
57238304285621,15:53:58.304,11.6000,100
57238305073362,15:53:58.305,11.6000,9
57238305073362,15:53:58.305,11.6000,100
57238305257591,15:53:58.305,11.6000,100
57238305426462,15:53:58.305,11.6000,20
57238306366267,15:53:58.306,11.6000,100
57238384810370,15:53:58.384,11.6000,100
57238887073655,15:53:58.887,11.6000,100
57246549156481,15:54:06.549,11.6000,100
57248896105150,15:54:08.896,11.6000,100
57252190124979,15:54:12.190,11.6000,80
57255765001837,15:54:15.765,11.6000,100
57255765001837,15:54:15.765,11.6000,100
57256550747714,15:54:16.550,11.5950,100
57256551113131,15:54:16.551,11.5950,200
57256551314460,15:54:16.551,11.5950,100
57256551773019,15:54:16.551,11.5950,100
57256552125115,15:54:16.552,11.5950,100
57262932995824,15:54:22.932,11.6000,5
57262932995824,15:54:22.932,11.6000,95
57263314564584,15:54:23.314,11.6000,15
57267306429942,15:54:27.306,11.6000,100
57267306429942,15:54:27.306,11.6000,200
57267307210374,15:54:27.307,11.6000,100
57267307210374,15:54:27.307,11.6000,200
57267307660734,15:54:27.307,11.6000,100
57285969835460,15:54:45.969,11.6050,34
57300134693364,15:55:00.134,11.6100,100
57300134693364,15:55:00.134,11.6100,100
57305114712597,15:55:05.114,11.6100,100
57305114712597,15:55:05.114,11.6100,30
57305114712597,15:55:05.114,11.6100,100
57305114712597,15:55:05.114,11.6100,100
57306168676787,15:55:06.168,11.6100,200
57306168676787,15:55:06.168,11.6100,100
57306168676787,15:55:06.168,11.6100,200
57306168676787,15:55:06.168,11.6100,100
57306168676787,15:55:06.168,11.6100,5
57306168676787,15:55:06.168,11.6100,295
57306168874333,15:55:06.168,11.6100,5
57312046585180,15:55:12.046,11.6200,100
57314618691694,15:55:14.618,11.6200,100
57314618691694,15:55:14.618,11.6200,100
57314618691694,15:55:14.618,11.6200,100
57318928230544,15:55:18.928,11.6200,200
57346685218965,15:55:46.685,11.6200,100
57346703875460,15:55:46.703,11.6200,200
57346703875460,15:55:46.703,11.6200,300
57346703875460,15:55:46.703,11.6200,100
57346703875460,15:55:46.703,11.6200,100
57346703875460,15:55:46.703,11.6200,100
57386773392113,15:56:26.773,11.6300,100
57444514903431,15:57:24.514,11.6300,100
57444514903431,15:57:24.514,11.6300,100
57444514903431,15:57:24.514,11.6300,100
57444514903431,15:57:24.514,11.6300,100
57444514903431,15:57:24.514,11.6300,200
57444514903431,15:57:24.514,11.6300,100
57444514903431,15:57:24.514,11.6300,686
57451853626869,15:57:31.853,11.6300,23
57490132206350,15:58:10.132,11.6300,187
57490132206350,15:58:10.132,11.6300,100
57490132206350,15:58:10.132,11.6300,100
57490132206350,15:58:10.132,11.6300,38
57490132206350,15:58:10.132,11.6300,100
57490133093844,15:58:10.133,11.6300,100
57510480173861,15:58:30.480,11.6300,5
57511620250622,15:58:31.620,11.6300,95
57511620250622,15:58:31.620,11.6300,5
57511842136606,15:58:31.842,11.6300,14
57511842136606,15:58:31.842,11.6300,86
57512031743562,15:58:32.031,11.6300,3
57512039344123,15:58:32.039,11.6300,100
57512039834019,15:58:32.039,11.6300,100
57512039834019,15:58:32.039,11.6300,100
57542446489918,15:59:02.446,11.6400,100
57542446489918,15:59:02.446,11.6400,92
57545103807082,15:59:05.103,11.6400,300
57545103807082,15:59:05.103,11.6400,100
57545103807082,15:59:05.103,11.6400,100
57551286027633,15:59:11.286,11.6500,100
57555050561807,15:59:15.050,11.6550,100
57555050561807,15:59:15.050,11.6550,700
57555050561807,15:59:15.050,11.6600,100
57555050561807,15:59:15.050,11.6600,100
57555050561807,15:59:15.050,11.6600,100
57555050726359,15:59:15.050,11.6600,100
57555050726359,15:59:15.050,11.6600,100
57555050726359,15:59:15.050,11.6600,900
57560047038519,15:59:20.047,11.6700,100
57560047038519,15:59:20.047,11.6700,100
57560047235715,15:59:20.047,11.6700,100
57560047264999,15:59:20.047,11.6700,300
57560059699641,15:59:20.059,11.6700,200
57560059699641,15:59:20.059,11.6700,100
57560251525825,15:59:20.251,11.6700,100
57560317085531,15:59:20.317,11.6700,200
57560317502695,15:59:20.317,11.6700,100
57561728751594,15:59:21.728,11.6700,100
57561728751594,15:59:21.728,11.6700,100
57561728751594,15:59:21.728,11.6700,100
57561728751594,15:59:21.728,11.6700,100
57563099775008,15:59:23.099,11.6700,38
57567901587430,15:59:27.901,11.6700,100
57568137367007,15:59:28.137,11.6700,100
57568137367007,15:59:28.137,11.6700,100
57578863688652,15:59:38.863,11.6650,100
57578864735795,15:59:38.864,11.6650,100
57580560966329,15:59:40.560,11.6700,61
57585865394751,15:59:45.865,11.6650,100
57598743332703,15:59:58.743,11.6700,104
57600443647894,16:00:00.443,0.0000,0
