timestamp,time,price,volume
17867959280148,04:57:47.959,7.0100,100
19227872100084,05:20:27.872,7.0100,100
19985674653581,05:33:05.674,7.0100,100
19988679899020,05:33:08.679,7.0100,400
19988689525135,05:33:08.689,6.8700,200
20882294721346,05:48:02.294,6.8700,200
21168239448465,05:52:48.239,6.8700,200
25153918058090,06:59:13.918,6.8100,300
25171476150749,06:59:31.476,6.8000,200
25253026990717,07:00:53.026,6.8000,200
25253026990717,07:00:53.026,6.8000,400
25501664023760,07:05:01.664,6.8000,80
25526155998101,07:05:26.155,6.8000,120
25526156036617,07:05:26.156,6.8000,500
25526156871116,07:05:26.156,6.8000,200
25526156871116,07:05:26.156,6.8000,180
25667048334231,07:07:47.048,6.8000,10
26094655613195,07:14:54.655,6.8000,190
26094655613195,07:14:54.655,6.8000,795
26194662916610,07:16:34.662,6.7600,100
26194663514826,07:16:34.663,6.7500,1020
26743349329730,07:25:43.349,6.5000,150
26743349329730,07:25:43.349,6.5000,100
27285519178571,07:34:45.519,6.2400,100
27452025471480,07:37:32.025,6.0400,100
27452025471480,07:37:32.025,6.0400,50
27452025471480,07:37:32.025,6.0200,100
27913034202323,07:45:13.034,5.9400,70
27913034225435,07:45:13.034,5.9400,50
28082174455481,07:48:02.174,5.8700,50
28082174455481,07:48:02.174,5.8400,100
28082174455481,07:48:02.174,5.8400,80
28089371949456,07:48:09.371,5.7400,105
28299506530605,07:51:39.506,5.9700,50
28299506530605,07:51:39.506,5.9900,50
28341208437558,07:52:21.208,5.9000,600
28431008969121,07:53:51.008,5.8000,10
28500469174374,07:55:00.469,5.9700,100
28752616291060,07:59:12.616,5.9700,75
28755466627037,07:59:15.466,6.0000,100
28760916333679,07:59:20.916,6.0000,210
28779385770953,07:59:39.385,5.9500,1700
28860329900567,08:01:00.329,5.9400,70
28908660242358,08:01:48.660,5.6600,100
28908660242358,08:01:48.660,5.6600,14900
28943927415219,08:02:23.927,5.6700,100
28943927415219,08:02:23.927,5.6700,5
29056538894780,08:04:16.538,5.6500,50
29056538894780,08:04:16.538,5.6400,100
29056538894780,08:04:16.538,5.6400,33
29062247641746,08:04:22.247,5.6000,40
29119170384278,08:05:19.170,5.5700,50
29150834152789,08:05:50.834,5.4500,100
29251083953000,08:07:31.083,5.4500,65
29251083953000,08:07:31.083,5.4500,100
29255297923994,08:07:35.297,5.4000,100
29265880961338,08:07:45.880,5.4000,100
29265880961338,08:07:45.880,5.4000,100
29265880961338,08:07:45.880,5.4000,6625
29274807904705,08:07:54.807,5.4000,100
29274807904705,08:07:54.807,5.4000,1200
29274817446990,08:07:54.817,5.4000,100
29274817446990,08:07:54.817,5.4000,1875
29412958201840,08:10:12.958,5.3000,100
29553564387079,08:12:33.564,5.2500,200
29553564387079,08:12:33.564,5.2500,100
29553564387079,08:12:33.564,5.2500,2461
29553565961644,08:12:33.565,5.2500,100
29553565961644,08:12:33.565,5.2500,1343
29553589116732,08:12:33.589,5.2500,100
29553589159116,08:12:33.589,5.2500,100
30055970115911,08:20:55.970,5.2700,300
30055970115911,08:20:55.970,5.2600,100
30055979934840,08:20:55.979,5.2500,100
30055979934840,08:20:55.979,5.2500,4500
30065092794937,08:21:05.092,5.2500,100
30065092794937,08:21:05.092,5.2500,177
30176940045973,08:22:56.940,5.2600,100
30176948524502,08:22:56.948,5.2500,100
30176948524502,08:22:56.948,5.2500,200
30176948524502,08:22:56.948,5.2500,819
30185408659196,08:23:05.408,5.2000,100
30185408659196,08:23:05.408,5.2000,130
30198872079745,08:23:18.872,5.1200,300
30207902169027,08:23:27.902,5.0500,100
30207902169027,08:23:27.902,5.0500,10
30285169893302,08:24:45.169,5.2500,300
30285169893302,08:24:45.169,5.2500,100
30285170004501,08:24:45.170,5.2500,300
30532947021282,08:28:52.947,5.2500,100
30532947021282,08:28:52.947,5.2500,300
30532947091216,08:28:52.947,5.2500,1000
30532949032823,08:28:52.949,5.2500,300
30547426647148,08:29:07.426,5.2500,100
30547426647148,08:29:07.426,5.2500,50
30553028646344,08:29:13.028,5.2500,100
30569456109642,08:29:29.456,5.2500,100
30605628285970,08:30:05.628,5.2500,100
30659871438051,08:30:59.871,5.3000,100
30659871438051,08:30:59.871,5.3000,100
30659872652903,08:30:59.872,5.2600,100
30659872652903,08:30:59.872,5.2600,100
30659873795950,08:30:59.873,5.2500,100
30659873795950,08:30:59.873,5.2500,100
30666155975410,08:31:06.155,5.2200,100
30666155975410,08:31:06.155,5.2200,100
30903586219042,08:35:03.586,5.2500,100
30963516951180,08:36:03.516,5.2000,100
30963516951180,08:36:03.516,5.1500,100
30973103108460,08:36:13.103,5.0500,75
30973103108460,08:36:13.103,5.0300,1000
30973103108460,08:36:13.103,5.0200,100
30973103108460,08:36:13.103,5.0100,1000
30973103108460,08:36:13.103,5.0100,100
30973103108460,08:36:13.103,5.0100,100
30973103108460,08:36:13.103,5.0000,75
30973105093741,08:36:13.105,5.0000,25
30973105093741,08:36:13.105,5.0000,100
30973105093741,08:36:13.105,5.0000,950
31090533382428,08:38:10.533,5.0000,100
31090533382428,08:38:10.533,5.0000,100
31090534489730,08:38:10.534,5.0000,29
31206535371138,08:40:06.535,5.1000,100
31209044449713,08:40:09.044,5.1000,200
31229565053504,08:40:29.565,5.1500,22
31324398131377,08:42:04.398,5.1500,78
31678585662199,08:47:58.585,5.2500,100
31689439027446,08:48:09.439,5.2300,300
31924522497558,08:52:04.522,5.2500,100
31924524175720,08:52:04.524,5.2500,100
31924536742007,08:52:04.536,5.2500,100
32677596803812,09:04:37.596,5.3100,100
33130386647868,09:12:10.386,5.2000,100
33625546027200,09:20:25.546,5.2000,350
33654856916841,09:20:54.856,5.0000,71
33654856916841,09:20:54.856,5.0000,100
33654856916841,09:20:54.856,5.0000,29
33654858500108,09:20:54.858,5.0000,100
33654858500108,09:20:54.858,5.0000,3300
33662718885923,09:21:02.718,5.0000,100
33662718885923,09:21:02.718,5.0000,900
33664921044759,09:21:04.921,5.0000,100
33664921621008,09:21:04.921,5.0000,51
33667445423075,09:21:07.445,5.0000,49
33667445423075,09:21:07.445,5.0000,100
33667445423075,09:21:07.445,5.0000,3821
33673461353843,09:21:13.461,4.9800,100
33673461353843,09:21:13.461,4.9800,250
33743865252579,09:22:23.865,4.9800,100
34182550300279,09:29:42.550,5.0100,720
34182550300279,09:29:42.550,5.0100,100
34182550300279,09:29:42.550,5.0000,180
34184150279925,09:29:44.150,5.0000,70
34184150279925,09:29:44.150,4.9600,100
34191444564949,09:29:51.444,5.0000,100
34197326825999,09:29:57.326,5.0000,290
34200646100430,09:30:00.646,5.0100,49269
34200648218270,09:30:00.648,5.0100,100
34200648218270,09:30:00.648,5.0000,200
34200648218270,09:30:00.648,5.0000,20
34200649160092,09:30:00.649,4.9800,2
34200649160092,09:30:00.649,4.9500,55
34200649160092,09:30:00.649,4.9500,55
34200649160092,09:30:00.649,4.9500,55
34200649160092,09:30:00.649,4.9500,55
34200649160092,09:30:00.649,4.9500,55
34200649160092,09:30:00.649,4.9500,797
34200650343377,09:30:00.650,4.9100,100
34200652156879,09:30:00.652,4.8700,100
34200652156879,09:30:00.652,4.8700,100
34200653059782,09:30:00.653,4.8500,100
34200653692638,09:30:00.653,4.8400,100
34200656064022,09:30:00.656,4.8100,100
34200658078984,09:30:00.658,4.8000,20
34200658078984,09:30:00.658,4.8000,80
34200658082464,09:30:00.658,4.8000,100
34200658133295,09:30:00.658,4.8000,100
34200658140500,09:30:00.658,4.8000,100
34200658960976,09:30:00.658,4.8000,46
34200658963689,09:30:00.658,4.8000,100
34200659006493,09:30:00.659,4.8000,100
34200659010369,09:30:00.659,4.8000,100
34200659062225,09:30:00.659,4.8000,100
34200659064829,09:30:00.659,4.8000,76
34201349121299,09:30:01.349,4.8000,98
34201466575331,09:30:01.466,4.9300,50
34201703753468,09:30:01.703,4.9100,100
34201703753468,09:30:01.703,4.9000,100
34202062948830,09:30:02.062,4.9000,100
34202171969391,09:30:02.171,4.9000,100
34202294977063,09:30:02.294,4.9000,100
34202507529554,09:30:02.507,4.9000,100
34202533069414,09:30:02.533,4.9000,100
34204590414590,09:30:04.590,4.9000,100
34204679325191,09:30:04.679,4.9000,100
34212851884989,09:30:12.851,4.9700,100
34218265650432,09:30:18.265,5.0300,100
34239783060437,09:30:39.783,4.9050,100
34239783060437,09:30:39.783,4.9050,100
34239783060437,09:30:39.783,4.9100,200
34239783785539,09:30:39.783,4.9100,100
34239783826241,09:30:39.783,4.9100,100
34251495191101,09:30:51.495,4.9500,100
34251501097954,09:30:51.501,4.9100,200
34251505199013,09:30:51.505,4.9000,200
34251513298713,09:30:51.513,4.8700,285
34251513298713,09:30:51.513,4.8700,200
34315235370375,09:31:55.235,4.8500,93
34315235407191,09:31:55.235,4.8500,7
34327885491388,09:32:07.885,4.8000,100
34328939663255,09:32:08.939,4.8000,100
34333241953746,09:32:13.241,4.8000,90
34333241953746,09:32:13.241,4.8000,31
34346181904974,09:32:26.181,4.7700,54
34346181904974,09:32:26.181,4.7500,2000
34346181904974,09:32:26.181,4.7500,6000
34346782008983,09:32:26.782,4.7500,2
34366579048805,09:32:46.579,4.7200,100
34366872576380,09:32:46.872,4.7000,55
34366872625210,09:32:46.872,4.6900,200
34366881492747,09:32:46.881,4.6850,100
34366885329465,09:32:46.885,4.6900,300
34366885919535,09:32:46.885,4.6900,100
34366886215596,09:32:46.886,4.6900,45
34367011818030,09:32:47.011,4.6900,55
34367120939765,09:32:47.120,4.6900,100
34371188743086,09:32:51.188,4.6800,100
34371188890057,09:32:51.188,4.6800,50
34371188890057,09:32:51.188,4.6800,200
34376115765622,09:32:56.115,4.6900,100
34376821503059,09:32:56.821,4.6700,2
34376852350155,09:32:56.852,4.6700,600
34380479364327,09:33:00.479,4.6600,1000
34381234982861,09:33:01.234,4.6500,100
34382237673613,09:33:02.237,4.6400,100
34382908329633,09:33:02.908,4.6000,600
34382908329633,09:33:02.908,4.6000,2600
34382908329633,09:33:02.908,4.6000,200
34382970843128,09:33:02.970,4.5800,100
34382970843128,09:33:02.970,4.5800,400
34383232951976,09:33:03.232,4.5500,100
34383232951976,09:33:03.232,4.5500,60
34387232235097,09:33:07.232,4.5500,100
34387232235097,09:33:07.232,4.5500,40
34387232235097,09:33:07.232,4.5500,60
34387232353875,09:33:07.232,4.5600,100
34387232873543,09:33:07.232,4.5500,100
34387233005685,09:33:07.233,4.5500,25
34388232018799,09:33:08.232,4.5200,400
34392032571955,09:33:12.032,4.5300,600
34392622175852,09:33:12.622,4.5250,100
34392625847336,09:33:12.625,4.5300,1500
34392625903384,09:33:12.625,4.5300,100
34392724025194,09:33:12.724,4.5300,50
34392724574857,09:33:12.724,4.5300,100
34392981264041,09:33:12.981,4.5200,100
34392988859813,09:33:12.988,4.5000,30
34392988859813,09:33:12.988,4.5000,100
34392988859813,09:33:12.988,4.5000,1000
34392988859813,09:33:12.988,4.5000,470
34395058649020,09:33:15.058,4.5100,100
34395060517961,09:33:15.060,4.5000,1530
34395060517961,09:33:15.060,4.5000,5000
34395060517961,09:33:15.060,4.5000,1000
34395060517961,09:33:15.060,4.5000,1000
34395060517961,09:33:15.060,4.5000,1
34395060517961,09:33:15.060,4.5000,400
34398835789776,09:33:18.835,4.5100,3
34404689850042,09:33:24.689,4.4500,3500
34404689850042,09:33:24.689,4.4500,100
34404692511659,09:33:24.692,4.4450,100
34404695982467,09:33:24.695,4.4700,200
34404709095810,09:33:24.709,4.5000,400
34404820522524,09:33:24.820,4.4700,100
34404820561331,09:33:24.820,4.4500,10
34406929610161,09:33:26.929,4.4400,98
34406929760689,09:33:26.929,4.4400,52
34408478951642,09:33:28.478,4.4300,100
34409685526440,09:33:29.685,4.4300,100
34412565716018,09:33:32.565,4.4250,100
34416895737669,09:33:36.895,4.4300,2
34428739184384,09:33:48.739,4.4250,100
34437759775790,09:33:57.759,4.4250,500
34437760855612,09:33:57.760,4.4250,100
34445733314737,09:34:05.733,4.4250,300
34446418821933,09:34:06.418,4.4100,50
34446418821933,09:34:06.418,4.4100,48
34446960724187,09:34:06.960,4.4200,100
34484253485309,09:34:44.253,4.4050,100
34489178297137,09:34:49.178,4.4000,300
34489178297137,09:34:49.178,4.4000,700
34503033224682,09:35:03.033,4.4100,727
34504482031144,09:35:04.482,4.4100,2500
34504647528195,09:35:04.647,4.4100,1573
34504647528195,09:35:04.647,4.4100,927
34505352007538,09:35:05.352,4.4100,50
34505359180353,09:35:05.359,4.4000,100
34505359180353,09:35:05.359,4.4000,100
34506239735498,09:35:06.239,4.3800,1000
34506240608361,09:35:06.240,4.3500,200
34506241452808,09:35:06.241,4.3500,500
34506241840956,09:35:06.241,4.3300,100
34506241840956,09:35:06.241,4.3200,500
34506242212315,09:35:06.242,4.3200,200
34506441601295,09:35:06.441,4.3200,2500
34508121536246,09:35:08.121,4.3200,100
34509361520279,09:35:09.361,4.3200,700
34509361999043,09:35:09.361,4.3200,100
34515358042590,09:35:15.358,4.3200,100
34516536782736,09:35:16.536,4.3200,10
34521732067118,09:35:21.732,4.3050,50
34521906993743,09:35:21.906,4.3000,50
34522401048598,09:35:22.401,4.2900,100
34522900934875,09:35:22.900,4.2800,1000
34524232336012,09:35:24.232,4.2700,100
34524233948556,09:35:24.233,4.2600,100
34524234414386,09:35:24.234,4.2800,150
34524234414386,09:35:24.234,4.2800,30
34524235443358,09:35:24.235,4.2600,30
34524235443358,09:35:24.235,4.2600,10
34524235443358,09:35:24.235,4.2600,10
34530438172126,09:35:30.438,4.2500,100
34530438172126,09:35:30.438,4.2500,1000
34530438172126,09:35:30.438,4.2500,1200
34530438172126,09:35:30.438,4.2500,1
34530438172126,09:35:30.438,4.2500,485
34541543030322,09:35:41.543,4.2200,1000
34542651562081,09:35:42.651,4.2200,70
34544576449852,09:35:44.576,4.2100,100
34550074606468,09:35:50.074,4.1900,100
34550414731646,09:35:50.414,4.2000,69
34552289456942,09:35:52.289,4.2000,50
34558065103275,09:35:58.065,4.1800,100
34558065103275,09:35:58.065,4.1800,100
34558065250832,09:35:58.065,4.1800,42
34558065727707,09:35:58.065,4.1800,58
34558065727707,09:35:58.065,4.1800,42
34560723760825,09:36:00.723,4.1800,186
34560729499458,09:36:00.729,4.1800,50
34560730014038,09:36:00.730,4.1800,50
34560809378866,09:36:00.809,4.1800,100
34560809378866,09:36:00.809,4.1800,400
34561065116932,09:36:01.065,4.1700,100
34561951173970,09:36:01.951,4.1800,100
34562064454989,09:36:02.064,4.1800,100
34562065549473,09:36:02.065,4.1700,100
34562170589347,09:36:02.170,4.1800,100
34562359762304,09:36:02.359,4.1800,2000
34562592991001,09:36:02.592,4.1800,2000
34563065766446,09:36:03.065,4.1700,600
34563612969297,09:36:03.612,4.1800,100
34564065246046,09:36:04.065,4.1700,200
34565064846419,09:36:05.064,4.1700,200
34566064311354,09:36:06.064,4.1700,300
34566064634189,09:36:06.064,4.1600,1
34568949208890,09:36:08.949,4.1200,100
34571695400834,09:36:11.695,4.1200,300
34576009942147,09:36:16.009,4.1100,100
34576009942147,09:36:16.009,4.1100,100
34576010538015,09:36:16.010,4.1000,300
34576010538015,09:36:16.010,4.1000,750
34576010538015,09:36:16.010,4.1000,250
34576011328364,09:36:16.011,4.1000,350
34576011328364,09:36:16.011,4.1000,100
34576011892582,09:36:16.011,4.0900,300
34576011892582,09:36:16.011,4.0900,200
34576012085376,09:36:16.012,4.0800,100
34578638416345,09:36:18.638,4.0700,80
34584168101260,09:36:24.168,4.0650,100
34584169739029,09:36:24.169,4.0650,100
34587039815183,09:36:27.039,4.0650,100
34588578052640,09:36:28.578,4.0650,200
34588578052640,09:36:28.578,4.0650,100
34588578052640,09:36:28.578,4.0700,4600
34588601384426,09:36:28.601,4.0700,300
34588601859840,09:36:28.601,4.0700,20
34588601859840,09:36:28.601,4.0700,80
34588681526264,09:36:28.681,4.0700,2900
34599074972576,09:36:39.074,4.0600,100
34599633142824,09:36:39.633,4.0400,200
34599633772034,09:36:39.633,4.0200,100
34599633772034,09:36:39.633,4.0200,200
34601392821433,09:36:41.392,4.0100,100
34601392821433,09:36:41.392,4.0100,2250
34601392821433,09:36:41.392,4.0100,100
34601410417225,09:36:41.410,4.0000,40
34601410417225,09:36:41.410,4.0000,1000
34601410417225,09:36:41.410,4.0000,500
34601410417225,09:36:41.410,4.0000,545
34601456640433,09:36:41.456,4.0000,100
34602068070868,09:36:42.068,4.0000,355
34603988729772,09:36:43.988,3.9100,200
34604001575765,09:36:44.001,3.9100,230
34605729126626,09:36:45.729,3.9100,300
34609332676918,09:36:49.332,4.1200,200
34614926496272,09:36:54.926,3.9100,200
34614926594990,09:36:54.926,3.9000,300
34625131479389,09:37:05.131,4.1100,100
34625131479389,09:37:05.131,4.1200,396
34636080722669,09:37:16.080,4.0500,380
34636081347291,09:37:16.081,4.1100,100
34636081347291,09:37:16.081,4.1200,400
34636081357916,09:37:16.081,4.1200,100
34636081357916,09:37:16.081,4.1200,20
34654254500179,09:37:34.254,4.2050,100
34656486275284,09:37:36.486,4.1100,100
34656635233523,09:37:36.635,4.1100,100
34659677377910,09:37:39.677,4.1050,100
34659677377910,09:37:39.677,4.1100,700
34659756432143,09:37:39.756,4.1200,100
34661968628127,09:37:41.968,4.1100,100
34661968628127,09:37:41.968,4.1100,100
34681204506912,09:38:01.204,4.1100,100
34681204506912,09:38:01.204,4.1100,100
34684858252589,09:38:04.858,4.1050,100
34695821778208,09:38:15.821,4.1100,85
34696938169213,09:38:16.938,4.1100,15
34696939599179,09:38:16.939,4.1000,1
34703127418985,09:38:23.127,4.0600,131
34703128058410,09:38:23.128,4.0600,25
34709073966007,09:38:29.073,4.0500,100
34709084011136,09:38:29.084,4.0400,123
34709183068582,09:38:29.183,4.0300,177
34709203563592,09:38:29.203,4.0300,523
34709203563592,09:38:29.203,4.0300,77
34711329850668,09:38:31.329,4.0300,23
34715684328668,09:38:35.684,4.0100,77
34715684855092,09:38:35.684,4.0100,23
34715786006478,09:38:35.786,4.0000,100
34716614964913,09:38:36.614,4.0050,54
34717696122506,09:38:37.696,4.0050,100
34717792283080,09:38:37.792,4.0000,93
34719241691820,09:38:39.241,4.0000,7
34719241691820,09:38:39.241,4.0000,200
34719241691820,09:38:39.241,4.0000,875
34719241691820,09:38:39.241,4.0000,1500
34719241691820,09:38:39.241,4.0000,800
34719292327302,09:38:39.292,3.9500,200
34723308620299,09:38:43.308,3.9500,300
34723308620299,09:38:43.308,3.9500,1
34723308620299,09:38:43.308,3.9500,100
34730692908221,09:38:50.692,3.9200,100
34730692908221,09:38:50.692,3.9100,40
34730692908221,09:38:50.692,3.9100,460
34730702461256,09:38:50.702,3.9100,40
34730702461256,09:38:50.702,3.9000,700
34730702461256,09:38:50.702,3.9000,100
34730702461256,09:38:50.702,3.9000,10
34730702461256,09:38:50.702,3.9000,150
34731680370450,09:38:51.680,3.9500,100
34731680410905,09:38:51.680,3.9700,31
34732445599629,09:38:52.445,3.9500,100
34732448713862,09:38:52.448,3.9500,5
34744545581181,09:39:04.545,3.9750,95
34744548244466,09:39:04.548,3.9750,100
34744812080443,09:39:04.812,3.9750,100
34744815383078,09:39:04.815,3.9750,100
34745378085754,09:39:05.378,3.9750,100
34745378085754,09:39:05.378,4.0000,100
34745378085754,09:39:05.378,4.0000,100
34745378085754,09:39:05.378,4.0000,500
34745378085754,09:39:05.378,4.0000,200
34747052004597,09:39:07.052,3.9750,100
34748010250522,09:39:08.010,3.9750,100
34749685239547,09:39:09.685,3.9800,100
34749697297053,09:39:09.697,3.9800,100
34749699059934,09:39:09.699,3.9800,100
34749706880149,09:39:09.706,3.9800,100
34749708964540,09:39:09.708,3.9800,100
34749717355608,09:39:09.717,3.9800,100
34749719332725,09:39:09.719,3.9800,100
34749727462981,09:39:09.727,3.9800,100
34749729566754,09:39:09.729,3.9800,100
34753113618789,09:39:13.113,3.9600,500
34753113618789,09:39:13.113,3.9500,500
34753675483383,09:39:13.675,3.9750,100
34772190048080,09:39:32.190,4.0000,200
34772211488364,09:39:32.211,4.0000,100
34772278404973,09:39:32.278,4.0000,100
34772449910802,09:39:32.449,4.0000,100
34779761067323,09:39:39.761,4.0500,1000
34786934796415,09:39:46.934,4.0000,400
34788610748908,09:39:48.610,4.0050,100
34790245742654,09:39:50.245,4.0050,100
34790245742654,09:39:50.245,4.0100,100
34790245742654,09:39:50.245,4.0100,200
34791807353471,09:39:51.807,4.0050,100
34794166013441,09:39:54.166,4.0000,400
34797723191263,09:39:57.723,4.0100,400
34800322446368,09:40:00.322,4.0100,1000
34800322446368,09:40:00.322,4.0100,1000
34800324515710,09:40:00.324,4.0000,400
34801346951183,09:40:01.346,4.0000,800
34801346951183,09:40:01.346,4.0000,100
34801346951183,09:40:01.346,4.0000,1200
34804164278549,09:40:04.164,4.0000,700
34804175156962,09:40:04.175,4.0000,400
34804521831135,09:40:04.521,4.0000,100
34804762441533,09:40:04.762,4.0000,600
34805026100879,09:40:05.026,4.0000,100
34805026100879,09:40:05.026,4.0000,500
34805036907549,09:40:05.036,4.0000,100
34805047252765,09:40:05.047,4.0000,200
34805047286040,09:40:05.047,4.0000,200
34805767852627,09:40:05.767,3.9900,25
34805767892883,09:40:05.767,3.9900,75
34818979974325,09:40:18.979,3.9800,500
34830336618630,09:40:30.336,3.9500,1000
34830337936396,09:40:30.337,3.9500,100
34836542178699,09:40:36.542,3.9600,100
34839427430870,09:40:39.427,3.9500,200
34839429327530,09:40:39.429,3.9400,50
34845833594513,09:40:45.833,3.9000,1100
34845833594513,09:40:45.833,3.9000,300
34845833594513,09:40:45.833,3.9000,210
34845833594513,09:40:45.833,3.9000,133
34845833594513,09:40:45.833,3.9000,257
34845838150216,09:40:45.838,3.9000,43
34845838150216,09:40:45.838,3.9000,100
34848652346135,09:40:48.652,3.8900,100
34848652346135,09:40:48.652,3.9000,400
34849644894660,09:40:49.644,3.8300,600
34849645788787,09:40:49.645,3.8200,136
34849645788787,09:40:49.645,3.8200,64
34851824709215,09:40:51.824,3.8300,100
34868084409030,09:41:08.084,3.8200,100
34869699258000,09:41:09.699,3.8200,36
34869713997990,09:41:09.713,3.8100,500
34869713997990,09:41:09.713,3.8100,600
34878147210069,09:41:18.147,3.8300,100
34878147916406,09:41:18.147,3.9000,100
34878147916406,09:41:18.147,3.9100,100
34878149435238,09:41:18.149,3.9100,100
34897791443907,09:41:37.791,3.9500,400
34899031579540,09:41:39.031,3.9600,100
34903111449333,09:41:43.111,3.9100,100
34925783577933,09:42:05.783,3.9000,200
34930540604871,09:42:10.540,3.9000,200
34930540657166,09:42:10.540,3.9000,100
34936084179017,09:42:16.084,3.8800,600
34936084179017,09:42:16.084,3.8800,100
34941697286901,09:42:21.697,3.8700,100
34941697286901,09:42:21.697,3.8700,50
34941698853464,09:42:21.698,3.8600,100
34941705541305,09:42:21.705,3.8500,100
34941705541305,09:42:21.705,3.8500,600
34952051449045,09:42:32.051,3.8250,300
34952051449045,09:42:32.051,3.8300,200
34958979757884,09:42:38.979,3.8100,2
34958979757884,09:42:38.979,3.8100,1000
34958979757884,09:42:38.979,3.8100,20
34960904810737,09:42:40.904,3.8000,2619
34961110667904,09:42:41.110,3.8000,381
34961110667904,09:42:41.110,3.8000,100
34961110667904,09:42:41.110,3.8000,50
34961110667904,09:42:41.110,3.8000,842
34961110667904,09:42:41.110,3.8000,400
34961110667904,09:42:41.110,3.8000,2000
34961110667904,09:42:41.110,3.8000,20
34961110667904,09:42:41.110,3.8000,100
34961114645068,09:42:41.114,3.7800,500
34961114670900,09:42:41.114,3.7800,500
34961469629393,09:42:41.469,3.7600,100
34963932843443,09:42:43.932,3.7500,100
34963932843443,09:42:43.932,3.7500,800
34963932843443,09:42:43.932,3.7500,100
34963932843443,09:42:43.932,3.7500,1000
34963932843443,09:42:43.932,3.7500,800
34964065096087,09:42:44.065,3.7600,1000
34964065096087,09:42:44.065,3.7600,700
34964065170054,09:42:44.065,3.7600,1700
34964069164568,09:42:44.069,3.7600,400
34964076824322,09:42:44.076,3.7600,1200
34965038959521,09:42:45.038,3.7500,100
34965039038251,09:42:45.039,3.7500,100
34965039038251,09:42:45.039,3.7500,100
34965039151183,09:42:45.039,3.7500,100
34965039950478,09:42:45.039,3.7500,100
34965039980767,09:42:45.039,3.7500,300
34965040408098,09:42:45.040,3.7500,100
34965040408098,09:42:45.040,3.7500,100
34965830504118,09:42:45.830,3.7300,300
34965830504118,09:42:45.830,3.7300,1000
34965830550405,09:42:45.830,3.7200,30
34965899180767,09:42:45.899,3.7200,900
34966016498607,09:42:46.016,3.7200,357
34966050705888,09:42:46.050,3.7200,357
34966080807303,09:42:46.080,3.7200,179
34966201997593,09:42:46.201,3.7100,500
34966201997593,09:42:46.201,3.7100,2750
34966428352593,09:42:46.428,3.7100,1900
34967165581509,09:42:47.165,3.7000,200
34967167501176,09:42:47.167,3.6700,1500
34967169540317,09:42:47.169,3.6500,300
34967169540317,09:42:47.169,3.6500,100
34967304898798,09:42:47.304,3.6100,200
34967306362973,09:42:47.306,3.6100,300
34967306362973,09:42:47.306,3.6100,100
34971986302483,09:42:51.986,3.6000,300
34976003106986,09:42:56.003,3.6000,45
34976981164796,09:42:56.981,3.6000,1155
34976981164796,09:42:56.981,3.6000,1300
34978457464712,09:42:58.457,3.5300,100
34978457464712,09:42:58.457,3.5300,100
34978492991661,09:42:58.492,3.5100,500
34978494419154,09:42:58.494,3.5300,100
34978494481436,09:42:58.494,3.5300,8
34978500160207,09:42:58.500,3.5300,1892
34978507048874,09:42:58.507,3.5000,600
34978507048874,09:42:58.507,3.5000,500
34978507048874,09:42:58.507,3.5000,300
34978507048874,09:42:58.507,3.5000,12
34978507048874,09:42:58.507,3.5000,5
34978507048874,09:42:58.507,3.5000,150
34979680436569,09:42:59.680,3.5000,100
34980155307082,09:43:00.155,3.5000,455
34980966895226,09:43:00.966,3.5000,500
34980969552307,09:43:00.969,3.5000,500
34981157899346,09:43:01.157,3.5000,500
34981242980869,09:43:01.242,3.5000,100
34981250026327,09:43:01.250,3.5000,400
34981547344803,09:43:01.547,3.5000,1000
34981550662214,09:43:01.550,3.5000,500
34981563341880,09:43:01.563,3.5000,500
34981563541366,09:43:01.563,3.5000,500
34981653424802,09:43:01.653,3.5000,100
34981846536829,09:43:01.846,3.5000,800
34981853667524,09:43:01.853,3.5000,200
34982194975981,09:43:02.194,3.5000,400
34982234427237,09:43:02.234,3.5000,200
34982243819036,09:43:02.243,3.5000,100
34982446875267,09:43:02.446,3.5000,500
34982679626347,09:43:02.679,3.5000,2000
34982834250449,09:43:02.834,3.5000,200
34982979707642,09:43:02.979,3.4950,500
34985427702748,09:43:05.427,3.4950,100
34985508939963,09:43:05.508,3.4900,100
34985937794360,09:43:05.937,3.4900,300
34985937923908,09:43:05.937,3.4900,45
34985937923908,09:43:05.937,3.4900,455
34985937926990,09:43:05.937,3.4900,100
34985939351048,09:43:05.939,3.4900,100
34986722839343,09:43:06.722,3.5100,150
34987408668752,09:43:07.408,3.5100,50
34987455920260,09:43:07.455,3.5100,3000
34987773402793,09:43:07.773,3.4700,500
34987879312205,09:43:07.879,3.4700,100
34989558823782,09:43:09.558,3.5000,200
34989697507448,09:43:09.697,3.4950,100
34989697507448,09:43:09.697,3.5000,900
34989700101153,09:43:09.700,3.5000,500
34989713747157,09:43:09.713,3.5000,500
34989724826883,09:43:09.724,3.5000,500
34989942791294,09:43:09.942,3.5000,1000
34990697992531,09:43:10.697,3.5000,100
34990932808854,09:43:10.932,3.4950,100
34990935891111,09:43:10.935,3.4950,300
34990936833424,09:43:10.936,3.4950,200
34991026906772,09:43:11.026,3.4950,100
34991041489191,09:43:11.041,3.4950,100
34991166420371,09:43:11.166,3.4950,100
34991166420371,09:43:11.166,3.5000,479
34991255968626,09:43:11.255,3.5000,2500
34991257129691,09:43:11.257,3.5000,200
34991414860720,09:43:11.414,3.5000,1000
34991574798588,09:43:11.574,3.5000,200
34992038937945,09:43:12.038,3.5000,500
34992256452448,09:43:12.256,3.4950,100
34992362732877,09:43:12.362,3.4950,200
34994921331887,09:43:14.921,3.4950,800
34995571070251,09:43:15.571,3.4950,100
34995927750068,09:43:15.927,3.4950,200
34996431707999,09:43:16.431,3.4950,100
34996644416342,09:43:16.644,3.4950,243
34996644940999,09:43:16.644,3.4950,357
34996644940999,09:43:16.644,3.4950,65
34996645472193,09:43:16.645,3.4950,35
34997141910296,09:43:17.141,3.5000,50
34997553380566,09:43:17.553,3.5000,1371
34997553380566,09:43:17.553,3.5000,650
34997554012058,09:43:17.554,3.5000,50
34997659923864,09:43:17.659,3.5000,50
34998051789854,09:43:18.051,3.4950,100
34998112900411,09:43:18.112,3.4950,200
34998116614058,09:43:18.116,3.4950,100
34998118438712,09:43:18.118,3.4950,100
34998228009232,09:43:18.228,3.4950,100
34998228073078,09:43:18.228,3.4950,100
34998239068438,09:43:18.239,3.4950,300
34999337867197,09:43:19.337,3.5000,8
34999362935653,09:43:19.362,3.4950,100
34999391227438,09:43:19.391,3.4950,100
34999548199551,09:43:19.548,3.4950,100
34999566803991,09:43:19.566,3.4950,100
34999687280877,09:43:19.687,3.4950,100
34999848937020,09:43:19.848,3.4950,100
35000231884068,09:43:20.231,3.4950,400
35000231884068,09:43:20.231,3.5000,550
35000238946143,09:43:20.238,3.5000,100
35000489299063,09:43:20.489,3.4950,100
35000489826399,09:43:20.489,3.4950,100
35001292676789,09:43:21.292,3.4950,100
35001293203823,09:43:21.293,3.4950,100
35002467103544,09:43:22.467,3.4950,200
35002468298862,09:43:22.468,3.4950,100
35003201263566,09:43:23.201,3.5000,392
35003201263566,09:43:23.201,3.5000,100
35004000827291,09:43:24.000,3.5950,100
35004037674520,09:43:24.037,3.6300,100
35006964635511,09:43:26.964,3.6100,100
35006968584097,09:43:26.968,3.6100,100
35007006821613,09:43:27.006,3.6100,100
35007006824229,09:43:27.006,3.6100,101
35010911810962,09:43:30.911,3.6400,3
35015611319248,09:43:35.611,3.6000,200
35019156565004,09:43:39.156,3.6000,100
35021503432082,09:43:41.503,3.6000,100
35021512064984,09:43:41.512,3.6000,85
35023857830863,09:43:43.857,3.5650,200
35023857830863,09:43:43.857,3.5700,800
35023859940877,09:43:43.859,3.5700,500
35023862990018,09:43:43.862,3.5700,500
35023873447442,09:43:43.873,3.5700,100
35024250624048,09:43:44.250,3.5800,300
35024479959302,09:43:44.479,3.5800,100
35042094319093,09:44:02.094,3.6250,100
35042094319093,09:44:02.094,3.6000,600
35042094319093,09:44:02.094,3.5900,100
35042094671535,09:44:02.094,3.5850,100
35042094671535,09:44:02.094,3.5900,100
35042094676450,09:44:02.094,3.5900,300
35042094697178,09:44:02.094,3.5900,100
35042094958405,09:44:02.094,3.5800,100
35042095099254,09:44:02.095,3.5800,50
35042095099254,09:44:02.095,3.5800,400
35042095099254,09:44:02.095,3.5800,50
35042095130857,09:44:02.095,3.5800,50
35043704963766,09:44:03.704,3.5800,20
35044681997409,09:44:04.681,3.6250,200
35045001680725,09:44:05.001,3.5900,200
35046436036057,09:44:06.436,3.5850,600
35046551300497,09:44:06.551,3.5900,100
35049132636021,09:44:09.132,3.5850,800
35051953384933,09:44:11.953,3.5850,800
35051953384933,09:44:11.953,3.5900,800
35051953970478,09:44:11.953,3.5900,100
35053077990165,09:44:13.077,3.5700,200
35053077990165,09:44:13.077,3.5700,10
35053571173339,09:44:13.571,3.5500,1
35055634514367,09:44:15.634,3.5300,100
35073036304429,09:44:33.036,3.5950,100
35075717008551,09:44:35.717,3.5950,100
35076820579865,09:44:36.820,3.6000,100
35076820579865,09:44:36.820,3.6000,900
35077404603285,09:44:37.404,3.5950,100
35078036973633,09:44:38.036,3.6000,100
35078036973633,09:44:38.036,3.6000,500
35078773037408,09:44:38.773,3.6200,300
35078791759893,09:44:38.791,3.6200,100
35078852635136,09:44:38.852,3.6200,100
35079093737243,09:44:39.093,3.6300,120
35084151927317,09:44:44.151,3.6100,400
35084151927317,09:44:44.151,3.6100,200
35084151927317,09:44:44.151,3.6100,200
35086762017254,09:44:46.762,3.6400,300
35090923702050,09:44:50.923,3.6000,1000
35091841266388,09:44:51.841,3.6000,900
35091917048478,09:44:51.917,3.6000,700
35091985105005,09:44:51.985,3.6000,100
35092068515236,09:44:52.068,3.6000,300
35092140287066,09:44:52.140,3.6000,100
35092226079624,09:44:52.226,3.6000,100
35095297028970,09:44:55.297,3.6000,1500
35095297028970,09:44:55.297,3.6000,100
35097294862961,09:44:57.294,3.6000,2000
35097869769686,09:44:57.869,3.6000,2000
35097869822162,09:44:57.869,3.6000,100
35098028066675,09:44:58.028,3.6000,600
35098729435664,09:44:58.729,3.5900,300
35098729435664,09:44:58.729,3.5900,400
35098729435664,09:44:58.729,3.5900,500
35098729552039,09:44:58.729,3.5900,69
35098730095680,09:44:58.730,3.5900,100
35098731886297,09:44:58.731,3.5900,131
35098731886297,09:44:58.731,3.5900,1569
35098741716550,09:44:58.741,3.5900,300
35098741816642,09:44:58.741,3.5900,100
35098742903228,09:44:58.742,3.5900,200
35098742903228,09:44:58.742,3.5900,300
35098749229533,09:44:58.749,3.5900,300
35098749301622,09:44:58.749,3.5900,300
35098749301622,09:44:58.749,3.5900,400
35098750609631,09:44:58.750,3.5900,300
35098755895337,09:44:58.755,3.5900,55
35098758759517,09:44:58.758,3.5600,100
35102089108155,09:45:02.089,3.5500,100
35102089108155,09:45:02.089,3.5400,100
35102204296958,09:45:02.204,3.5400,100
35103862177567,09:45:03.862,3.5350,100
35103862177567,09:45:03.862,3.5400,3600
35103893605195,09:45:03.893,3.5350,300
35103893605195,09:45:03.893,3.5400,6100
35104936348540,09:45:04.936,3.5400,100
35105617099883,09:45:05.617,3.5400,659
35105826842163,09:45:05.826,3.5400,600
35106371642352,09:45:06.371,3.5400,900
35106497927725,09:45:06.497,3.5400,400
35106498844125,09:45:06.498,3.5400,100
35106511242391,09:45:06.511,3.5400,600
35106564874905,09:45:06.564,3.5400,100
35106608102293,09:45:06.608,3.5400,1000
35106608251694,09:45:06.608,3.5400,800
35106608317995,09:45:06.608,3.5400,1000
35106608391226,09:45:06.608,3.5400,900
35106608568713,09:45:06.608,3.5400,1000
35106628899304,09:45:06.628,3.5400,1000
35114455611254,09:45:14.455,3.6600,300
35114456406564,09:45:14.456,3.6600,500
35116592112730,09:45:16.592,3.6600,100
35116592638825,09:45:16.592,3.6600,100
35116592638825,09:45:16.592,3.6800,37
35123367079206,09:45:23.367,3.6700,500
35123368152296,09:45:23.368,3.6700,50
35123877307235,09:45:23.877,3.6100,1000
35124496435061,09:45:24.496,3.6000,300
35124496435061,09:45:24.496,3.6000,1200
35125165197266,09:45:25.165,3.6000,300
35125165197266,09:45:25.165,3.6000,1200
35125669200902,09:45:25.669,3.5600,200
35125673557881,09:45:25.673,3.5600,1800
35127102138821,09:45:27.102,3.5200,100
35127102138821,09:45:27.102,3.5200,250
35127114410195,09:45:27.114,3.5100,100
35127114410195,09:45:27.114,3.5100,100
35127561278463,09:45:27.561,3.5100,400
35127561278463,09:45:27.561,3.5100,924
35127561278463,09:45:27.561,3.5100,100
35128164927827,09:45:28.164,3.5000,289
35128164927827,09:45:28.164,3.5000,300
35128164927827,09:45:28.164,3.5000,100
35128164927827,09:45:28.164,3.5000,1
35128164927827,09:45:28.164,3.5000,500
35128164927827,09:45:28.164,3.5000,310
35128177621333,09:45:28.177,3.5000,200
35128834658581,09:45:28.834,3.5000,400
35128836343463,09:45:28.836,3.5000,100
35129827772508,09:45:29.827,3.5000,2000
35129838589958,09:45:29.838,3.5000,200
35131084603342,09:45:31.084,3.5200,100
35131084640995,09:45:31.084,3.5200,50
35131184698663,09:45:31.184,3.5300,100
35133283391761,09:45:33.283,3.5300,100
35141298383023,09:45:41.298,3.5300,500
35141298383023,09:45:41.298,3.5000,1500
35143259949435,09:45:43.259,3.5300,100
35143268850369,09:45:43.268,3.5300,100
35145907421392,09:45:45.907,3.5200,100
35146673210672,09:45:46.673,3.5100,100
35147398716122,09:45:47.398,3.5000,290
35147398716122,09:45:47.398,3.5000,516
35147398716122,09:45:47.398,3.5000,200
35147398716122,09:45:47.398,3.5000,100
35147398716122,09:45:47.398,3.5000,100
35147398716122,09:45:47.398,3.5000,49
35147398716122,09:45:47.398,3.5000,800
35148206544067,09:45:48.206,3.5000,100
35148206544067,09:45:48.206,3.5000,100
35148206544067,09:45:48.206,3.5000,900
35148207447151,09:45:48.207,3.5000,100
35148207447151,09:45:48.207,3.5000,100
35148207454481,09:45:48.207,3.5000,200
35148207476351,09:45:48.207,3.5000,200
35148207476351,09:45:48.207,3.5000,200
35148208164672,09:45:48.208,3.4900,100
35149863143285,09:45:49.863,3.4500,100
35150876409613,09:45:50.876,3.4100,500
35150876409613,09:45:50.876,3.4100,100
35153119361430,09:45:53.119,3.4200,200
35153690016883,09:45:53.690,3.4750,100
35153693014056,09:45:53.693,3.4750,100
35153693511808,09:45:53.693,3.4900,40
35153699771267,09:45:53.699,3.4750,100
35153699771267,09:45:53.699,3.5000,30
35153706539032,09:45:53.706,3.5050,30
35157426192785,09:45:57.426,3.5050,70
35157426254412,09:45:57.426,3.5500,40
35157606147928,09:45:57.606,3.5500,30
35157629205989,09:45:57.629,3.5600,70
35157629205989,09:45:57.629,3.5600,30
35159838766797,09:45:59.838,3.5850,100
35159840378773,09:45:59.840,3.6000,100
35159841869682,09:45:59.841,3.6000,100
35159843253912,09:45:59.843,3.6000,100
35159844795352,09:45:59.844,3.6000,100
35159846180498,09:45:59.846,3.6000,100
35159847547168,09:45:59.847,3.6000,100
35159848978870,09:45:59.848,3.6000,100
35159850318941,09:45:59.850,3.6000,100
35159851628679,09:45:59.851,3.6000,90
35160109680572,09:46:00.109,3.5850,10
35160149834308,09:46:00.149,3.5850,100
35160153014352,09:46:00.153,3.5850,100
35160213151809,09:46:00.213,3.5850,100
35160305629836,09:46:00.305,3.5850,100
35160308977949,09:46:00.308,3.5850,70
35161680557555,09:46:01.680,3.5500,3160
35161680557555,09:46:01.680,3.5500,100
35162426258412,09:46:02.426,3.4800,100
35162426258412,09:46:02.426,3.4700,100
35162429935860,09:46:02.429,3.4700,200
35162433427855,09:46:02.433,3.4700,100
35163107276092,09:46:03.107,3.4700,200
35163110993926,09:46:03.110,3.4700,400
35163110993926,09:46:03.110,3.4700,400
35163870918776,09:46:03.870,3.4500,200
35166078590846,09:46:06.078,3.4700,100
35166078590846,09:46:06.078,3.4700,400
35170314572579,09:46:10.314,3.4700,100
35170314572579,09:46:10.314,3.4700,300
35171020421960,09:46:11.020,3.5900,100
35171020484216,09:46:11.020,3.5900,100
35171020485501,09:46:11.020,3.5900,100
35171020533647,09:46:11.020,3.5900,100
35171020543951,09:46:11.020,3.5900,100
35171020557908,09:46:11.020,3.5900,100
35171023348513,09:46:11.023,3.5900,400
35171106882914,09:46:11.106,3.4900,100
35171106882914,09:46:11.106,3.4800,100
35171117188724,09:46:11.117,3.4700,100
35171934654488,09:46:11.934,3.4700,100
35171934654488,09:46:11.934,3.4700,400
35171937126765,09:46:11.937,3.4700,100
35177468137226,09:46:17.468,3.4800,500
35177468137226,09:46:17.468,3.4700,100
35177468137226,09:46:17.468,3.4700,100
35178489629059,09:46:18.489,3.4800,10
35178489629059,09:46:18.489,3.4700,100
35178489629059,09:46:18.489,3.4700,600
35179226677626,09:46:19.226,3.4500,100
35179798094133,09:46:19.798,3.4200,100
35180895013947,09:46:20.895,3.4700,100
35180895013947,09:46:20.895,3.4700,1000
35181912494192,09:46:21.912,3.4000,200
35181912494192,09:46:21.912,3.4000,100
35190077370806,09:46:30.077,3.4900,100
35190077370806,09:46:30.077,3.4900,100
35190077370806,09:46:30.077,3.5000,830
35193764809822,09:46:33.764,3.5200,200
35194545570376,09:46:34.545,3.5000,200
35194545570376,09:46:34.545,3.5000,1300
35195214653290,09:46:35.214,3.5000,140
35196028712137,09:46:36.028,3.4500,900
35196028712137,09:46:36.028,3.4500,100
35199176426136,09:46:39.176,3.5000,37
35199554086596,09:46:39.554,3.5000,13
35200503960494,09:46:40.503,3.4950,100
35200506493631,09:46:40.506,3.5500,100
35200506493631,09:46:40.506,3.5500,100
35200507209811,09:46:40.507,3.5500,100
35200508264461,09:46:40.508,3.5500,100
35200509324061,09:46:40.509,3.5500,100
35200509371393,09:46:40.509,3.5500,80
35200509426728,09:46:40.509,3.5500,100
35200625490753,09:46:40.625,3.5500,100
35202078489988,09:46:42.078,3.5700,100
35202078489988,09:46:42.078,3.5600,100
35202184255732,09:46:42.184,3.5600,100
35202328442003,09:46:42.328,3.5600,100
35203878144269,09:46:43.878,3.5800,200
35203880015801,09:46:43.880,3.5900,100
35203882580449,09:46:43.882,3.6000,100
35203992768570,09:46:43.992,3.5600,100
35204006265144,09:46:44.006,3.5600,100
35204006265144,09:46:44.006,3.5500,9800
35204270812456,09:46:44.270,3.5500,3420
35209286215623,09:46:49.286,3.5200,100
35209286215623,09:46:49.286,3.5200,513
35215728201673,09:46:55.728,3.5000,400
35215728201673,09:46:55.728,3.5000,100
35215748996933,09:46:55.748,3.5000,100
35215748996933,09:46:55.748,3.5000,400
35216316640808,09:46:56.316,3.5000,100
35216316640808,09:46:56.316,3.5000,400
35216316640808,09:46:56.316,3.5000,800
35216337363542,09:46:56.337,3.5000,100
35216337363542,09:46:56.337,3.5000,400
35216337363542,09:46:56.337,3.5000,100
35216349488977,09:46:56.349,3.5000,100
35234651057895,09:47:14.651,3.5000,100
35234870781481,09:47:14.870,3.5000,100
35234870781481,09:47:14.870,3.5000,100
35234870781481,09:47:14.870,3.5000,1100
35239068385781,09:47:19.068,3.5000,100
35239068385781,09:47:19.068,3.5000,100
35239068385781,09:47:19.068,3.5000,100
35239068385781,09:47:19.068,3.5000,790
35239069480434,09:47:19.069,3.5000,100
35239069480434,09:47:19.069,3.5000,100
35239069480434,09:47:19.069,3.5000,100
35239069480434,09:47:19.069,3.5000,4700
35239347738110,09:47:19.347,3.5000,100
35239347738110,09:47:19.347,3.5000,100
35239347738110,09:47:19.347,3.5000,100
35239943713522,09:47:19.943,3.5000,100
35239943713522,09:47:19.943,3.5000,100
35239943713522,09:47:19.943,3.5000,100
35239943713522,09:47:19.943,3.5000,270
35240753102559,09:47:20.753,3.4950,100
35241148241190,09:47:21.148,3.5000,90
35241229839569,09:47:21.229,3.5000,10
35241229839569,09:47:21.229,3.5000,100
35241229839569,09:47:21.229,3.5000,100
35241229839569,09:47:21.229,3.5000,200
35241229839569,09:47:21.229,3.5000,100
35241229839569,09:47:21.229,3.5000,8290
35241581872198,09:47:21.581,3.5000,1
35242307340697,09:47:22.307,3.5000,99
35242307340697,09:47:22.307,3.5000,1
35242307340697,09:47:22.307,3.5000,100
35242307340697,09:47:22.307,3.5000,300
35242405430500,09:47:22.405,3.5000,100
35242405430500,09:47:22.405,3.5000,900
35244865101900,09:47:24.865,3.5000,100
35247147928812,09:47:27.147,3.5000,100
35249394181001,09:47:29.394,3.4700,100
35249773713308,09:47:29.773,3.4850,300
35249776152053,09:47:29.776,3.4900,1100
35249776152053,09:47:29.776,3.5000,100
35249776152053,09:47:29.776,3.5000,100
35249776152053,09:47:29.776,3.5000,300
35255322469480,09:47:35.322,3.4900,20
35257157783163,09:47:37.157,3.4800,100
35257159961335,09:47:37.159,3.4700,100
35257159961335,09:47:37.159,3.4700,2300
35257202162701,09:47:37.202,3.4700,100
35257202162701,09:47:37.202,3.4700,100
35257202162701,09:47:37.202,3.4700,100
35257202162701,09:47:37.202,3.4700,100
35258927502226,09:47:38.927,3.4850,300
35259130455658,09:47:39.130,3.5000,100
35259130455658,09:47:39.130,3.5000,100
35259130455658,09:47:39.130,3.5000,900
35259168588525,09:47:39.168,3.5000,100
35259168588525,09:47:39.168,3.5000,100
35259168588525,09:47:39.168,3.5000,100
35259168588525,09:47:39.168,3.5000,100
35259184055580,09:47:39.184,3.5000,100
35259184055580,09:47:39.184,3.5000,100
35261114981554,09:47:41.114,3.5000,100
35261114981554,09:47:41.114,3.5000,100
35261114981554,09:47:41.114,3.5000,4300
35261116818910,09:47:41.116,3.5000,100
35261116818910,09:47:41.116,3.5000,100
35261116818910,09:47:41.116,3.5000,1900
35275713982640,09:47:55.713,3.4700,100
35275713983906,09:47:55.713,3.4700,100
35275845410479,09:47:55.845,3.4600,100
35279480026615,09:47:59.480,3.4600,40
35279480026615,09:47:59.480,3.4500,1000
35279480026615,09:47:59.480,3.4500,100
35279482378125,09:47:59.482,3.4500,40
35279482378125,09:47:59.482,3.4500,100
35282197712520,09:48:02.197,3.4900,10
35283563941375,09:48:03.563,3.5000,100
35283563941375,09:48:03.563,3.5000,100
35283563941375,09:48:03.563,3.5000,100
35283564028128,09:48:03.564,3.5000,100
35283564028128,09:48:03.564,3.5000,100
35283564028128,09:48:03.564,3.5000,11505
35286491778942,09:48:06.491,3.5000,100
35286491778942,09:48:06.491,3.5000,100
35286491778942,09:48:06.491,3.5000,1300
35286515250613,09:48:06.515,3.5000,100
35286515250613,09:48:06.515,3.5000,100
35286515250613,09:48:06.515,3.5000,16320
35286518421547,09:48:06.518,3.5000,100
35286518421547,09:48:06.518,3.5000,100
35286518421547,09:48:06.518,3.5000,600
35286614644991,09:48:06.614,3.4700,300
35287368768431,09:48:07.368,3.4600,100
35287368768431,09:48:07.368,3.4600,400
35288273355865,09:48:08.273,3.4600,100
35288273355865,09:48:08.273,3.4600,200
35288287188682,09:48:08.287,3.4600,50
35289257797558,09:48:09.257,3.4200,1000
35289257797558,09:48:09.257,3.4200,1
35289725353239,09:48:09.725,3.4100,100
35289725353239,09:48:09.725,3.4100,500
35290167053253,09:48:10.167,3.4000,700
35290167053253,09:48:10.167,3.4000,10
35290167053253,09:48:10.167,3.4000,100
35290540738269,09:48:10.540,3.3900,100
35290540738269,09:48:10.540,3.3900,100
35290541409195,09:48:10.541,3.3800,500
35292682309093,09:48:12.682,3.3800,500
35293077949221,09:48:13.077,3.4000,200
35293082464425,09:48:13.082,3.4000,50
35293423530882,09:48:13.423,3.3700,2000
35295557461822,09:48:15.557,3.4000,250
35300667367166,09:48:20.667,3.3600,500
35300667367166,09:48:20.667,3.3600,300
35300667367166,09:48:20.667,3.3600,1
35301031220045,09:48:21.031,3.3500,500
35301068305632,09:48:21.068,3.3500,100
35301999364369,09:48:21.999,3.3500,200
35304036328444,09:48:24.036,3.4250,200
35306240883419,09:48:26.240,3.4300,100
35309243512432,09:48:29.243,3.4400,100
35309867550807,09:48:29.867,3.4400,30
35312913688474,09:48:32.913,3.4400,70
35312913688474,09:48:32.913,3.4400,30
35313163050636,09:48:33.163,3.4300,100
35313163050636,09:48:33.163,3.4300,2100
35317195023594,09:48:37.195,3.3600,99
35318404868286,09:48:38.404,3.3600,376
35319221130875,09:48:39.221,3.3500,1000
35319221130875,09:48:39.221,3.3500,100
35319221130875,09:48:39.221,3.3500,50
35320947293422,09:48:40.947,3.3400,1287
35320947293422,09:48:40.947,3.3400,1
35323120520573,09:48:43.120,3.4000,2750
35324166950129,09:48:44.166,3.4400,70
35324166950129,09:48:44.166,3.4400,100
35324166950129,09:48:44.166,3.4400,1
35324166950129,09:48:44.166,3.4400,829
35324327355047,09:48:44.327,3.4000,1350
35324352234899,09:48:44.352,3.4200,30
35324352234899,09:48:44.352,3.4400,100
35324352234899,09:48:44.352,3.4400,1070
35324364254931,09:48:44.364,3.4400,100
35324380256314,09:48:44.380,3.4400,100
35324396380778,09:48:44.396,3.4400,100
35324412275696,09:48:44.412,3.4400,100
35324428291109,09:48:44.428,3.4400,100
35324444161141,09:48:44.444,3.4400,100
35324460115296,09:48:44.460,3.4400,100
35324476089607,09:48:44.476,3.4400,100
35324492203467,09:48:44.492,3.4400,100
35324508156269,09:48:44.508,3.4400,100
35324524417349,09:48:44.524,3.4400,100
35324542288831,09:48:44.542,3.4400,100
35324558060517,09:48:44.558,3.4400,100
35324574350580,09:48:44.574,3.4400,100
35324590024358,09:48:44.590,3.4400,100
35324606186681,09:48:44.606,3.4400,100
35324621936711,09:48:44.621,3.4400,100
35324637961382,09:48:44.637,3.4400,100
35324834079781,09:48:44.834,3.4400,100
35325204611701,09:48:45.204,3.4100,30
35325966954728,09:48:45.966,3.3600,200
35326002446027,09:48:46.002,3.4400,100
35326002446027,09:48:46.002,3.4400,100
35326252722865,09:48:46.252,3.3600,100
35326285802072,09:48:46.285,3.4400,100
35326285802072,09:48:46.285,3.4400,300
35326576344720,09:48:46.576,3.4300,100
35326576344720,09:48:46.576,3.4400,100
35326576344720,09:48:46.576,3.4400,200
35327212352874,09:48:47.212,3.4300,100
35327212352874,09:48:47.212,3.4400,100
35327383485882,09:48:47.383,3.3600,100
35327401582317,09:48:47.401,3.4400,100
35327401582317,09:48:47.401,3.4400,100
35330390870168,09:48:50.390,3.4400,100
35337800645312,09:48:57.800,3.4100,100
35342293344132,09:49:02.293,3.4400,60
35347629165573,09:49:07.629,3.4000,180
35347629165573,09:49:07.629,3.4400,40
35347629165573,09:49:07.629,3.4400,120
35358659214272,09:49:18.659,3.4400,100
35358659214272,09:49:18.659,3.4400,200
35358659214272,09:49:18.659,3.4400,150
35358659902921,09:49:18.659,3.4400,50
35358666127338,09:49:18.666,3.4400,50
35358666127338,09:49:18.666,3.4400,100
35358666127338,09:49:18.666,3.4400,150
35365583768848,09:49:25.583,3.4250,50
35366042436208,09:49:26.042,3.4250,50
35367207520683,09:49:27.207,3.4300,100
35367777191192,09:49:27.777,3.4400,100
35367777191192,09:49:27.777,3.4400,70
35368381350099,09:49:28.381,3.4300,100
35368381350099,09:49:28.381,3.4400,100
35368486461723,09:49:28.486,3.4400,100
35368486461723,09:49:28.486,3.4400,1000
35368839231210,09:49:28.839,3.4000,20
35368839231210,09:49:28.839,3.4000,155
35372681995877,09:49:32.681,3.4200,100
35373433801691,09:49:33.433,3.4000,1845
35373454479240,09:49:33.454,3.4200,30
35373454479240,09:49:33.454,3.4400,70
35373456010989,09:49:33.456,3.4400,30
35373456010989,09:49:33.456,3.4400,100
35373456010989,09:49:33.456,3.4400,70
35374248843550,09:49:34.248,3.4000,30
35374248843550,09:49:34.248,3.3700,100
35374248843550,09:49:34.248,3.3600,400
35374248843550,09:49:34.248,3.3600,20
35374248843550,09:49:34.248,3.3600,600
35374644099356,09:49:34.644,3.3950,100
35375252429529,09:49:35.252,3.3950,100
35375786590550,09:49:35.786,3.3500,600
35378513080499,09:49:38.513,3.4400,100
35378525920108,09:49:38.525,3.4400,100
35378525998106,09:49:38.525,3.4400,100
35378526967301,09:49:38.526,3.4400,100
35378526967301,09:49:38.526,3.4400,600
35378542505957,09:49:38.542,3.4400,100
35378543052762,09:49:38.543,3.4400,100
35378543075236,09:49:38.543,3.4400,200
35378557938637,09:49:38.557,3.4400,100
35378557972507,09:49:38.557,3.4400,600
35378558735670,09:49:38.558,3.4300,200
35378561898706,09:49:38.561,3.4300,500
35378562447113,09:49:38.562,3.4300,100
35378568594679,09:49:38.568,3.4300,200
35378578758833,09:49:38.578,3.4400,100
35378578799465,09:49:38.578,3.4400,300
35378594445954,09:49:38.594,3.4400,100
35378594482040,09:49:38.594,3.4400,400
35378595106889,09:49:38.595,3.4400,100
35378607488824,09:49:38.607,3.4400,100
35378607521312,09:49:38.607,3.4400,200
35378622522836,09:49:38.622,3.4400,100
35378622561960,09:49:38.622,3.4400,300
35378635320173,09:49:38.635,3.4400,100
35378635351255,09:49:38.635,3.4400,100
35378791729145,09:49:38.791,3.4000,300
35378810834100,09:49:38.810,3.4200,30
35378810834100,09:49:38.810,3.4400,100
35378810834100,09:49:38.810,3.4400,770
35379929065843,09:49:39.929,3.4100,30
35383755518781,09:49:43.755,3.4450,70
35418756141713,09:50:18.756,3.4750,500
35424018126781,09:50:24.018,3.4750,1200
35424018126781,09:50:24.018,3.4900,100
35424018126781,09:50:24.018,3.4900,131
35428871419004,09:50:28.871,3.4750,100
35430857548009,09:50:30.857,3.4700,200
35430875174054,09:50:30.875,3.4700,200
35430890911521,09:50:30.890,3.4700,200
35431280370286,09:50:31.280,3.4700,30
35431285048523,09:50:31.285,3.4600,100
35432270792797,09:50:32.270,3.4700,100
35446997721637,09:50:46.997,3.4600,100
35458125920153,09:50:58.125,3.4800,200
35462832712438,09:51:02.832,3.4700,100
35462833813644,09:51:02.833,3.4700,100
35462833867904,09:51:02.833,3.4700,900
35464102061589,09:51:04.102,3.4750,100
35464198143070,09:51:04.198,3.4750,1000
35464225195539,09:51:04.225,3.4750,200
35464838451874,09:51:04.838,3.4750,100
35467524216973,09:51:07.524,3.4750,100
35467524216973,09:51:07.524,3.4800,100
35468888790268,09:51:08.888,3.4750,100
35469686492593,09:51:09.686,3.4750,100
35469686492593,09:51:09.686,3.4800,100
35469826415730,09:51:09.826,3.4800,100
35471806214230,09:51:11.806,3.4750,100
35472339549634,09:51:12.339,3.4800,100
35473217995390,09:51:13.217,3.4800,200
35473217995390,09:51:13.217,3.4800,100
35473252381367,09:51:13.252,3.4900,100
35473535003521,09:51:13.535,3.4900,200
35473655654668,09:51:13.655,3.4900,269
35473681477429,09:51:13.681,3.4900,40
35473715215660,09:51:13.715,3.5000,200
35473742574321,09:51:13.742,3.5000,100
35474198797408,09:51:14.198,3.5000,500
35474971682171,09:51:14.971,3.5300,100
35474973489061,09:51:14.973,3.5400,100
35474974776158,09:51:14.974,3.5400,100
35474977511445,09:51:14.977,3.5400,300
35475461347436,09:51:15.461,3.5850,90
35476115509233,09:51:16.115,3.5850,10
35476115509233,09:51:16.115,3.5850,200
35476115509233,09:51:16.115,3.5700,100
35476119242431,09:51:16.119,3.4900,100
35476119473391,09:51:16.119,3.4900,100
35476121295250,09:51:16.121,3.4800,300
35476121295250,09:51:16.121,3.4700,1752
35476121295250,09:51:16.121,3.4700,600
35476124508394,09:51:16.124,3.4500,20
35476124508394,09:51:16.124,3.4500,200
35476125120937,09:51:16.125,3.4300,80
35476136910273,09:51:16.136,3.4600,500
35476136910273,09:51:16.136,3.4600,400
35476159744244,09:51:16.159,3.4600,100
35476249868457,09:51:16.249,3.4600,400
35476249868457,09:51:16.249,3.4600,700
35476250809496,09:51:16.250,3.4600,500
35476250809496,09:51:16.250,3.4600,400
35476268899890,09:51:16.268,3.5700,100
35477793034654,09:51:17.793,3.5850,100
35478503942709,09:51:18.503,3.5850,100
35480009135298,09:51:20.009,3.5700,100
35486841231945,09:51:26.841,3.5700,100
35486863181345,09:51:26.863,3.5500,100
35486863181345,09:51:26.863,3.5500,900
35488560650789,09:51:28.560,3.5500,100
35488560650789,09:51:28.560,3.5500,200
35498040264493,09:51:38.040,3.5500,100
35498040264493,09:51:38.040,3.5500,100
35500163016620,09:51:40.163,3.5400,200
35500167851487,09:51:40.167,3.5500,100
35500167851487,09:51:40.167,3.5500,300
35500167851487,09:51:40.167,3.5500,100
35500167851487,09:51:40.167,3.5500,388
35500185202150,09:51:40.185,3.5500,100
35506191490072,09:51:46.191,3.5500,100
35506191490072,09:51:46.191,3.5500,500
35506820785341,09:51:46.820,3.5400,1000
35506820785341,09:51:46.820,3.5000,350
35506820785341,09:51:46.820,3.5000,100
35506820785341,09:51:46.820,3.5000,100
35506820785341,09:51:46.820,3.5000,200
35506828194764,09:51:46.828,3.5000,100
35506836717548,09:51:46.836,3.5000,100
35506836732912,09:51:46.836,3.5000,200
35507535412618,09:51:47.535,3.5000,100
35507535412618,09:51:47.535,3.5000,70
35508516129831,09:51:48.516,3.5000,100
35508516129831,09:51:48.516,3.5000,300
35513119972127,09:51:53.119,3.5000,100
35513119972127,09:51:53.119,3.5000,52
35513120514353,09:51:53.120,3.5000,100
35513120514353,09:51:53.120,3.5000,323
35513677308174,09:51:53.677,3.5000,100
35513677308174,09:51:53.677,3.5000,200
35513686270978,09:51:53.686,3.5000,100
35517645853581,09:51:57.645,3.5000,100
35517645853581,09:51:57.645,3.5000,110
35518344964857,09:51:58.344,3.5000,100
35518344964857,09:51:58.344,3.5000,400
35518349053039,09:51:58.349,3.5000,100
35521414462836,09:52:01.414,3.5000,90
35521433325031,09:52:01.433,3.5000,10
35521433325031,09:52:01.433,3.5000,100
35521433365351,09:52:01.433,3.5000,1400
35521434179797,09:52:01.434,3.5000,100
35521434179797,09:52:01.434,3.5000,390
35522637500302,09:52:02.637,3.5000,100
35522828860432,09:52:02.828,3.5000,100
35524571499639,09:52:04.571,3.5000,100
35524571499639,09:52:04.571,3.5000,30
35524596759486,09:52:04.596,3.5000,100
35524596759486,09:52:04.596,3.5000,100
35526066670413,09:52:06.066,3.5000,100
35526084077632,09:52:06.084,3.5000,100
35526092440869,09:52:06.092,3.5000,100
35526101837862,09:52:06.101,3.5000,100
35526108344515,09:52:06.108,3.5000,100
35526111894294,09:52:06.111,3.5000,100
35526116549261,09:52:06.116,3.5000,100
35526119831745,09:52:06.119,3.5000,100
35526129116635,09:52:06.129,3.5000,100
35526139279882,09:52:06.139,3.5000,100
35526142427533,09:52:06.142,3.5000,100
35526145106463,09:52:06.145,3.5000,100
35526150698050,09:52:06.150,3.5000,100
35526155228671,09:52:06.155,3.5000,100
35526162968719,09:52:06.162,3.5000,100
35526170075012,09:52:06.170,3.5000,100
35526175402642,09:52:06.175,3.5000,100
35526177311678,09:52:06.177,3.5000,100
35526180546431,09:52:06.180,3.5000,100
35526185451141,09:52:06.185,3.5000,100
35526189637658,09:52:06.189,3.5000,100
35526195111863,09:52:06.195,3.5000,100
35526201673309,09:52:06.201,3.5000,100
35526208293081,09:52:06.208,3.5000,100
35526214871956,09:52:06.214,3.5000,100
35526220035001,09:52:06.220,3.5000,100
35526220035001,09:52:06.220,3.5000,100
35526220168798,09:52:06.220,3.5000,100
35526225852257,09:52:06.225,3.5000,100
35526226560005,09:52:06.226,3.5000,100
35526228486471,09:52:06.228,3.5000,100
35526231932854,09:52:06.231,3.5000,100
35526236090653,09:52:06.236,3.5000,100
35526239485137,09:52:06.239,3.5000,100
35526242279820,09:52:06.242,3.5000,100
35526245434191,09:52:06.245,3.5000,100
35526248407002,09:52:06.248,3.5000,100
35526252986793,09:52:06.252,3.5000,100
35526254663118,09:52:06.254,3.5000,100
35526261965350,09:52:06.261,3.5000,100
35526266881908,09:52:06.266,3.5000,100
35526268351816,09:52:06.268,3.5000,100
35526271859968,09:52:06.271,3.5000,100
35526277664385,09:52:06.277,3.5000,100
35526283015440,09:52:06.283,3.5000,100
35526284991035,09:52:06.284,3.5000,100
35526288003092,09:52:06.288,3.5000,100
35526294404405,09:52:06.294,3.5000,100
35526297171379,09:52:06.297,3.5000,100
35526301218024,09:52:06.301,3.5000,100
35526305445175,09:52:06.305,3.5000,100
35526307166242,09:52:06.307,3.5000,100
35526308518806,09:52:06.308,3.5000,100
35526310470594,09:52:06.310,3.5000,100
35526313538675,09:52:06.313,3.5000,100
35526315579052,09:52:06.315,3.5000,100
35526317202973,09:52:06.317,3.5000,100
35526318494115,09:52:06.318,3.5000,100
35526330182727,09:52:06.330,3.5000,100
35526331609154,09:52:06.331,3.5000,100
35526333555013,09:52:06.333,3.5000,100
35526343620951,09:52:06.343,3.5000,100
35526347833581,09:52:06.347,3.5000,100
35526349686685,09:52:06.349,3.5000,100
35526356041491,09:52:06.356,3.5000,100
35526408467475,09:52:06.408,3.5000,100
35526420592181,09:52:06.420,3.5000,100
35526426620581,09:52:06.426,3.5000,100
35526429108986,09:52:06.429,3.5000,100
35526430394278,09:52:06.430,3.5000,100
35526455023152,09:52:06.455,3.5000,100
35526483680871,09:52:06.483,3.5000,100
35526486990166,09:52:06.486,3.5000,100
35526490197264,09:52:06.490,3.5000,100
35526491544239,09:52:06.491,3.5000,100
35526530037300,09:52:06.530,3.5000,100
35526613320548,09:52:06.613,3.5000,100
35526613345991,09:52:06.613,3.5000,300
35526613978790,09:52:06.613,3.5000,100
35526705274784,09:52:06.705,3.5000,100
35526710094118,09:52:06.710,3.5000,100
35526712528373,09:52:06.712,3.5000,100
35526714016140,09:52:06.714,3.5000,100
35526746124454,09:52:06.746,3.5000,100
35527551108570,09:52:07.551,3.5000,100
35527551108570,09:52:07.551,3.5000,75
35527804539974,09:52:07.804,3.5000,75
35528761868386,09:52:08.761,3.5000,25
35528761868386,09:52:08.761,3.5000,25
35528761868386,09:52:08.761,3.5000,50
35528777203094,09:52:08.777,3.4900,100
35529751525486,09:52:09.751,3.4800,1100
35529751525486,09:52:09.751,3.4800,100
35530212168528,09:52:10.212,3.4500,192
35531110086177,09:52:11.110,3.4500,15
35531110086177,09:52:11.110,3.4500,94
35532153309598,09:52:12.153,3.4500,150
35541755251137,09:52:21.755,3.4600,200
35541760500577,09:52:21.760,3.5000,50
35541760500577,09:52:21.760,3.5000,100
35541760500577,09:52:21.760,3.5000,1250
35551638815043,09:52:31.638,3.5000,100
35551638815043,09:52:31.638,3.5000,900
35551658884851,09:52:31.658,3.5000,100
35551678717373,09:52:31.678,3.5000,100
35551696573339,09:52:31.696,3.5000,100
35551712530765,09:52:31.712,3.5000,100
35551730569671,09:52:31.730,3.5000,100
35551748742826,09:52:31.748,3.5000,100
35551767399959,09:52:31.767,3.5000,100
35551786772431,09:52:31.786,3.5000,100
35551804696788,09:52:31.804,3.5000,100
35551822801088,09:52:31.822,3.5000,100
35551840874641,09:52:31.840,3.5000,100
35551858987450,09:52:31.858,3.5000,100
35551876785978,09:52:31.876,3.5000,100
35551894708926,09:52:31.894,3.5000,100
35551912936857,09:52:31.912,3.5000,100
35551930991281,09:52:31.930,3.5000,100
35551948995351,09:52:31.948,3.5000,100
35551964815587,09:52:31.964,3.5000,100
35551981706009,09:52:31.981,3.5000,100
35566670063861,09:52:46.670,3.5000,100
35566670063861,09:52:46.670,3.5000,200
35573642883353,09:52:53.642,3.4600,300
35573642883353,09:52:53.642,3.4600,100
35573642883353,09:52:53.642,3.4600,600
35592049845703,09:53:12.049,3.4500,106
35592049845703,09:53:12.049,3.4500,200
35592959161104,09:53:12.959,3.4200,500
35592959161104,09:53:12.959,3.4200,149
35595471712821,09:53:15.471,3.4100,1
35595471712821,09:53:15.471,3.4100,199
35595484220224,09:53:15.484,3.4100,100
35595914703224,09:53:15.914,3.4000,1500
35595914703224,09:53:15.914,3.4000,500
35595914703224,09:53:15.914,3.4000,300
35595914703224,09:53:15.914,3.4000,1419
35596383595568,09:53:16.383,3.4000,3581
35596383595568,09:53:16.383,3.4000,300
35596383595568,09:53:16.383,3.4000,100
35596383595568,09:53:16.383,3.4000,1000
35599888801410,09:53:19.888,3.4000,1400
35600888046413,09:53:20.888,3.4100,500
35600888046413,09:53:20.888,3.4000,1400
35601985336838,09:53:21.985,3.3800,5000
35607030431383,09:53:27.030,3.3600,500
35607030431383,09:53:27.030,3.3600,500
35607030431383,09:53:27.030,3.3500,100
35607030431383,09:53:27.030,3.3500,500
35607030431383,09:53:27.030,3.3500,740
35607913667243,09:53:27.913,3.3500,260
35607913667243,09:53:27.913,3.3500,724
35607913667243,09:53:27.913,3.3500,16
35607918125132,09:53:27.918,3.3500,800
35607918125132,09:53:27.918,3.3500,25
35608735763742,09:53:28.735,3.3500,1100
35609221255525,09:53:29.221,3.3300,40
35609221255525,09:53:29.221,3.3300,100
35609221255525,09:53:29.221,3.3300,450
35609221255525,09:53:29.221,3.3300,900
35609729654374,09:53:29.729,3.3500,10
35609880148565,09:53:29.880,3.4500,300
35609880148565,09:53:29.880,3.4500,100
35609880148565,09:53:29.880,3.4500,100
35609969067648,09:53:29.969,3.3500,90
35609969067648,09:53:29.969,3.3300,100
35609969067648,09:53:29.969,3.3200,100
35609969067648,09:53:29.969,3.3100,310
35609970618876,09:53:29.970,3.3100,190
35609970618876,09:53:29.970,3.3100,100
35609972593922,09:53:29.972,3.3100,1
35609972593922,09:53:29.972,3.3000,300
35609972593922,09:53:29.972,3.3000,199
35609972613534,09:53:29.972,3.3000,500
35626530084458,09:53:46.530,3.4000,50
35626567181071,09:53:46.567,3.4000,100
35626567181071,09:53:46.567,3.4000,2400
35627227537709,09:53:47.227,3.4000,100
35627227537709,09:53:47.227,3.4000,2200
35627748210523,09:53:47.748,3.4000,100
35627748210523,09:53:47.748,3.4000,400
35630805775283,09:53:50.805,3.3900,100
35633191448623,09:53:53.191,3.3900,100
35633936253441,09:53:53.936,3.3900,100
35633936287878,09:53:53.936,3.4000,100
35633936287878,09:53:53.936,3.4000,2300
35633937254679,09:53:53.937,3.4000,100
35633937254679,09:53:53.937,3.4000,700
35634743846361,09:53:54.743,3.3800,16
35638606210275,09:53:58.606,3.4000,100
35638606210275,09:53:58.606,3.4000,200
35653438110648,09:54:13.438,3.4000,100
35653438110648,09:54:13.438,3.4000,200
35653438110648,09:54:13.438,3.4000,200
35653438154730,09:54:13.438,3.4000,12600
35653439946467,09:54:13.439,3.4000,100
35653439946467,09:54:13.439,3.4000,4300
35653456030175,09:54:13.456,3.4000,100
35653456071598,09:54:13.456,3.4000,200
35662215816306,09:54:22.215,3.4000,100
35662215816306,09:54:22.215,3.4000,400
35668915016573,09:54:28.915,3.3900,400
35668916468187,09:54:28.916,3.3900,100
35669921908057,09:54:29.921,3.4000,300
35669921908057,09:54:29.921,3.4000,100
35669921908057,09:54:29.921,3.4000,45
35669921908057,09:54:29.921,3.4000,555
35670448486176,09:54:30.448,3.3600,1
35670448486176,09:54:30.448,3.3500,100
35670448486176,09:54:30.448,3.3500,65
35672326395802,09:54:32.326,3.3100,300
35672326395802,09:54:32.326,3.3100,500
35674499026044,09:54:34.499,3.3100,100
35675313891724,09:54:35.313,3.3200,500
35676126313300,09:54:36.126,3.3200,400
35676126313300,09:54:36.126,3.3000,1801
35676126313300,09:54:36.126,3.3000,500
35676126313300,09:54:36.126,3.3000,584
35676900170281,09:54:36.900,3.3000,1116
35676900170281,09:54:36.900,3.3000,1000
35676900170281,09:54:36.900,3.3000,500
35676900170281,09:54:36.900,3.3000,100
35677921841735,09:54:37.921,3.2800,800
35677921841735,09:54:37.921,3.2800,200
35678049882431,09:54:38.049,3.2800,800
35678049882431,09:54:38.049,3.2800,100
35678051458878,09:54:38.051,3.2800,100
35678358189626,09:54:38.358,3.3500,100
35678358189626,09:54:38.358,3.3600,100
35678358189626,09:54:38.358,3.3600,100
35678358189626,09:54:38.358,3.3700,200
35678358189626,09:54:38.358,3.3700,500
35678440308235,09:54:38.440,3.2800,100
35678440308235,09:54:38.440,3.2800,1
35678440308235,09:54:38.440,3.2800,700
35679539650749,09:54:39.539,3.2700,50
35679563249936,09:54:39.563,3.2600,100
35679563249936,09:54:39.563,3.2600,500
35679565156685,09:54:39.565,3.2600,1
35679565156685,09:54:39.565,3.2600,1
35679565156685,09:54:39.565,3.2500,200
35679565156685,09:54:39.565,3.2500,798
35680434020871,09:54:40.434,3.2900,100
35680434247526,09:54:40.434,3.2900,100
35680434247526,09:54:40.434,3.2500,135
35681638399173,09:54:41.638,3.3000,50
35681638399173,09:54:41.638,3.3000,50
35683137964018,09:54:43.137,3.3000,50
35683137964018,09:54:43.137,3.2900,100
35683137964018,09:54:43.137,3.2800,100
35683137964018,09:54:43.137,3.2800,200
35683440624485,09:54:43.440,3.2800,100
35683557623567,09:54:43.557,3.3000,100
35683557623567,09:54:43.557,3.2800,100
35683871617725,09:54:43.871,3.2500,567
35683871617725,09:54:43.871,3.2500,100
35683871617725,09:54:43.871,3.2500,100
35683871617725,09:54:43.871,3.2500,1
35683871617725,09:54:43.871,3.2500,832
35692091247430,09:54:52.091,3.3200,200
35695508312057,09:54:55.508,3.3400,100
35695508312057,09:54:55.508,3.3500,300
35701537585235,09:55:01.537,3.3900,500
35701537585235,09:55:01.537,3.4000,100
35701537585235,09:55:01.537,3.4000,500
35701537585235,09:55:01.537,3.4000,800
35701539347602,09:55:01.539,3.4000,100
35701539347602,09:55:01.539,3.4000,1100
35702401847650,09:55:02.401,3.3000,100
35702401847650,09:55:02.401,3.3000,300
35703246451110,09:55:03.246,3.3000,100
35704139101327,09:55:04.139,3.3200,100
35704143688874,09:55:04.143,3.2900,100
35704969709417,09:55:04.969,3.3000,20
35704969709417,09:55:04.969,3.2800,30
35704969709417,09:55:04.969,3.2600,100
35704969709417,09:55:04.969,3.2500,268
35704969709417,09:55:04.969,3.2500,300
35704969709417,09:55:04.969,3.2500,85
35713939272181,09:55:13.939,3.3200,300
35716432024988,09:55:16.432,3.3000,200
35716878683964,09:55:16.878,3.3000,100
35716878683964,09:55:16.878,3.3000,223
35716879225231,09:55:16.879,3.3000,300
35716879225231,09:55:16.879,3.3000,359
35716879800163,09:55:16.879,3.3000,100
35719222912399,09:55:19.222,3.3000,200
35719222977091,09:55:19.222,3.3000,200
35719236340083,09:55:19.236,3.3000,100
35719236393485,09:55:19.236,3.3000,300
35719236393485,09:55:19.236,3.3000,300
35719237074659,09:55:19.237,3.3000,100
35719242027960,09:55:19.242,3.3000,118
35729400434696,09:55:29.400,3.3800,100
35731538121903,09:55:31.538,3.3900,200
35733594564802,09:55:33.594,3.3900,100
35741326763240,09:55:41.326,3.3200,200
35743007936034,09:55:43.007,3.3000,30
35743007936034,09:55:43.007,3.3000,400
35743814776053,09:55:43.814,3.3000,1450
35744296418152,09:55:44.296,3.3000,93
35744296418152,09:55:44.296,3.2900,100
35744296418152,09:55:44.296,3.2900,100
35744919217928,09:55:44.919,3.3100,100
35744919217928,09:55:44.919,3.3100,400
35744919552685,09:55:44.919,3.3000,100
35749324641426,09:55:49.324,3.3200,100
35749324641426,09:55:49.324,3.3200,100
35749329483762,09:55:49.329,3.3200,100
35749350915846,09:55:49.350,3.2800,200
35749350915846,09:55:49.350,3.2700,300
35749350915846,09:55:49.350,3.2700,100
35750062879853,09:55:50.062,3.2900,100
35750062879853,09:55:50.062,3.2900,100
35750672951827,09:55:50.672,3.2500,15
35750672951827,09:55:50.672,3.2500,100
35750672951827,09:55:50.672,3.2500,5
35750672951827,09:55:50.672,3.2500,1955
35751158299148,09:55:51.158,3.2500,2045
35751442875821,09:55:51.442,3.2700,100
35756267163015,09:55:56.267,3.3000,1000
35760937746166,09:56:00.937,3.3800,724
35760937746166,09:56:00.937,3.3800,300
35765505149740,09:56:05.505,3.3000,100
35765505149740,09:56:05.505,3.3000,60
35765505149740,09:56:05.505,3.3000,500
35765505149740,09:56:05.505,3.3000,100
35766771882185,09:56:06.771,3.3200,100
35767659313780,09:56:07.659,3.3000,200
35767663903061,09:56:07.663,3.3000,300
35771015345763,09:56:11.015,3.3300,100
35771015345763,09:56:11.015,3.3400,100
35771015345763,09:56:11.015,3.3500,200
35771015345763,09:56:11.015,3.3500,300
35783642077901,09:56:23.642,3.3300,350
35785112569454,09:56:25.112,3.3000,100
35785112569454,09:56:25.112,3.3000,100
35786169574285,09:56:26.169,3.3000,800
35786169574285,09:56:26.169,3.3000,90
35786197078238,09:56:26.197,3.3300,30
35786197078238,09:56:26.197,3.3400,170
35786887476825,09:56:26.887,3.3000,30
35794164607411,09:56:34.164,3.3000,100
35794164640554,09:56:34.164,3.3000,6000
35794165227495,09:56:34.165,3.3000,100
35794165677652,09:56:34.165,3.3000,100
35794165677652,09:56:34.165,3.3000,2110
35794187862436,09:56:34.187,3.3000,100
35794187862436,09:56:34.187,3.3000,1012
35795680718741,09:56:35.680,3.3000,100
35797205256533,09:56:37.205,3.3000,92
35799065880314,09:56:39.065,3.3000,8
35799065880314,09:56:39.065,3.3000,192
35799092786143,09:56:39.092,3.3000,100
35799100813194,09:56:39.100,3.3000,38
35799100813194,09:56:39.100,3.3000,62
35799102305604,09:56:39.102,3.3000,38
35799102305604,09:56:39.102,3.3000,62
35799102655344,09:56:39.102,3.3000,38
35799102655344,09:56:39.102,3.3000,62
35799104124503,09:56:39.104,3.3000,38
35799104124503,09:56:39.104,3.3000,62
35799111547087,09:56:39.111,3.3000,38
35799111547087,09:56:39.111,3.3000,62
35799113572165,09:56:39.113,3.3000,38
35799113572165,09:56:39.113,3.3000,62
35799115167565,09:56:39.115,3.3000,38
35799115167565,09:56:39.115,3.3000,62
35800743385101,09:56:40.743,3.3000,38
35800743385101,09:56:40.743,3.3000,100
35800743385101,09:56:40.743,3.3000,2862
35800753739903,09:56:40.753,3.3000,100
35800753739903,09:56:40.753,3.3000,900
35805477363093,09:56:45.477,3.3000,100
35806025554587,09:56:46.025,3.2850,100
35806026222070,09:56:46.026,3.2850,100
35806138073583,09:56:46.138,3.3000,100
35806138073583,09:56:46.138,3.3000,60
35814731591541,09:56:54.731,3.3000,100
35814731591541,09:56:54.731,3.3000,100
35814731591541,09:56:54.731,3.3000,300
35817154876946,09:56:57.154,3.3000,200
35819920253407,09:56:59.920,3.3000,50
35820858388490,09:57:00.858,3.3000,950
35820858388490,09:57:00.858,3.3000,100
35820858388490,09:57:00.858,3.3000,250
35821199208580,09:57:01.199,3.3000,100
35821199208580,09:57:01.199,3.3000,104
35821623998094,09:57:01.623,3.3000,100
35821853514318,09:57:01.853,3.3000,100
35821853514318,09:57:01.853,3.3000,600
35824607916703,09:57:04.607,3.3000,100
35824890910077,09:57:04.890,3.3000,100
35824890910077,09:57:04.890,3.3000,500
35824894348046,09:57:04.894,3.3000,100
35824894375866,09:57:04.894,3.3000,100
35824911826109,09:57:04.911,3.3000,100
35824915926144,09:57:04.915,3.3000,100
35824920061837,09:57:04.920,3.3000,100
35824942412776,09:57:04.942,3.3000,100
35824942448060,09:57:04.942,3.3000,300
35824943091058,09:57:04.943,3.3000,100
35826463889710,09:57:06.463,3.3000,100
35828463861816,09:57:08.463,3.3000,100
35828463931569,09:57:08.463,3.3000,100
35828463931569,09:57:08.463,3.3000,800
35829679627965,09:57:09.679,3.3000,100
35829679627965,09:57:09.679,3.3000,25
35829679627965,09:57:09.679,3.3000,75
35830100485610,09:57:10.100,3.3000,100
35830100531768,09:57:10.100,3.3000,16600
35830101572381,09:57:10.101,3.3000,100
35830101572381,09:57:10.101,3.3000,3803
35831044118579,09:57:11.044,3.3200,100
35832294932215,09:57:12.294,3.3200,100
35834274583494,09:57:14.274,3.3500,100
35836699154126,09:57:16.699,3.3250,100
35839789951169,09:57:19.789,3.3500,100
35839789951169,09:57:19.789,3.3500,100
35843776697698,09:57:23.776,3.3500,200
35843776697698,09:57:23.776,3.3500,100
35843776697698,09:57:23.776,3.3500,100
35845080021444,09:57:25.080,3.3500,400
35845080021444,09:57:25.080,3.3500,100
35845080021444,09:57:25.080,3.3500,84
35845080757199,09:57:25.080,3.3500,16
35846862077780,09:57:26.862,3.3450,100
35846862077780,09:57:26.862,3.3500,100
35846862093424,09:57:26.862,3.3500,84
35846862093424,09:57:26.862,3.3500,100
35846862093424,09:57:26.862,3.3500,16
35848115440372,09:57:28.115,3.3500,100
35849154437887,09:57:29.154,3.3500,100
35849174386645,09:57:29.174,3.3500,100
35849194464998,09:57:29.194,3.3500,40
35849194464998,09:57:29.194,3.3500,60
35849214572082,09:57:29.214,3.3500,40
35849214572082,09:57:29.214,3.3500,60
35849234740406,09:57:29.234,3.3500,40
35849234740406,09:57:29.234,3.3500,60
35849254337480,09:57:29.254,3.3500,40
35849254337480,09:57:29.254,3.3500,60
35849272615121,09:57:29.272,3.3500,40
35849272615121,09:57:29.272,3.3500,60
35849292637051,09:57:29.292,3.3500,40
35849292637051,09:57:29.292,3.3500,60
35849312647924,09:57:29.312,3.3500,40
35849312647924,09:57:29.312,3.3500,60
35849332313109,09:57:29.332,3.3500,40
35849332313109,09:57:29.332,3.3500,60
35849348119538,09:57:29.348,3.3500,40
35849348119538,09:57:29.348,3.3500,60
35849366140677,09:57:29.366,3.3500,40
35849366140677,09:57:29.366,3.3500,60
35849384327750,09:57:29.384,3.3500,40
35849384327750,09:57:29.384,3.3500,60
35849400722530,09:57:29.400,3.3500,40
35849400722530,09:57:29.400,3.3500,60
35849423788334,09:57:29.423,3.3500,40
35849423788334,09:57:29.423,3.3500,60
35849442562918,09:57:29.442,3.3500,40
35849442562918,09:57:29.442,3.3500,60
35849462692077,09:57:29.462,3.3500,40
35849462692077,09:57:29.462,3.3500,60
35849482594692,09:57:29.482,3.3500,40
35849482594692,09:57:29.482,3.3500,60
35849502183249,09:57:29.502,3.3500,40
35849502183249,09:57:29.502,3.3500,60
35849520838078,09:57:29.520,3.3500,40
35849520838078,09:57:29.520,3.3500,60
35849540774901,09:57:29.540,3.3500,40
35849540774901,09:57:29.540,3.3500,60
35849561015279,09:57:29.561,3.3500,40
35849561015279,09:57:29.561,3.3500,60
35849588435649,09:57:29.588,3.3500,40
35849588435649,09:57:29.588,3.3500,60
35849606356427,09:57:29.606,3.3500,40
35849606356427,09:57:29.606,3.3500,60
35849624751200,09:57:29.624,3.3500,40
35849624751200,09:57:29.624,3.3500,60
35849644626215,09:57:29.644,3.3500,40
35849644626215,09:57:29.644,3.3500,60
35849662847454,09:57:29.662,3.3500,40
35849662847454,09:57:29.662,3.3500,60
35849683003202,09:57:29.683,3.3500,40
35849683003202,09:57:29.683,3.3500,60
35849700944495,09:57:29.700,3.3500,40
35849700944495,09:57:29.700,3.3500,60
35849720632656,09:57:29.720,3.3500,40
35849720632656,09:57:29.720,3.3500,60
35849738784797,09:57:29.738,3.3500,40
35849738784797,09:57:29.738,3.3500,60
35849758699336,09:57:29.758,3.3500,40
35849758699336,09:57:29.758,3.3500,60
35849776704223,09:57:29.776,3.3500,40
35849776704223,09:57:29.776,3.3500,60
35849796753571,09:57:29.796,3.3500,40
35849796753571,09:57:29.796,3.3500,60
35849815187489,09:57:29.815,3.3500,40
35849815187489,09:57:29.815,3.3500,60
35849834721081,09:57:29.834,3.3500,40
35849834721081,09:57:29.834,3.3500,60
35849850553689,09:57:29.850,3.3500,40
35849850553689,09:57:29.850,3.3500,60
35850199982266,09:57:30.199,3.3500,40
35850199982266,09:57:30.199,3.3500,100
35850199982266,09:57:30.199,3.3500,460
35854885710490,09:57:34.885,3.3400,100
35854895972207,09:57:34.895,3.3500,100
35854895972207,09:57:34.895,3.3500,40
35854896012181,09:57:34.896,3.3500,4400
35854896786436,09:57:34.896,3.3500,100
35854896786436,09:57:34.896,3.3500,1440
35854915935199,09:57:34.915,3.3500,100
35854915981647,09:57:34.915,3.3500,300
35854920038965,09:57:34.920,3.3500,100
35854920072409,09:57:34.920,3.3500,100
35854922605906,09:57:34.922,3.3500,100
35854922646021,09:57:34.922,3.3500,100
35854925405750,09:57:34.925,3.3500,100
35854925434430,09:57:34.925,3.3500,100
35854926841046,09:57:34.926,3.3500,100
35854926875048,09:57:34.926,3.3500,100
35854934724984,09:57:34.934,3.3500,100
35854934761431,09:57:34.934,3.3500,100
35858630186389,09:57:38.630,3.3400,100
35858647956403,09:57:38.647,3.3500,100
35858667983291,09:57:38.667,3.3500,100
35862189094223,09:57:42.189,3.3250,100
35862401138588,09:57:42.401,3.3100,200
35862401138588,09:57:42.401,3.3000,100
35862401138588,09:57:42.401,3.3000,200
35862405571207,09:57:42.405,3.3000,100
35862410022062,09:57:42.410,3.3000,100
35863693797527,09:57:43.693,3.2900,200
35867063422597,09:57:47.063,3.3100,100
35867063422597,09:57:47.063,3.3400,100
35867063422597,09:57:47.063,3.3500,100
35867063422597,09:57:47.063,3.3500,9300
35867064249505,09:57:47.064,3.3500,100
35867064249505,09:57:47.064,3.3500,14000
35869596513103,09:57:49.596,3.3000,88
35869601013113,09:57:49.601,3.3000,100
35878181211857,09:57:58.181,3.3000,100
35878181211857,09:57:58.181,3.3000,100
35878181211857,09:57:58.181,3.3000,1100
35878181344775,09:57:58.181,3.3000,100
35878181344775,09:57:58.181,3.3000,1700
35878186697965,09:57:58.186,3.3000,100
35878186697965,09:57:58.186,3.3000,100
35878192183305,09:57:58.192,3.3000,100
35878197596244,09:57:58.197,3.3000,100
35878202294701,09:57:58.202,3.3000,100
35878202294701,09:57:58.202,3.3000,400
35878206904472,09:57:58.206,3.3000,100
35878212760419,09:57:58.212,3.3000,100
35878970353708,09:57:58.970,3.3000,100
35878970353708,09:57:58.970,3.3000,900
35880783000710,09:58:00.783,3.3000,50
35883329584042,09:58:03.329,3.3000,50
35883329584042,09:58:03.329,3.3000,100
35883329584042,09:58:03.329,3.3000,50
35883329620929,09:58:03.329,3.3000,50
35883329620929,09:58:03.329,3.3000,50
35883329709205,09:58:03.329,3.3000,100
35883329709205,09:58:03.329,3.3000,500
35886621113548,09:58:06.621,3.3000,100
35886621232193,09:58:06.621,3.3000,100
35886621232193,09:58:06.621,3.3000,4000
35886631094557,09:58:06.631,3.3000,100
35886640136361,09:58:06.640,3.3000,100
35886642435230,09:58:06.642,3.3000,100
35886646418575,09:58:06.646,3.3000,100
35886648731167,09:58:06.648,3.3000,100
35886652844385,09:58:06.652,3.3000,100
35886656843751,09:58:06.656,3.3000,100
35886661049532,09:58:06.661,3.3000,100
35886663232440,09:58:06.663,3.3000,100
35886667179929,09:58:06.667,3.3000,100
35886669720062,09:58:06.669,3.3000,100
35886673800833,09:58:06.673,3.3000,100
35886675982874,09:58:06.675,3.3000,100
35886680162422,09:58:06.680,3.3000,100
35886682345831,09:58:06.682,3.3000,100
35886686390317,09:58:06.686,3.3000,100
35886690359153,09:58:06.690,3.3000,100
35886694408143,09:58:06.694,3.3000,100
35886696411823,09:58:06.696,3.3000,100
35886700280767,09:58:06.700,3.3000,100
35886703533148,09:58:06.703,3.3000,100
35886707354052,09:58:06.707,3.3000,100
35886709332336,09:58:06.709,3.3000,100
35886713217341,09:58:06.713,3.3000,100
35886715154193,09:58:06.715,3.3000,100
35886719294788,09:58:06.719,3.3000,100
35886722313335,09:58:06.722,3.3000,100
35886726109739,09:58:06.726,3.3000,100
35886727980324,09:58:06.727,3.3000,100
35886731777359,09:58:06.731,3.3000,100
35886733663234,09:58:06.733,3.3000,100
35886743098500,09:58:06.743,3.3000,100
35886746672869,09:58:06.746,3.3000,100
35886750307389,09:58:06.750,3.3000,100
35886752261954,09:58:06.752,3.3000,100
35886756113434,09:58:06.756,3.3000,100
35886757958615,09:58:06.757,3.3000,100
35886761713533,09:58:06.761,3.3000,100
35886763459142,09:58:06.763,3.3000,100
35886766983670,09:58:06.766,3.3000,100
35886768711839,09:58:06.768,3.3000,100
35886777796067,09:58:06.777,3.3000,100
35886779585387,09:58:06.779,3.3000,100
35886783003726,09:58:06.783,3.3000,100
35886784613148,09:58:06.784,3.3000,100
35886788126030,09:58:06.788,3.3000,100
35886790040290,09:58:06.790,3.3000,100
35886798869268,09:58:06.798,3.3000,100
35886800552506,09:58:06.800,3.3000,100
35886803955616,09:58:06.803,3.3000,100
35886806042293,09:58:06.806,3.3000,100
35886819837980,09:58:06.819,3.3000,100
35886823203659,09:58:06.823,3.3000,100
35886824923804,09:58:06.824,3.3000,100
35886836769316,09:58:06.836,3.3000,100
35886890424055,09:58:06.890,3.3000,100
35886891959687,09:58:06.891,3.3000,100
35886945367925,09:58:06.945,3.3000,100
35886948689883,09:58:06.948,3.3000,100
35886951973542,09:58:06.951,3.3000,100
35886953650247,09:58:06.953,3.3000,100
35892165846046,09:58:12.165,3.2800,200
35892165846046,09:58:12.165,3.2800,100
35896278525508,09:58:16.278,3.3000,50
35903768286881,09:58:23.768,3.3000,50
35903768286881,09:58:23.768,3.3000,200
35903768286881,09:58:23.768,3.3000,450
35906199104282,09:58:26.199,3.3000,50
35906199104282,09:58:26.199,3.3000,100
35906199104282,09:58:26.199,3.3000,300
35912353015900,09:58:32.353,3.3000,100
35912353015900,09:58:32.353,3.3000,80
35913353858186,09:58:33.353,3.3000,520
35913353858186,09:58:33.353,3.3000,100
35913353858186,09:58:33.353,3.3000,757
35913465248284,09:58:33.465,3.3000,100
35913465248284,09:58:33.465,3.3000,34
35913465984173,09:58:33.465,3.3000,9
35915334732975,09:58:35.334,3.3000,91
35915334732975,09:58:35.334,3.3000,9
35916456680212,09:58:36.456,3.3000,91
35916456680212,09:58:36.456,3.3000,9
35917638937127,09:58:37.638,3.3000,91
35917638937127,09:58:37.638,3.3000,100
35917639010268,09:58:37.639,3.3000,9
35917655261031,09:58:37.655,3.3000,91
35917655261031,09:58:37.655,3.3000,100
35917655291680,09:58:37.655,3.3000,9
35917659807111,09:58:37.659,3.3000,100
35917662203440,09:58:37.662,3.3000,100
35917663468954,09:58:37.663,3.3000,100
35920011640505,09:58:40.011,3.3000,100
35920011640505,09:58:40.011,3.3000,200
35920011670046,09:58:40.011,3.3000,2300
35920012674479,09:58:40.012,3.3000,100
35920012674479,09:58:40.012,3.3000,700
35920030067562,09:58:40.030,3.3000,100
35920032559219,09:58:40.032,3.3000,100
35920034953021,09:58:40.034,3.3000,100
35920036162027,09:58:40.036,3.3000,100
35920042571246,09:58:40.042,3.3000,100
35920048957279,09:58:40.048,3.3000,100
35922028100044,09:58:42.028,3.3000,42
35922904958354,09:58:42.904,3.3000,50
35925888778638,09:58:45.888,3.3000,8
35925888778638,09:58:45.888,3.3000,92
35928282959123,09:58:48.282,3.2900,500
35944478450982,09:59:04.478,3.3000,8
35944478450982,09:59:04.478,3.3000,100
35944478450982,09:59:04.478,3.3000,500
35944478505245,09:59:04.478,3.3000,1400
35944479698393,09:59:04.479,3.3000,100
35944479698393,09:59:04.479,3.3000,337
35947462652918,09:59:07.462,3.3000,100
35947734353890,09:59:07.734,3.3000,100
35947753247425,09:59:07.753,3.3000,100
35947757577669,09:59:07.757,3.3000,100
35947762208304,09:59:07.762,3.3000,100
35947763490566,09:59:07.763,3.3000,100
35947769961957,09:59:07.769,3.3000,100
35947776429484,09:59:07.776,3.3000,100
35947782886646,09:59:07.782,3.3000,100
35947794352740,09:59:07.794,3.3000,100
35947805780942,09:59:07.805,3.3000,100
35947857206844,09:59:07.857,3.3000,100
35947858641360,09:59:07.858,3.3000,100
35948753128478,09:59:08.753,3.3000,100
35948769470039,09:59:08.769,3.3000,100
35948774069692,09:59:08.774,3.3000,100
35948778340348,09:59:08.778,3.3000,100
35948779851826,09:59:08.779,3.3000,100
35948786867911,09:59:08.786,3.3000,100
35948793594682,09:59:08.793,3.3000,100
35948800460222,09:59:08.800,3.3000,100
35948801807636,09:59:08.801,3.3000,100
35948813472938,09:59:08.813,3.3000,100
35948825159516,09:59:08.825,3.3000,100
35948826459360,09:59:08.826,3.3000,100
35948878101205,09:59:08.878,3.3000,100
35948879463884,09:59:08.879,3.3000,100
35948931098631,09:59:08.931,3.3000,100
35948932402390,09:59:08.932,3.3000,100
35949134380978,09:59:09.134,3.3000,100
35949135650287,09:59:09.135,3.3000,100
35949170936570,09:59:09.170,3.3000,100
35949170936570,09:59:09.170,3.3000,75
35949337626579,09:59:09.337,3.3000,100
35949541424239,09:59:09.541,3.3000,100
35949542733245,09:59:09.542,3.3000,100
35949744338845,09:59:09.744,3.3000,100
35949962272267,09:59:09.962,3.3000,100
35949977788209,09:59:09.977,3.3000,100
35949980389321,09:59:09.980,3.3000,100
35949982780871,09:59:09.982,3.3000,100
35949983986362,09:59:09.983,3.3000,100
35950187767260,09:59:10.187,3.3000,100
35950189170722,09:59:10.189,3.3000,100
35950390722124,09:59:10.390,3.3000,100
35951105176063,09:59:11.105,3.3000,100
35951638620640,09:59:11.638,3.3000,100
35951638641223,09:59:11.638,3.3000,400
35955126253755,09:59:15.126,3.3000,100
35955126253755,09:59:15.126,3.3000,500
35961241104911,09:59:21.241,3.3000,100
35961241132200,09:59:21.241,3.3000,400
35961241787598,09:59:21.241,3.3000,100
35963409996394,09:59:23.409,3.3000,100
35965643913176,09:59:25.643,3.3000,50
35967447711967,09:59:27.447,3.3000,50
35967447711967,09:59:27.447,3.3000,395
35970627440309,09:59:30.627,3.2950,181
35970627955633,09:59:30.627,3.2950,19
35970631364193,09:59:30.631,3.3000,905
35970631364193,09:59:30.631,3.3000,1595
35971539231744,09:59:31.539,3.3000,405
35971539231744,09:59:31.539,3.3000,100
35971539231744,09:59:31.539,3.3000,195
35972077834857,09:59:32.077,3.3000,100
35972077866182,09:59:32.077,3.3000,900
35972078594202,09:59:32.078,3.3000,100
35972078594202,09:59:32.078,3.3000,200
35973153954340,09:59:33.153,3.3000,100
35973809138488,09:59:33.809,3.3000,100
35974151940767,09:59:34.151,3.3000,100
35974151953770,09:59:34.151,3.3000,900
35974905624810,09:59:34.905,3.3000,100
35974905624810,09:59:34.905,3.3000,300
35975313214802,09:59:35.313,3.3000,100
35975313214802,09:59:35.313,3.3000,1900
35975561765535,09:59:35.561,3.3000,100
35975561765535,09:59:35.561,3.3000,1900
35975596129423,09:59:35.596,3.3000,100
35975596129423,09:59:35.596,3.3000,1900
35975947928185,09:59:35.947,3.3000,100
35975947928185,09:59:35.947,3.3000,400
35975952893948,09:59:35.952,3.3000,100
35975952893948,09:59:35.952,3.3000,1400
35977341869805,09:59:37.341,3.3000,100
35977341869805,09:59:37.341,3.3000,900
35978546469250,09:59:38.546,3.3000,100
35978546469250,09:59:38.546,3.3000,418
35978911182399,09:59:38.911,3.3400,100
35978920954696,09:59:38.920,3.3500,100
35978920980030,09:59:38.920,3.3500,500
35979929519165,09:59:39.929,3.3500,100
35980166920884,09:59:40.166,3.3500,100
35980166934996,09:59:40.166,3.3500,900
35980483179443,09:59:40.483,3.3500,100
35980483179443,09:59:40.483,3.3500,200
35980484066098,09:59:40.484,3.3500,100
35980484066098,09:59:40.484,3.3500,100
35991838409939,09:59:51.838,3.3900,100
35991838409939,09:59:51.838,3.3900,100
35991838409939,09:59:51.838,3.3900,100
35991838409939,09:59:51.838,3.3900,100
35991838409939,09:59:51.838,3.3900,100
35991838409939,09:59:51.838,3.4000,500
35991838409939,09:59:51.838,3.4000,1
35991838409939,09:59:51.838,3.4000,1
35991842964127,09:59:51.842,3.4000,50
35991842964127,09:59:51.842,3.4000,100
35991842964127,09:59:51.842,3.4000,100
35991842964127,09:59:51.842,3.4000,100
35991842964127,09:59:51.842,3.4000,40
35992374828921,09:59:52.374,3.4000,30
35992374828921,09:59:52.374,3.4000,40
35993089168841,09:59:53.089,3.4500,508
35993302880174,09:59:53.302,3.4500,300
35993626625356,09:59:53.626,3.4500,114
35993626675236,09:59:53.626,3.4500,296
35994116934247,09:59:54.116,3.4500,300
35994811892903,09:59:54.811,3.4500,200
35995722309734,09:59:55.722,3.4500,860
35995770994370,09:59:55.770,3.4500,500
35995999832854,09:59:55.999,3.4400,100
35996641160923,09:59:56.641,3.4200,100
35997055047537,09:59:57.055,3.4400,50
35997196228993,09:59:57.196,3.4400,50
36000023446755,10:00:00.023,3.4500,1922
36000023446755,10:00:00.023,3.4500,100
36000023446755,10:00:00.023,3.4500,300
36000023446755,10:00:00.023,3.4500,300
36000024327036,10:00:00.024,3.4500,40
36000037058707,10:00:00.037,3.4600,1
36000039487539,10:00:00.039,3.4900,715
36005243246283,10:00:05.243,3.4700,100
36005243246283,10:00:05.243,3.4900,50
36009645596184,10:00:09.645,3.4500,40
36017175734944,10:00:17.175,3.4500,1690
36017195821165,10:00:17.195,3.4400,100
36026572808916,10:00:26.572,3.4700,300
36026572808916,10:00:26.572,3.4700,300
36026572808916,10:00:26.572,3.4800,1485
36052825827006,10:00:52.825,3.4400,200
36052830000628,10:00:52.830,3.4400,140
36067811449284,10:01:07.811,3.4300,4515
36067811449284,10:01:07.811,3.4500,100
36069141957084,10:01:09.141,3.4700,300
36072060570124,10:01:12.060,3.4800,500
36072060570124,10:01:12.060,3.4800,100
36072060570124,10:01:12.060,3.4800,200
36072060570124,10:01:12.060,3.4900,135
36072060570124,10:01:12.060,3.4900,2000
36073324522893,10:01:13.324,3.4950,100
36073664721495,10:01:13.664,3.5000,50
36073664721495,10:01:13.664,3.5000,413
36073665941115,10:01:13.665,3.5000,200
36073741368583,10:01:13.741,3.5000,487
36074248791562,10:01:14.248,3.5200,100
36074340989469,10:01:14.340,3.5500,924
36074356896469,10:01:14.356,3.5600,1
36074624856631,10:01:14.624,3.5200,100
36081119385176,10:01:21.119,3.5400,100
36084549628770,10:01:24.549,3.5200,100
36086661440136,10:01:26.661,3.5100,100
36089589142195,10:01:29.589,3.5700,300
36089589142195,10:01:29.589,3.5700,100
36089589142195,10:01:29.589,3.5700,100
36090893921850,10:01:30.893,3.5250,100
36096510150216,10:01:36.510,3.5500,100
36096510150216,10:01:36.510,3.5500,100
36096510150216,10:01:36.510,3.5500,200
36097462825372,10:01:37.462,3.5500,100
36097462825372,10:01:37.462,3.5500,700
36097463672946,10:01:37.463,3.5500,100
36097463672946,10:01:37.463,3.5500,8000
36099129693728,10:01:39.129,3.5500,100
36099129693728,10:01:39.129,3.5500,100
36101907497208,10:01:41.907,3.5500,100
36101907497208,10:01:41.907,3.5500,100
36101908010669,10:01:41.908,3.5500,100
36101946225972,10:01:41.946,3.5500,100
36101946225972,10:01:41.946,3.5500,100
36101946225972,10:01:41.946,3.5500,100
36101946764085,10:01:41.946,3.5500,100
36101946764085,10:01:41.946,3.5500,100
36101984341878,10:01:41.984,3.5500,100
36101984341878,10:01:41.984,3.5500,100
36102021046425,10:01:42.021,3.5500,37
36102062227378,10:01:42.062,3.5500,63
36102062227378,10:01:42.062,3.5500,100
36102062227378,10:01:42.062,3.5500,137
36102100275310,10:01:42.100,3.5500,100
36102100275310,10:01:42.100,3.5500,100
36102100808834,10:01:42.100,3.5500,100
36102137912320,10:01:42.137,3.5500,100
36102137912320,10:01:42.137,3.5500,100
36102177258965,10:01:42.177,3.5500,100
36102177258965,10:01:42.177,3.5500,100
36102219171285,10:01:42.219,3.5500,100
36102219171285,10:01:42.219,3.5500,100
36102257442140,10:01:42.257,3.5500,100
36102257442140,10:01:42.257,3.5500,100
36102296579832,10:01:42.296,3.5500,100
36102296579832,10:01:42.296,3.5500,100
36102336377540,10:01:42.336,3.5500,100
36102336377540,10:01:42.336,3.5500,100
36102998177498,10:01:42.998,3.5500,1
36105462464923,10:01:45.462,3.5250,100
36105493953070,10:01:45.493,3.5500,99
36105493953070,10:01:45.493,3.5500,100
36105493953070,10:01:45.493,3.5500,10
36105493953070,10:01:45.493,3.5500,691
36106732782516,10:01:46.732,3.5250,100
36106738572292,10:01:46.738,3.5500,100
36106738572292,10:01:46.738,3.5500,600
36107351542221,10:01:47.351,3.5250,100
36109995085737,10:01:49.995,3.5500,94
36111560997838,10:01:51.560,3.5250,100
36112736728965,10:01:52.736,3.5250,100
36112789131750,10:01:52.789,3.5500,6
36112789131750,10:01:52.789,3.5500,100
36112789131750,10:01:52.789,3.5500,100
36112789131750,10:01:52.789,3.5500,594
36115625336612,10:01:55.625,3.5250,100
36115637605241,10:01:55.637,3.5500,100
36115637605241,10:01:55.637,3.5500,100
36115637605241,10:01:55.637,3.5500,1050
36115754306849,10:01:55.754,3.5500,100
36115754306849,10:01:55.754,3.5500,4900
36115755137704,10:01:55.755,3.5500,100
36115755137704,10:01:55.755,3.5500,4061
36116933921693,10:01:56.933,3.5500,500
36117771743080,10:01:57.771,3.5700,100
36118592775438,10:01:58.592,3.5700,100
36122306450410,10:02:02.306,3.5700,100
36122320163353,10:02:02.320,3.6000,663
36123662507584,10:02:03.662,3.5800,100
36123681072486,10:02:03.681,3.5900,200
36123695809645,10:02:03.695,3.6000,300
36123701036078,10:02:03.701,3.6000,37
36123722669640,10:02:03.722,3.6100,100
36124795076196,10:02:04.795,3.5500,200
36125319231130,10:02:05.319,3.5850,100
36130575392890,10:02:10.575,3.6200,100
36130644873903,10:02:10.644,3.6300,1000
36131688916626,10:02:11.688,3.5900,300
36131688916626,10:02:11.688,3.5900,300
36131688916626,10:02:11.688,3.5500,14500
36131839916924,10:02:11.839,3.6150,100
36132407526524,10:02:12.407,3.5600,100
36132407526524,10:02:12.407,3.5500,17
36142191236791,10:02:22.191,3.6000,300
36142199198548,10:02:22.199,3.5800,120
36142205107198,10:02:22.205,3.5500,622
36144669285772,10:02:24.669,3.6050,100
36144669285772,10:02:24.669,3.6100,900
36144687339856,10:02:24.687,3.6100,100
36144704966163,10:02:24.704,3.6500,100
36144726966158,10:02:24.726,3.6500,100
36144749173663,10:02:24.749,3.6500,100
36144769765907,10:02:24.769,3.6600,100
36145969277655,10:02:25.969,3.6700,100
36156953519786,10:02:36.953,3.6500,300
36158005682949,10:02:38.005,3.6500,1200
36158200686771,10:02:38.200,3.6300,100
36159086633450,10:02:39.086,3.6000,754
36159086633450,10:02:39.086,3.6000,200
36159086633450,10:02:39.086,3.6000,100
36159858535796,10:02:39.858,3.6000,200
36159858535796,10:02:39.858,3.6000,100
36165998686286,10:02:45.998,3.6000,6
36168758337928,10:02:48.758,3.6400,500
36168758337928,10:02:48.758,3.6500,500
36170167748752,10:02:50.167,3.6500,250
36174958820166,10:02:54.958,3.6500,200
36175180584659,10:02:55.180,3.6500,100
36178848914572,10:02:58.848,3.6500,2292
36178848914572,10:02:58.848,3.6500,108
36181631272506,10:03:01.631,3.6800,100
36181631272506,10:03:01.631,3.6800,100
36185217191148,10:03:05.217,3.6800,100
36185304042282,10:03:05.304,3.6800,31
36185309583122,10:03:05.309,3.6200,100
36185309583122,10:03:05.309,3.6200,300
36186185202875,10:03:06.185,3.6200,5
36187278280915,10:03:07.278,3.6200,200
36187582414874,10:03:07.582,3.6100,400
36187870405350,10:03:07.870,3.6200,400
36194335968769,10:03:14.335,3.6200,95
36194335968769,10:03:14.335,3.6200,90
36196307711332,10:03:16.307,3.6000,44
36197029277813,10:03:17.029,3.5600,100
36198301403848,10:03:18.301,3.5500,100
36198301403848,10:03:18.301,3.5500,100
36225691018836,10:03:45.691,3.6000,400
36239141620989,10:03:59.141,3.5500,469
36239796154801,10:03:59.796,3.5500,7
36240058099260,10:04:00.058,3.5400,100
36242016383276,10:04:02.016,3.5500,500
36242016383276,10:04:02.016,3.5000,5
36242016383276,10:04:02.016,3.5000,300
36242016383276,10:04:02.016,3.5000,200
36242016383276,10:04:02.016,3.5000,30
36248048316447,10:04:08.048,3.5400,100
36248057913260,10:04:08.057,3.5400,100
36248059225617,10:04:08.059,3.5400,100
36248061310160,10:04:08.061,3.5400,100
36248062490753,10:04:08.062,3.5400,100
36248070164778,10:04:08.070,3.5400,100
36249218627346,10:04:09.218,3.5400,290
36259634283925,10:04:19.634,3.5400,100
36259634789979,10:04:19.634,3.5400,325
36259635322302,10:04:19.635,3.5400,205
36259635322302,10:04:19.635,3.5500,470
36260594664860,10:04:20.594,3.5300,361
36264660383144,10:04:24.660,3.5500,490
36267164036196,10:04:27.164,3.5500,100
36267164088205,10:04:27.164,3.5500,100
36269034292551,10:04:29.034,3.5500,500
36269306976007,10:04:29.306,3.5500,200
36276975754694,10:04:36.975,3.5600,100
36278113738405,10:04:38.113,3.5600,400
36278114428777,10:04:38.114,3.5900,200
36278114471667,10:04:38.114,3.5900,150
36297651021173,10:04:57.651,3.6200,95
36304497388633,10:05:04.497,3.6400,400
36306643329081,10:05:06.643,3.6150,100
36306814164177,10:05:06.814,3.6150,100
36307064146920,10:05:07.064,3.6200,100
36307154606527,10:05:07.154,3.6200,100
36308271674451,10:05:08.271,3.6250,100
36309802611490,10:05:09.802,3.6350,100
36313228042248,10:05:13.228,3.6200,100
36315551829836,10:05:15.551,3.6250,100
36318157342908,10:05:18.157,3.6100,99
36320621958381,10:05:20.621,3.6200,100
36324330414342,10:05:24.330,3.6300,200
36328016784104,10:05:28.016,3.6300,100
36328042374879,10:05:28.042,3.6400,100
36328062179543,10:05:28.062,3.6700,100
36328062694816,10:05:28.062,3.6600,87
36328084208552,10:05:28.084,3.6600,100
36328101774166,10:05:28.101,3.6700,16
36328101774166,10:05:28.101,3.6700,84
36328121284928,10:05:28.121,3.6700,3
36328121284928,10:05:28.121,3.6800,69
36328121284928,10:05:28.121,3.6800,28
36328139773301,10:05:28.139,3.6700,100
36328159804739,10:05:28.159,3.6800,72
36328159804739,10:05:28.159,3.6800,28
36328179574800,10:05:28.179,3.6800,72
36328179574800,10:05:28.179,3.6800,28
36328196038834,10:05:28.196,3.6800,72
36328196038834,10:05:28.196,3.6800,28
36328213826747,10:05:28.213,3.6800,72
36328213826747,10:05:28.213,3.6800,28
36328232164569,10:05:28.232,3.6800,72
36328232164569,10:05:28.232,3.6800,28
36328249629232,10:05:28.249,3.6800,72
36328249629232,10:05:28.249,3.6800,28
36328312319169,10:05:28.312,3.6800,62
36328314282139,10:05:28.314,3.7200,100
36329521318539,10:05:29.521,3.7150,100
36329992264668,10:05:29.992,3.7100,700
36330169258822,10:05:30.169,3.7100,100
36331014995001,10:05:31.014,3.7000,500
36335681231543,10:05:35.681,3.7000,490
36336945201980,10:05:36.945,3.7000,500
36337818272203,10:05:37.818,3.7150,100
36339932028494,10:05:39.932,3.7000,300
36341618325326,10:05:41.618,3.7300,150
36341618325326,10:05:41.618,3.7300,500
36345030221384,10:05:45.030,3.7200,100
36345646128583,10:05:45.646,3.7500,200
36345646128583,10:05:45.646,3.7500,25
36345646128583,10:05:45.646,3.7500,75
36346302993657,10:05:46.302,3.7250,100
36349024208284,10:05:49.024,3.7200,100
36350820058004,10:05:50.820,3.7200,100
36354715335284,10:05:54.715,3.7200,100
36356051124699,10:05:56.051,3.7250,100
36358954408466,10:05:58.954,3.7500,25
36360183208812,10:06:00.183,3.7300,36
36361538954922,10:06:01.538,3.7200,100
36361539008486,10:06:01.539,3.7200,100
36363654705651,10:06:03.654,3.7150,500
36364971600974,10:06:04.971,3.7300,300
36364986969134,10:06:04.986,3.7000,500
36365938754311,10:06:05.938,3.7000,1655
36365995780439,10:06:05.995,3.7000,600
36366969349355,10:06:06.969,3.7000,1000
36368354735201,10:06:08.354,3.7300,64
36371184572320,10:06:11.184,3.7100,100
36371185129844,10:06:11.185,3.7100,100
36371191122272,10:06:11.191,3.7100,70
36371558226285,10:06:11.558,3.7100,200
36377730325954,10:06:17.730,3.7200,100
36377730853457,10:06:17.730,3.7200,100
36381443407044,10:06:21.443,3.7300,100
36383489835846,10:06:23.489,3.7300,100
36383512820300,10:06:23.512,3.7300,100
36383512821561,10:06:23.512,3.7300,100
36386594593438,10:06:26.594,3.7300,100
36386609992995,10:06:26.609,3.7300,100
36391472156169,10:06:31.472,3.7300,100
36391472156169,10:06:31.472,3.7300,100
36391474237950,10:06:31.474,3.7300,100
36393655333407,10:06:33.655,3.7300,100
36393655333407,10:06:33.655,3.7300,100
36398890730041,10:06:38.890,3.7300,100
36398890742287,10:06:38.890,3.7300,100
36400748882974,10:06:40.748,3.7700,206
36400966874296,10:06:40.966,3.7500,100
36400966934180,10:06:40.966,3.7500,64
36400966934180,10:06:40.966,3.7500,36
36400966985815,10:06:40.966,3.7500,64
36401289873067,10:06:41.289,3.7300,100
36401523127838,10:06:41.523,3.7200,100
36403423659811,10:06:43.423,3.7300,100
36403483210441,10:06:43.483,3.7350,100
36407554465613,10:06:47.554,3.7100,100
36407554531515,10:06:47.554,3.7100,100
36407554582883,10:06:47.554,3.7100,100
36407701974755,10:06:47.701,3.7100,100
36409542310396,10:06:49.542,3.7200,100
36409542369364,10:06:49.542,3.7200,100
36411557379725,10:06:51.557,3.7100,100
36412834222588,10:06:52.834,3.7100,1200
36412834222588,10:06:52.834,3.7100,500
36412834222588,10:06:52.834,3.7100,25
36412834222588,10:06:52.834,3.7100,100
36412888331954,10:06:52.888,3.7100,5
36413541372028,10:06:53.541,3.7100,95
36413541372028,10:06:53.541,3.7100,5
36413568618194,10:06:53.568,3.7100,95
36413568618194,10:06:53.568,3.7100,5
36413568675465,10:06:53.568,3.7100,95
36419249258858,10:06:59.249,3.7000,36
36423770868985,10:07:03.770,3.7000,80
36429561676202,10:07:09.561,3.7000,5
36429572482674,10:07:09.572,3.7000,29
36429572482674,10:07:09.572,3.7000,71
36429572537530,10:07:09.572,3.7000,7
36429572537530,10:07:09.572,3.7000,93
36431565218707,10:07:11.565,3.7000,100
36432473932195,10:07:12.473,3.7000,217
36432473932195,10:07:12.473,3.7000,100
36439571016547,10:07:19.571,3.6750,100
36439573994205,10:07:19.573,3.6750,100
36439574015670,10:07:19.574,3.6600,100
36441587160881,10:07:21.587,3.6600,100
36441587220535,10:07:21.587,3.6600,100
36446017833254,10:07:26.017,3.7000,1400
36446028852895,10:07:26.028,3.7100,2000
36446036622476,10:07:26.036,3.7300,400
36446036622476,10:07:26.036,3.7300,150
36446036622476,10:07:26.036,3.7300,100
36446046873594,10:07:26.046,3.7400,500
36446052975134,10:07:26.052,3.7500,150
36449705871033,10:07:29.705,3.7250,100
36449710491862,10:07:29.710,3.7250,100
36449718073934,10:07:29.718,3.7250,100
36453933328564,10:07:33.933,3.6850,3
36455965555878,10:07:35.965,3.6850,97
36456096041497,10:07:36.096,3.6900,600
36477045860926,10:07:57.045,3.7250,100
36488679279477,10:08:08.679,3.7200,100
36489940810222,10:08:09.940,3.7200,100
36489977315079,10:08:09.977,3.7200,100
36491482888512,10:08:11.482,3.7200,75
36492779158027,10:08:12.779,3.7200,100
36493207717713,10:08:13.207,3.7200,400
36493365225494,10:08:13.365,3.7200,16
36496546940637,10:08:16.546,3.7300,600
36496842244573,10:08:16.842,3.7250,10
36507742861445,10:08:27.742,3.7300,40
36509021455767,10:08:29.021,3.7400,100
36510573083430,10:08:30.573,3.7400,17
36521436437831,10:08:41.436,3.7400,205
36523017971928,10:08:43.017,3.7400,95
36523020861046,10:08:43.020,3.7500,100
36523020861046,10:08:43.020,3.7500,100
36525938800421,10:08:45.938,3.7900,100
36536530995942,10:08:56.530,3.7800,100
36536530995942,10:08:56.530,3.7800,100
36536531596829,10:08:56.531,3.7800,100
36543964798647,10:09:03.964,3.7250,100
36543985121679,10:09:03.985,3.7300,200
36546683324040,10:09:06.683,3.7300,200
36547383629337,10:09:07.383,3.7300,175
36578658077679,10:09:38.658,3.7600,100
36581693608771,10:09:41.693,3.7600,779
36599583641749,10:09:59.583,3.7750,100
36601597949909,10:10:01.597,3.7900,400
36601598532631,10:10:01.598,3.7900,200
36601730568875,10:10:01.730,3.7900,300
36602249200736,10:10:02.249,3.7900,500
36603085095073,10:10:03.085,3.7900,400
36603092958454,10:10:03.092,3.8000,100
36603093453770,10:10:03.093,3.8000,250
36603093940878,10:10:03.093,3.8000,150
36609581052842,10:10:09.581,3.8000,2
36609581546024,10:10:09.581,3.8000,283
36609582033985,10:10:09.582,3.8000,635
36610435287327,10:10:10.435,3.7800,542
36610435287327,10:10:10.435,3.7800,100
36617124160399,10:10:17.124,3.7800,300
36617145660300,10:10:17.145,3.7700,20
36618561687382,10:10:18.561,3.7500,15
36635321593035,10:10:35.321,3.8000,100
36641909901280,10:10:41.909,3.8000,200
36643940566670,10:10:43.940,3.8000,187
36645904598429,10:10:45.904,3.8000,113
36645904613619,10:10:45.904,3.8000,5
36647142419542,10:10:47.142,3.8000,402
36647381164038,10:10:47.381,3.8000,100
36647381264771,10:10:47.381,3.8000,100
36647812502619,10:10:47.812,3.8000,200
36647850974280,10:10:47.850,3.8000,200
36647887594308,10:10:47.887,3.8000,173
36649106059259,10:10:49.106,3.8000,3
36651836060982,10:10:51.836,3.8000,7
36651836510214,10:10:51.836,3.8000,400
36651983141906,10:10:51.983,3.8000,400
36653455623404,10:10:53.455,3.8000,100
36655905818555,10:10:55.905,3.8000,1
36656635443805,10:10:56.635,3.8000,100
36656635941608,10:10:56.635,3.8000,299
36660937414331,10:11:00.937,3.8000,2
36661218885601,10:11:01.218,3.8000,25
36661228212811,10:11:01.228,3.8000,50
36661658084267,10:11:01.658,3.8000,1000
36663086201932,10:11:03.086,3.8000,13
36663086201932,10:11:03.086,3.8000,17
36663352540471,10:11:03.352,3.8000,83
36663847893386,10:11:03.847,3.7900,100
36663847893386,10:11:03.847,3.7900,200
36663847893386,10:11:03.847,3.7900,200
36663847893386,10:11:03.847,3.7900,243
36663856001310,10:11:03.856,3.7800,200
36665411882390,10:11:05.411,3.7700,100
36665875780413,10:11:05.875,3.7700,100
36676138610549,10:11:16.138,3.7500,100
