timestamp,time,price,volume
34200202327927,09:30:00.202,29.9100,268
35220329058254,09:47:00.329,29.9600,1
35264285040756,09:47:44.285,29.8400,100
35264916056616,09:47:44.916,29.8000,300
35807777144751,09:56:47.777,29.6900,50
35878113728405,09:57:58.113,29.6900,20
35878113835954,09:57:58.113,29.6900,80
35878113835954,09:57:58.113,29.6900,100
35878114348395,09:57:58.114,29.7000,100
35878114617638,09:57:58.114,29.7100,100
38032729279901,10:33:52.729,29.8300,100
38032732352526,10:33:52.732,29.8000,100
38960784296031,10:49:20.784,29.8200,100
38960784296031,10:49:20.784,29.8100,100
38960784296031,10:49:20.784,29.8100,100
38960784296031,10:49:20.784,29.8100,5
38960784324301,10:49:20.784,29.8100,95
38960784324301,10:49:20.784,29.8100,5
38960826669728,10:49:20.826,29.8600,100
38963321681651,10:49:23.321,29.7500,1
38964831084618,10:49:24.831,29.7800,100
38964831343474,10:49:24.831,29.7800,100
39056420205137,10:50:56.420,29.7500,100
39056420205137,10:50:56.420,29.7500,100
39056423883887,10:50:56.423,29.7700,200
39058232375703,10:50:58.232,29.7700,100
39063581440619,10:51:03.581,29.7600,100
39063581809478,10:51:03.581,29.7600,100
39077076263073,10:51:17.076,29.7500,1
39077076713765,10:51:17.076,29.7500,100
39077076713765,10:51:17.076,29.7500,30
39077078082602,10:51:17.078,29.7500,100
39077078082602,10:51:17.078,29.7500,3
39077078082602,10:51:17.078,29.7500,29
39077078155990,10:51:17.078,29.7500,100
39077660109631,10:51:17.660,29.7600,200
39077660869871,10:51:17.660,29.7700,100
39077661186564,10:51:17.661,29.7800,5
39255582852963,10:54:15.582,29.8200,100
39255582943518,10:54:15.582,29.8200,100
39255583452213,10:54:15.583,29.8300,100
39255586709683,10:54:15.586,29.8300,20
39255586709683,10:54:15.586,29.8300,10
39258315006591,10:54:18.315,29.8200,1
39434998831017,10:57:14.998,29.7900,100
39434998831017,10:57:14.998,29.7900,100
39435648790665,10:57:15.648,29.7900,90
39435648886076,10:57:15.648,29.8100,100
39466910962537,10:57:46.910,29.7900,40
39663537667202,11:01:03.537,29.8300,100
39663537992330,11:01:03.537,29.8400,100
39665957910526,11:01:05.957,29.8300,22
39665957935077,11:01:05.957,29.8300,78
39762660790620,11:02:42.660,29.8800,100
39868497257060,11:04:28.497,29.8800,1
40006790528799,11:06:46.790,29.8800,99
40006790528799,11:06:46.790,29.8800,1
40006790908986,11:06:46.790,29.8900,100
40175494811390,11:09:35.494,29.9000,100
40175495788191,11:09:35.495,29.9300,100
40564144600551,11:16:04.144,29.9600,100
40564144600551,11:16:04.144,29.9600,100
40564144905437,11:16:04.144,29.9600,43
40720113591641,11:18:40.113,29.9200,100
40720113591641,11:18:40.113,29.9100,6
40720113591641,11:18:40.113,29.9100,94
40720113833197,11:18:40.113,29.9100,6
40720113833197,11:18:40.113,29.9100,13
40720113848819,11:18:40.113,29.9100,60
40720113925476,11:18:40.113,29.9100,27
40720113925476,11:18:40.113,29.9100,73
40720114642492,11:18:40.114,29.9100,27
40729679673241,11:18:49.679,29.9300,1
40729679701905,11:18:49.679,29.9300,99
40729679701905,11:18:49.679,29.9300,100
40897072313072,11:21:37.072,29.8900,100
40897072313072,11:21:37.072,29.8900,100
40897072313072,11:21:37.072,29.8900,23
41080326959940,11:24:40.326,29.9200,100
41080335973541,11:24:40.335,29.9300,100
41080336015007,11:24:40.336,29.9300,100
41114858473559,11:25:14.858,30.0100,100
41114858535440,11:25:14.858,30.0100,100
41952605239506,11:39:12.605,29.9400,1
41961341072391,11:39:21.341,29.9300,1
41961341072391,11:39:21.341,29.9200,99
42085587255324,11:41:25.587,29.9100,61
42104516231369,11:41:44.516,29.9300,3
42175079819683,11:42:55.079,29.9300,97
42175079819683,11:42:55.079,29.9300,3
42175079858691,11:42:55.079,29.9300,7
42237952917631,11:43:57.952,29.9800,1
42415045032364,11:46:55.045,30.0000,100
42415045393635,11:46:55.045,30.0000,21
42415045400781,11:46:55.045,30.0000,79
42415046466973,11:46:55.046,30.0100,100
43233782086552,12:00:33.782,29.9200,100
43234969297740,12:00:34.969,30.0100,56
43237367341357,12:00:37.367,29.9550,100
43389992263702,12:03:09.992,30.0200,5
43407265184359,12:03:27.265,30.1100,100
43749212624825,12:09:09.212,30.0500,1
43817291444529,12:10:17.291,30.0500,99
43817291444529,12:10:17.291,30.0500,1
43822668579932,12:10:22.668,30.0400,100
44053781123735,12:14:13.781,30.0600,1
44053781205399,12:14:13.781,30.0600,99
44053781205399,12:14:13.781,30.0600,1
44053781284969,12:14:13.781,30.0600,99
44217962490915,12:16:57.962,30.0600,100
44217962551735,12:16:57.962,30.0700,20
44217962551735,12:16:57.962,30.0700,80
44218010982760,12:16:58.010,30.0600,100
44470371517511,12:21:10.371,30.0300,61
44470371517511,12:21:10.371,30.0300,39
44470374177697,12:21:10.374,30.0200,5
44470374177697,12:21:10.374,30.0200,95
44470374202433,12:21:10.374,30.0200,5
44500290151200,12:21:40.290,30.0000,100
44500294509615,12:21:40.294,29.9800,1
44610370768384,12:23:30.370,29.9600,100
44946046192881,12:29:06.046,29.9600,5
44946046192881,12:29:06.046,29.9600,100
44946046473985,12:29:06.046,29.9800,1
44946565163996,12:29:06.565,29.9900,100
44946568260018,12:29:06.568,30.0300,100
45155547856252,12:32:35.547,29.9800,67
45155547856252,12:32:35.547,29.9800,33
45155548089547,12:32:35.548,29.9800,67
45548483463346,12:39:08.483,29.9900,1
45570608581360,12:39:30.608,29.9500,20
45692155862249,12:41:32.155,29.9400,100
45854852602537,12:44:14.852,29.9100,100
45854853697970,12:44:14.853,29.9300,100
45855616645200,12:44:15.616,29.9400,100
45990367678953,12:46:30.367,29.9550,100
46456845814203,12:54:16.845,29.9500,100
46863796757911,13:01:03.796,29.9700,5
46863796757911,13:01:03.796,29.9700,195
46863796784802,13:01:03.796,29.9700,5
46863796793233,13:01:03.796,29.9700,5
46863796804060,13:01:03.796,29.9700,5
46863798122243,13:01:03.798,29.9700,90
47061748278934,13:04:21.748,29.9900,1
47103370210707,13:05:03.370,29.9600,100
47543184533996,13:12:23.184,29.9500,5
47543186258924,13:12:23.186,29.9800,3
47639649294477,13:13:59.649,29.9500,1
47639649407358,13:13:59.649,29.9500,99
47639649407358,13:13:59.649,29.9500,100
47639649407358,13:13:59.649,29.9500,100
48216766955793,13:23:36.766,29.9800,3
48216767019179,13:23:36.767,29.9200,100
48525583143933,13:28:45.583,29.9100,100
48525583201389,13:28:45.583,29.9100,4
48525583376735,13:28:45.583,29.9100,57
49465224384132,13:44:25.224,29.8800,1
49465224384132,13:44:25.224,29.8800,99
49465224410672,13:44:25.224,29.8800,1
49474555609243,13:44:34.555,29.8600,100
49793206497832,13:49:53.206,29.8300,100
50081741221413,13:54:41.741,29.8300,100
50081741631099,13:54:41.741,29.8400,100
50081741647639,13:54:41.741,29.8400,84
50081741656389,13:54:41.741,29.8400,16
50083797537990,13:54:43.797,29.8900,100
50403210802335,14:00:03.210,29.8900,5
50410089568919,14:00:10.089,29.9400,3
50410089568919,14:00:10.089,29.9400,97
50410089649679,14:00:10.089,29.9400,3
50410089649679,14:00:10.089,29.9400,7
50410119763554,14:00:10.119,29.9500,4
50442153955761,14:00:42.153,29.9600,2
50442153955761,14:00:42.153,29.9600,100
50444187080981,14:00:44.187,29.9600,47
50597863739020,14:03:17.863,29.9700,10
50597863829316,14:03:17.863,29.9800,1
50597863829316,14:03:17.863,29.9800,6
50636276785021,14:03:56.276,30.0000,1
50636277019806,14:03:56.277,30.0000,10
50636277019806,14:03:56.277,30.0000,9
50697023424004,14:04:57.023,30.0600,100
50697031591250,14:04:57.031,30.0100,16
51117566336489,14:11:57.566,30.1300,100
51182195149601,14:13:02.195,30.1200,1
51300732851990,14:15:00.732,30.1000,100
51300732851990,14:15:00.732,30.1000,76
51300732863464,14:15:00.732,30.1000,24
51300734228090,14:15:00.734,30.0700,100
51552139963872,14:19:12.139,30.0700,1
51676879917639,14:21:16.879,30.0800,5
51676924291825,14:21:16.924,30.0700,100
52454531788729,14:34:14.531,30.1100,1
52744256994545,14:39:04.256,30.1500,100
52744256994545,14:39:04.256,30.1500,100
52785923169933,14:39:45.923,30.1200,1
52785923169933,14:39:45.923,30.1200,61
52785923184643,14:39:45.923,30.1100,122
52785923196510,14:39:45.923,30.1100,72
52785923199233,14:39:45.923,30.1100,6
53216218810512,14:46:56.218,30.1700,100
53216219352289,14:46:56.219,30.1800,74
53216219524586,14:46:56.219,30.1800,26
53216219524586,14:46:56.219,30.1800,2
53216219524586,14:46:56.219,30.1800,8
53216367512980,14:46:56.367,30.1900,10
53216367512980,14:46:56.367,30.2000,90
53216367591118,14:46:56.367,30.2000,10
53216367591118,14:46:56.367,30.2000,2
53216459323198,14:46:56.459,30.2100,10
53221488798049,14:47:01.488,30.1800,100
53221489895190,14:47:01.489,30.1600,100
53549367647567,14:52:29.367,30.1400,5
53557282957245,14:52:37.282,30.1500,100
53596872375586,14:53:16.872,30.1600,100
54253253588621,15:04:13.253,30.1600,100
54253253750827,15:04:13.253,30.1500,1
54253253750827,15:04:13.253,30.1500,1
54253253819106,15:04:13.253,30.1400,47
54253253822382,15:04:13.253,30.1400,37
54253253825515,15:04:13.253,30.1400,16
54255479862506,15:04:15.479,30.1600,4
54261305745458,15:04:21.305,30.1500,1
54383672680447,15:06:23.672,30.0900,100
54948005814027,15:15:48.005,30.0800,100
54948007520085,15:15:48.007,30.0900,100
54948008194846,15:15:48.008,30.1000,100
55010172199274,15:16:50.172,30.0500,1
55010172199274,15:16:50.172,30.0500,99
55010172227015,15:16:50.172,30.0500,1
55200504121324,15:20:00.504,30.0800,13
55200504138736,15:20:00.504,30.0800,5
55427351128655,15:23:47.351,30.0600,1
55453070995626,15:24:13.070,30.0550,100
55572861909766,15:26:12.861,30.0100,100
55572861909766,15:26:12.861,30.0100,100
55679774751671,15:27:59.774,30.0400,30
55791312017525,15:29:51.312,30.0300,1
55972523191666,15:32:52.523,30.0200,28
55972523207094,15:32:52.523,30.0200,72
55972523207094,15:32:52.523,30.0200,66
55972523246654,15:32:52.523,30.0200,16
55972523265106,15:32:52.523,30.0200,18
55972523265106,15:32:52.523,30.0200,16
55972523362094,15:32:52.523,30.0200,84
55972523494380,15:32:52.523,30.0300,100
56052412741373,15:34:12.412,30.0100,27
56052941000572,15:34:12.941,29.9900,300
56329044475482,15:38:49.044,30.0200,61
56329044475482,15:38:49.044,30.0200,39
56413802574736,15:40:13.802,30.0000,200
56413802600703,15:40:13.802,30.0000,18
56413802663062,15:40:13.802,30.0000,60
56413802675663,15:40:13.802,30.0000,34
56413802775220,15:40:13.802,30.0000,106
56413802803751,15:40:13.802,30.0000,18
56413802851353,15:40:13.802,30.0000,35
56413803763289,15:40:13.803,30.0000,100
56414876116558,15:40:14.876,30.0000,65
56414876116558,15:40:14.876,30.0000,35
56421506482135,15:40:21.506,30.0000,100
56629251199435,15:43:49.251,30.0400,10
56629251199435,15:43:49.251,30.0400,90
56629251285661,15:43:49.251,30.0400,6
56629251432571,15:43:49.251,30.0400,4
56650683578340,15:44:10.683,30.0500,1
56690118062379,15:44:50.118,30.0200,100
56715688280675,15:45:15.688,30.0000,65
56715688280675,15:45:15.688,30.0000,35
56715688364368,15:45:15.688,30.0000,165
56720138347342,15:45:20.138,30.0000,200
56720138524821,15:45:20.138,30.0000,100
56720138524821,15:45:20.138,30.0000,100
56720139519545,15:45:20.139,30.0100,100
56724678903306,15:45:24.678,30.0000,100
56725060493169,15:45:25.060,30.0000,100
56725060932852,15:45:25.060,30.0000,100
56873437512508,15:47:53.437,29.9700,10
57106010138393,15:51:46.010,29.9600,5
57251222376324,15:54:11.222,29.9800,47
57251222376324,15:54:11.222,29.9800,100
57251222376324,15:54:11.222,29.9800,300
57251222656986,15:54:11.222,29.9800,100
57251223403672,15:54:11.223,29.9900,100
57254109100211,15:54:14.109,29.9900,64
57254352003078,15:54:14.352,29.9900,36
57254809985152,15:54:14.809,29.9900,50
57274683493276,15:54:34.683,30.0000,5
57286215596880,15:54:46.215,29.9800,2
57286215596880,15:54:46.215,29.9800,98
57286215826871,15:54:46.215,29.9800,2
57508864369658,15:58:28.864,30.1100,78
57508865864482,15:58:28.865,30.1100,27
57538052422821,15:58:58.052,30.1100,22
57548512957176,15:59:08.512,30.1200,47
57550296769467,15:59:10.296,30.1000,28
57551732628986,15:59:11.732,30.1100,200
57572268511836,15:59:32.268,30.1200,52
57578281775644,15:59:38.281,30.1200,100
57588842707600,15:59:48.842,30.1200,1
57589966032316,15:59:49.966,30.1400,169
57594655729724,15:59:54.655,30.1500,2
57597605982519,15:59:57.605,30.1100,19
57600308592650,16:00:00.308,30.1100,98
57600308592650,16:00:00.308,30.1100,471
57600308592650,16:00:00.308,30.1100,8974
