timestamp,time,price,volume
34200819557501,09:30:00.819,25.0000,1406
34291129943549,09:31:31.129,24.9900,2
34291130027637,09:31:31.130,25.0000,100
34381032780425,09:33:01.032,25.0000,34
34381032794970,09:33:01.032,25.0000,66
34421717516379,09:33:41.717,25.0450,100
34431199575350,09:33:51.199,24.9900,73
34573613587450,09:36:13.613,24.8100,100
34578229393559,09:36:18.229,24.9700,100
34578229393559,09:36:18.229,24.9800,100
34578229393559,09:36:18.229,24.9800,100
34578229476829,09:36:18.229,24.9200,100
34581435377302,09:36:21.435,24.9500,100
34581435377302,09:36:21.435,24.9800,100
34581435795286,09:36:21.435,24.9800,67
34581435802214,09:36:21.435,24.9800,100
34581435821278,09:36:21.435,24.9800,133
34581435891504,09:36:21.435,24.9800,100
34587230926822,09:36:27.230,25.0500,100
34587230926822,09:36:27.230,25.0600,100
34587230943032,09:36:27.230,25.0600,100
34587240980481,09:36:27.240,25.1100,100
34605627784924,09:36:45.627,24.9800,7
34647227408303,09:37:27.227,25.2000,32
34985880726243,09:43:05.880,25.0700,100
34985880913306,09:43:05.880,25.0300,100
34985881406569,09:43:05.881,25.0300,100
34985881406569,09:43:05.881,25.0200,200
34985883131152,09:43:05.883,24.9300,100
35193695986772,09:46:33.695,24.9600,100
35197274871882,09:46:37.274,24.9900,100
35197274930565,09:46:37.274,24.9900,200
35255444840572,09:47:35.444,24.9800,100
35255444840572,09:47:35.444,24.9900,100
35255444840572,09:47:35.444,24.9900,200
35258307183879,09:47:38.307,24.9900,100
35258307183879,09:47:38.307,25.0000,100
35527458156592,09:52:07.458,24.8200,100
35527458156592,09:52:07.458,24.7700,100
35528563585974,09:52:08.563,24.5300,100
35528563585974,09:52:08.563,24.5300,100
35532676776973,09:52:12.676,24.5200,100
35532676776973,09:52:12.676,24.5200,100
35545388742294,09:52:25.388,24.6600,100
35545388742294,09:52:25.388,24.6700,100
35545388742294,09:52:25.388,24.6800,100
35545471993698,09:52:25.471,24.6900,100
35545512385270,09:52:25.512,24.7700,600
35547204910959,09:52:27.204,24.9600,100
35547204910959,09:52:27.204,25.0000,200
35547204910959,09:52:27.204,25.0000,100
35547290278729,09:52:27.290,25.0100,100
35547290545249,09:52:27.290,24.9000,100
35547290573018,09:52:27.290,24.8900,100
35861803339845,09:57:41.803,25.1800,100
36040248076755,10:00:40.248,25.2800,16
36138143316741,10:02:18.143,24.9900,100
36138143316741,10:02:18.143,24.9900,100
36138143424111,10:02:18.143,24.9900,100
36141576415000,10:02:21.576,24.9400,100
36141576440049,10:02:21.576,24.9400,46
36141577467388,10:02:21.577,24.9400,146
36316569165986,10:05:16.569,25.0300,84
36418402684324,10:06:58.402,24.9200,100
36418403151081,10:06:58.403,24.9100,100
36440994950329,10:07:20.994,24.8800,100
36440994950329,10:07:20.994,24.9000,100
36440994950329,10:07:20.994,24.9000,100
36441122491155,10:07:21.122,25.0500,100
36441122556295,10:07:21.122,25.0500,100
36441123636585,10:07:21.123,25.0600,1
36441166101916,10:07:21.166,25.0800,100
36441166101916,10:07:21.166,25.0900,100
36453960812192,10:07:33.960,25.2800,100
36453960812192,10:07:33.960,25.2800,100
36453960812192,10:07:33.960,25.2800,600
36453962110723,10:07:33.962,25.1400,100
36656085785191,10:10:56.085,25.0000,100
36656085785191,10:10:56.085,25.0000,100
36656156313130,10:10:56.156,25.0900,100
36656156313130,10:10:56.156,25.1000,100
36656156313130,10:10:56.156,25.1000,100
36656156387493,10:10:56.156,25.0200,100
36656220051953,10:10:56.220,25.1000,100
37116079071601,10:18:36.079,25.0800,19
37182074732453,10:19:42.074,25.1400,100
37182130912928,10:19:42.130,25.1600,54
37184488555491,10:19:44.488,25.1400,46
37185188006106,10:19:45.188,25.1400,46
37191078105425,10:19:51.078,25.0800,100
37191078566177,10:19:51.078,25.0600,100
37191595386535,10:19:51.595,25.0600,31
37280035103712,10:21:20.035,25.0800,8
37280035156314,10:21:20.035,25.0800,38
37482455958330,10:24:42.455,25.0200,60
37640769109512,10:27:20.769,25.1900,100
37640769109512,10:27:20.769,25.2000,100
37640769109512,10:27:20.769,25.2100,100
37640769109512,10:27:20.769,25.2100,100
37649574807822,10:27:29.574,25.3300,100
37652950975961,10:27:32.950,25.1400,100
37652951000693,10:27:32.951,25.1400,100
37657110255130,10:27:37.110,25.1000,100
37657110255130,10:27:37.110,25.1000,100
37657110933534,10:27:37.110,25.1000,100
37657111377076,10:27:37.111,25.0900,43
37657121987268,10:27:37.121,25.0900,57
37657121987268,10:27:37.121,25.0800,43
37657122078827,10:27:37.122,25.0800,57
37666744882469,10:27:46.744,24.9900,286
37666745613844,10:27:46.745,24.9900,100
37666745662294,10:27:46.745,24.9800,100
37666746717895,10:27:46.746,24.9800,30
37670499750462,10:27:50.499,24.9800,30
37862178380820,10:31:02.178,25.0000,100
38036609065583,10:33:56.609,24.8600,5
38036933622712,10:33:56.933,24.8400,100
38036933672559,10:33:56.933,24.8100,100
38187791386412,10:36:27.791,24.9900,100
38187791430152,10:36:27.791,24.9900,63
38187791443410,10:36:27.791,24.9900,237
38412688784793,10:40:12.688,24.9800,100
38412688784793,10:40:12.688,24.9900,100
38412688808431,10:40:12.688,25.0000,200
38412688808431,10:40:12.688,25.0000,100
38412688925385,10:40:12.688,25.0000,100
38412689246317,10:40:12.689,25.0000,100
38412689794617,10:40:12.689,25.0000,100
38414711863157,10:40:14.711,25.0000,100
38414711879587,10:40:14.711,25.0000,300
38417624527365,10:40:17.624,25.0000,200
38417624546145,10:40:17.624,25.0000,400
38495537153095,10:41:35.537,24.9800,100
38518791214104,10:41:58.791,25.0000,200
38518791214104,10:41:58.791,25.0000,200
38518791793058,10:41:58.791,25.0000,100
39174748601838,10:52:54.748,24.8900,5
39174748719788,10:52:54.748,24.9500,19
39174748957680,10:52:54.748,24.8900,19
39308801696739,10:55:08.801,24.9600,100
39396772725469,10:56:36.772,24.9700,100
39396772725469,10:56:36.772,24.9800,100
39406680661742,10:56:46.680,25.0000,6
39423655799582,10:57:03.655,24.8800,6
39429355888377,10:57:09.355,24.8500,100
39429355888377,10:57:09.355,24.8500,70
39429356191364,10:57:09.356,24.8500,100
39429356308999,10:57:09.356,24.8600,100
39429688150409,10:57:09.688,24.8500,28
39437187042951,10:57:17.187,24.8100,73
39437187299248,10:57:17.187,24.8100,27
39440296996618,10:57:20.296,24.7700,50
39788530057857,11:03:08.530,24.6800,100
39883100251503,11:04:43.100,24.7200,100
39883115151289,11:04:43.115,24.7300,100
40138294733153,11:08:58.294,24.7200,100
40138294733153,11:08:58.294,24.7200,100
40191804356811,11:09:51.804,24.6700,25
40191804356811,11:09:51.804,24.6500,100
40191804504723,11:09:51.804,24.6900,100
40191804986579,11:09:51.804,24.6400,200
40191804986579,11:09:51.804,24.6400,100
40191805027772,11:09:51.805,24.6400,100
40250876824078,11:10:50.876,24.6700,130
40250877192380,11:10:50.877,24.6700,100
40250877419222,11:10:50.877,24.6700,100
40250877432183,11:10:50.877,24.6700,30
40250879568804,11:10:50.879,24.6700,100
40250879568804,11:10:50.879,24.6700,30
40263659046868,11:11:03.659,24.6700,100
40269198000249,11:11:09.198,24.6700,100
40269198000249,11:11:09.198,24.6700,100
40269198000249,11:11:09.198,24.6700,30
40270449576704,11:11:10.449,24.6500,100
40270449576704,11:11:10.449,24.6500,130
40283699085456,11:11:23.699,24.7000,10
40299831956186,11:11:39.831,24.7000,10
40349913954938,11:12:29.913,24.5600,100
40374960256499,11:12:54.960,24.5800,100
40507796938867,11:15:07.796,24.6000,100
40583791132624,11:16:23.791,24.6100,3
40773127754712,11:19:33.127,24.7000,100
40773127773413,11:19:33.127,24.7000,300
40773128119591,11:19:33.128,24.7000,100
40773128264780,11:19:33.128,24.7000,100
40775662064210,11:19:35.662,24.7000,100
40775662086326,11:19:35.662,24.7000,900
40779216538875,11:19:39.216,24.7000,400
40779216538875,11:19:39.216,24.7100,100
40779216538875,11:19:39.216,24.7100,100
40779216716493,11:19:39.216,24.7200,40
40779216765178,11:19:39.216,24.7200,60
40789579209254,11:19:49.579,24.7400,100
40830308392913,11:20:30.308,24.6900,100
41087804552854,11:24:47.804,24.6700,100
41087804552854,11:24:47.804,24.6700,100
41087804552854,11:24:47.804,24.6800,100
41087804552854,11:24:47.804,24.6800,200
41221603869271,11:27:01.603,24.7000,100
41221685550959,11:27:01.685,24.7000,100
41221685824184,11:27:01.685,24.7000,100
41221686814882,11:27:01.686,24.7000,100
41221771581340,11:27:01.771,24.7000,100
41445584896222,11:30:45.584,24.6500,25
41445585236068,11:30:45.585,24.6300,5
41445585303417,11:30:45.585,24.6100,3
41445585303417,11:30:45.585,24.6100,3
41467898216878,11:31:07.898,24.5000,100
41472180717697,11:31:12.180,24.5000,200
41472180717697,11:31:12.180,24.5000,100
41605626913942,11:33:25.626,24.4700,100
41686661686814,11:34:46.661,24.4200,100
41686661686814,11:34:46.661,24.4000,100
41686662199390,11:34:46.662,24.4000,100
41686663379617,11:34:46.663,24.3900,44
41686663379617,11:34:46.663,24.3900,56
41686664028269,11:34:46.664,24.3900,44
41686664203290,11:34:46.664,24.3800,100
42589201030005,11:49:49.201,24.4300,5
43272088408564,12:01:12.088,24.4200,8
43438161857172,12:03:58.161,24.4900,88
43438161940758,12:03:58.161,24.4900,12
44480680471927,12:21:20.680,24.5000,100
44576128741883,12:22:56.128,24.4900,100
44576128741883,12:22:56.128,24.5000,100
44845827356434,12:27:25.827,24.4600,9
44845827495031,12:27:25.827,24.4600,4
44845827590462,12:27:25.827,24.4600,13
44846542040704,12:27:26.542,24.4600,30
44846542098502,12:27:26.542,24.4500,8
45012527356009,12:30:12.527,24.4700,10
45320759552918,12:35:20.759,24.4800,100
45351388738016,12:35:51.388,24.5000,100
45353879252762,12:35:53.879,24.4800,100
45353879252762,12:35:53.879,24.4800,100
45353879252762,12:35:53.879,24.4600,9800
45353879393274,12:35:53.879,24.4600,200
45353879443224,12:35:53.879,24.4600,5
45353879443224,12:35:53.879,24.4600,95
45353879496790,12:35:53.879,24.4600,5
45353879496790,12:35:53.879,24.4600,95
45353880251775,12:35:53.880,24.4600,105
45570336770250,12:39:30.336,24.4400,30
45684516638537,12:41:24.516,24.4600,5
46003650024942,12:46:43.650,24.5400,86
46003650805421,12:46:43.650,24.5400,3
46003650805421,12:46:43.650,24.5400,3
46029873002474,12:47:09.873,24.5800,50
46029873075066,12:47:09.873,24.5800,50
46029876970246,12:47:09.876,24.7000,200
46029880755822,12:47:09.880,24.7000,400
46205237009477,12:50:05.237,24.7400,400
46205237036626,12:50:05.237,24.7400,400
46205237045942,12:50:05.237,24.7400,100
46205237404163,12:50:05.237,24.7400,100
46205237792020,12:50:05.237,24.7400,200
46205742338599,12:50:05.742,24.7400,100
46231280512048,12:50:31.280,24.7100,100
46290076106811,12:51:30.076,24.7100,100
46290076204283,12:51:30.076,24.7000,100
46290076204283,12:51:30.076,24.7000,5
46290078145281,12:51:30.078,24.7000,100
46294468616136,12:51:34.468,24.7400,600
46294468839853,12:51:34.468,24.7400,100
46295820614975,12:51:35.820,24.7200,100
46323030244262,12:52:03.030,24.7500,100
46323030295024,12:52:03.030,24.7400,100
46323030422711,12:52:03.030,24.7400,100
46323030521245,12:52:03.030,24.7400,100
46323030542220,12:52:03.030,24.7400,100
46323030688869,12:52:03.030,24.7400,100
46332252253362,12:52:12.252,24.7600,100
46458910576717,12:54:18.910,24.7200,100
46618711878025,12:56:58.711,24.8000,7
46686540838684,12:58:06.540,24.6900,100
46857473179355,13:00:57.473,24.7500,100
46859160037251,13:00:59.160,24.7500,1
47141800111790,13:05:41.800,24.6900,100
47159303638985,13:05:59.303,24.8900,100
47159303638985,13:05:59.303,24.9100,100
47159303638985,13:05:59.303,24.9200,100
47159303638985,13:05:59.303,24.9300,100
47159303638985,13:05:59.303,24.9400,100
47159384243407,13:05:59.384,24.9400,100
47159384243407,13:05:59.384,24.9400,100
47503068498821,13:11:43.068,25.0000,100
47503070159383,13:11:43.070,25.0100,100
47503070193415,13:11:43.070,25.0000,100
47503218620143,13:11:43.218,25.0000,100
47503218669088,13:11:43.218,25.0000,100
47527262486477,13:12:07.262,25.0000,100
47541571430814,13:12:21.571,25.0000,100
47547546179648,13:12:27.546,25.0000,100
47547557898421,13:12:27.557,25.0000,100
47547558165564,13:12:27.558,25.0000,100
47548801467506,13:12:28.801,25.0000,100
47548803256602,13:12:28.803,25.0000,100
47548805110541,13:12:28.805,25.0000,100
47548902104363,13:12:28.902,25.0000,100
47548902155060,13:12:28.902,25.0000,100
47548963436495,13:12:28.963,25.0000,100
47548963861012,13:12:28.963,25.0000,100
47548963861012,13:12:28.963,25.0000,100
47548967918081,13:12:28.967,24.9900,100
47549079739586,13:12:29.079,25.0000,100
47576290199162,13:12:56.290,25.0100,100
48174366442090,13:22:54.366,25.2350,15
48348389202192,13:25:48.389,25.1500,100
48480962654803,13:28:00.962,25.2000,100
48480962736121,13:28:00.962,25.1400,13
48480964011448,13:28:00.964,25.1300,5
48480994942379,13:28:00.994,25.1600,100
48494841403925,13:28:14.841,25.0600,100
48545867423266,13:29:05.867,25.1700,100
48545867987182,13:29:05.867,25.1600,5
48545868641256,13:29:05.868,25.1500,100
48547171991037,13:29:07.171,25.0800,100
48843332562260,13:34:03.332,25.2000,300
48843332626639,13:34:03.332,25.2000,100
48843332688660,13:34:03.332,25.2000,100
48843332752878,13:34:03.332,25.2000,100
48843349264008,13:34:03.349,25.2200,100
48843415596700,13:34:03.415,25.2600,100
48843416365189,13:34:03.416,25.2000,100
48843417193467,13:34:03.417,25.1900,200
48843443603620,13:34:03.443,25.1900,100
48892656175699,13:34:52.656,25.1900,100
48892656175699,13:34:52.656,25.1900,100
48892661134817,13:34:52.661,25.2600,100
48892661152337,13:34:52.661,25.2700,100
48892661152337,13:34:52.661,25.2700,100
48892661152337,13:34:52.661,25.2700,500
48892661668372,13:34:52.661,25.2100,100
48892661700582,13:34:52.661,25.2100,100
49298361681962,13:41:38.361,25.1600,100
49418119419524,13:43:38.119,25.0900,5
49418119505333,13:43:38.119,25.0900,100
49445844244966,13:44:05.844,25.1200,100
49445844290800,13:44:05.844,25.1100,100
49445844968758,13:44:05.844,25.0600,5
49449335684803,13:44:09.335,25.0500,100
49449336159294,13:44:09.336,25.0400,100
49449336159294,13:44:09.336,25.0400,30
49449336472930,13:44:09.336,25.0400,100
49449336520610,13:44:09.336,25.0300,100
49449336527251,13:44:09.336,25.0400,50
49449336576646,13:44:09.336,25.0300,100
49449336580121,13:44:09.336,25.0400,100
49449336619719,13:44:09.336,25.0400,50
49449352231205,13:44:09.352,25.0200,3
49449352231205,13:44:09.352,25.0200,8
49449352231205,13:44:09.352,25.0200,3
49701451585235,13:48:21.451,25.0000,100
49701451585235,13:48:21.451,25.0200,100
49701451585235,13:48:21.451,25.0200,100
49701617271881,13:48:21.617,25.0500,100
50371716997342,13:59:31.716,25.1900,3
50371719001235,13:59:31.719,25.1800,3
50373431784105,13:59:33.431,25.0700,5
50459815242744,14:00:59.815,25.1800,10
50619785312192,14:03:39.785,25.0700,19
50619834450493,14:03:39.834,25.0400,100
50619834452579,14:03:39.834,25.0400,100
50619834476589,14:03:39.834,25.0400,100
50619834590056,14:03:39.834,25.0400,100
50619835083533,14:03:39.835,25.0400,100
50627165926304,14:03:47.165,24.9400,60
50699417110758,14:04:59.417,24.9900,2
50699417110758,14:04:59.417,24.9900,37
50725134768583,14:05:25.134,24.9900,63
50725135895720,14:05:25.135,24.9500,100
50749875900486,14:05:49.875,25.0000,10
50862212648306,14:07:42.212,25.0000,100
50879806509298,14:07:59.806,25.0800,12
50931107142915,14:08:51.107,25.0800,88
50931107142915,14:08:51.107,25.0800,100
50931107142915,14:08:51.107,25.1000,100
50931107142915,14:08:51.107,25.1000,12
50931107647064,14:08:51.107,25.0300,100
50931108813710,14:08:51.108,25.0900,100
50935344877160,14:08:55.344,25.0900,100
50935344877160,14:08:55.344,25.0900,98
50935344877160,14:08:55.344,25.0900,2
50935344877160,14:08:55.344,25.0900,300
51382516043603,14:16:22.516,25.1000,600
51400208371240,14:16:40.208,25.1000,100
51466779413615,14:17:46.779,25.0100,16
51544545480353,14:19:04.545,25.0900,10
51544545702687,14:19:04.545,25.0900,90
51544545809032,14:19:04.545,25.1000,100
51544548776485,14:19:04.548,25.1000,100
51554713993625,14:19:14.713,25.1000,100
51567730086738,14:19:27.730,25.2000,4
51585755575098,14:19:45.755,25.1000,100
51585755596177,14:19:45.755,25.1000,100
51593010114184,14:19:53.010,25.0800,100
51593010168934,14:19:53.010,25.0800,10
51593010913274,14:19:53.010,25.0800,10
51711988064907,14:21:51.988,25.0700,100
51711989381789,14:21:51.989,25.0600,26
51855522693476,14:24:15.522,25.1000,200
51855522719416,14:24:15.522,25.1000,100
51865672572418,14:24:25.672,25.1000,200
51876850373776,14:24:36.850,25.1000,100
52065115648319,14:27:45.115,25.0800,100
52109635578479,14:28:29.635,25.0900,100
52140346049208,14:29:00.346,25.0600,5
52140356157256,14:29:00.356,25.0200,3
52173026547976,14:29:33.026,25.0200,200
52415793001129,14:33:35.793,25.0700,100
52699738180192,14:38:19.738,25.3100,3
52723369527820,14:38:43.369,25.3200,100
52723370030533,14:38:43.370,25.2600,100
52723371200634,14:38:43.371,25.2600,100
52723371391292,14:38:43.371,25.2600,27
52723371635649,14:38:43.371,25.2600,27
52723371690813,14:38:43.371,25.2600,19
52723371722887,14:38:43.371,25.2600,8
52723371753137,14:38:43.371,25.2600,7
52723371754472,14:38:43.371,25.2600,11
52723371785115,14:38:43.371,25.2600,1
52724321870086,14:38:44.321,25.2100,100
52724737877783,14:38:44.737,25.3300,5
52832552152489,14:40:32.552,25.1500,5
52832552389145,14:40:32.552,25.1500,95
52832552389145,14:40:32.552,25.1400,5
53053935644978,14:44:13.935,25.1600,100
53076361340414,14:44:36.361,25.2700,100
53193358552245,14:46:33.358,25.1700,100
53220387347727,14:47:00.387,25.2500,100
53220388035937,14:47:00.388,25.2700,100
53244289181710,14:47:24.289,25.2700,100
53244289181710,14:47:24.289,25.2600,100
53244289258676,14:47:24.289,25.2600,100
53252559347730,14:47:32.559,25.2400,100
53429949891359,14:50:29.949,25.2000,100
53464012399882,14:51:04.012,25.2000,200
53541752524333,14:52:21.752,25.2000,100
53544794342003,14:52:24.794,25.2000,100
53544795382841,14:52:24.795,25.3800,1
53544795477117,14:52:24.795,25.2000,100
53544795513749,14:52:24.795,25.2000,100
53572750434107,14:52:52.750,25.2000,100
53587623163815,14:53:07.623,25.2000,100
53587625116591,14:53:07.625,25.2100,100
53767150908342,14:56:07.150,25.2100,100
53767151264953,14:56:07.151,25.2000,100
53767152841336,14:56:07.152,25.1800,100
53767153411054,14:56:07.153,25.1700,100
53767153644427,14:56:07.153,25.1600,100
53767173455717,14:56:07.173,25.1900,95
53767173455717,14:56:07.173,25.2100,300
53767174143366,14:56:07.174,25.2100,5
53823990862825,14:57:03.990,25.3700,1
53824038431294,14:57:04.038,25.2000,100
53868193629870,14:57:48.193,25.3700,3
53868196927615,14:57:48.196,25.2000,100
53875291111806,14:57:55.291,25.2000,100
53875291111806,14:57:55.291,25.2000,100
53875306298561,14:57:55.306,25.2000,9
53875306298561,14:57:55.306,25.1800,100
53875306298561,14:57:55.306,25.1700,91
53875306754953,14:57:55.306,25.1700,9
53875306754953,14:57:55.306,25.1700,91
53883273041555,14:58:03.273,25.2000,100
53883324918803,14:58:03.324,25.2000,100
53970703647870,14:59:30.703,25.2400,100
53971314013315,14:59:31.314,25.3700,51
54031135558130,15:00:31.135,25.2500,3
54031135558130,15:00:31.135,25.2500,100
54031135558130,15:00:31.135,25.2500,6
54031135558130,15:00:31.135,25.2500,91
54067007608864,15:01:07.007,25.2600,2
54067007608864,15:01:07.007,25.2600,98
54067007697830,15:01:07.007,25.2600,2
54067008297253,15:01:07.008,25.2500,5
54067009646597,15:01:07.009,25.2400,3
54069009875007,15:01:09.009,25.2100,100
54300448937633,15:05:00.448,25.1800,100
54312283947910,15:05:12.283,25.2800,100
54312283956231,15:05:12.283,25.2800,100
54312283956231,15:05:12.283,25.2900,100
54312283956231,15:05:12.283,25.3000,100
54312283956231,15:05:12.283,25.3000,500
54314456642218,15:05:14.456,25.3000,400
54314456767097,15:05:14.456,25.3900,100
54314457048456,15:05:14.457,25.3400,100
54314457694455,15:05:14.457,25.3300,44
54314457750174,15:05:14.457,25.3300,56
54317273053538,15:05:17.273,25.3300,100
54317273053538,15:05:17.273,25.3300,100
54317273053538,15:05:17.273,25.3300,100
54321469703234,15:05:21.469,25.3400,100
54332006842652,15:05:32.006,25.3400,100
54332006842652,15:05:32.006,25.3400,100
54357980087717,15:05:57.980,25.2500,100
54357985675019,15:05:57.985,25.2500,97
54357985675019,15:05:57.985,25.2300,3
54357986741390,15:05:57.986,25.2300,97
54359236302853,15:05:59.236,25.2200,100
54399002858287,15:06:39.002,25.2000,200
54399002858287,15:06:39.002,25.2000,100
54450120911500,15:07:30.120,25.2100,100
54450125887452,15:07:30.125,25.1900,5
54548878485282,15:09:08.878,25.2000,100
54548909207265,15:09:08.909,25.1900,5
54548909207265,15:09:08.909,25.1900,100
54548909207265,15:09:08.909,25.1900,95
54548909484755,15:09:08.909,25.1900,88
54589299933433,15:09:49.299,25.2100,100
54589300952893,15:09:49.300,25.2000,100
54605347194410,15:10:05.347,25.2400,100
54648138617734,15:10:48.138,25.1500,3
54648168950880,15:10:48.168,25.1800,100
54648168950880,15:10:48.168,25.1800,100
54648168950880,15:10:48.168,25.1900,300
54648954415045,15:10:48.954,25.1900,325
54725480635435,15:12:05.480,25.1900,400
54752939094946,15:12:32.939,25.1900,1000
54752939327080,15:12:32.939,25.1900,79
54752965041458,15:12:32.965,25.1900,100
54755463247091,15:12:35.463,25.1900,1000
54759617364387,15:12:39.617,25.1900,1000
54759617417887,15:12:39.617,25.1900,100
54759617468749,15:12:39.617,25.1900,100
54777487077764,15:12:57.487,25.1900,200
54805467890251,15:13:25.467,25.1900,1
54805467894926,15:13:25.467,25.1900,3
54846259238191,15:14:06.259,25.1900,1000
54846259340811,15:14:06.259,25.1900,2792
54846259775008,15:14:06.259,25.2500,1
54846259775550,15:14:06.259,25.2500,2
54846259777929,15:14:06.259,25.2500,1
54846259778514,15:14:06.259,25.2500,1
54846259780504,15:14:06.259,25.2500,1
54846259785976,15:14:06.259,25.2500,1
54846259786508,15:14:06.259,25.2500,1
54846259788497,15:14:06.259,25.2500,2
54846259788975,15:14:06.259,25.2500,3
54846259791385,15:14:06.259,25.2500,2
54846259792917,15:14:06.259,25.2500,2
54947273059645,15:15:47.273,25.2400,100
54947273059645,15:15:47.273,25.2500,83
55204103673662,15:20:04.103,25.2500,100
55204114739758,15:20:04.114,25.2300,30
55204114739758,15:20:04.114,25.2300,70
55204114794074,15:20:04.114,25.2300,30
55205123076353,15:20:05.123,25.2400,100
55205123162530,15:20:05.123,25.2300,100
55205123391709,15:20:05.123,25.2400,100
55205123424529,15:20:05.123,25.2300,100
55205761303657,15:20:05.761,25.2200,100
55323207365420,15:22:03.207,25.2100,63
55336494788604,15:22:16.494,25.1800,14
55336494788604,15:22:16.494,25.1800,5
55488421192943,15:24:48.421,25.2200,100
55488421192943,15:24:48.421,25.2200,100
55488505067214,15:24:48.505,25.2300,100
55488565583351,15:24:48.565,25.2400,100
55488565583351,15:24:48.565,25.2400,100
55492141142196,15:24:52.141,25.3000,100
55492141142196,15:24:52.141,25.3000,100
55657356828061,15:27:37.356,25.3000,1
55673116646812,15:27:53.116,25.3000,2
55673118939667,15:27:53.118,25.3000,1
55673121060599,15:27:53.121,25.3000,2
55673124820085,15:27:53.124,25.3000,1
55673125059723,15:27:53.125,25.3000,1
55673127631381,15:27:53.127,25.3000,1
55673129706759,15:27:53.129,25.3000,1
55673130559734,15:27:53.130,25.3000,1
55673130649718,15:27:53.130,25.3000,1
55673131276397,15:27:53.131,25.3000,1
55673132254634,15:27:53.132,25.3000,1
55673133541672,15:27:53.133,25.3000,1
55673134213840,15:27:53.134,25.3000,1
55673136032468,15:27:53.136,25.3000,1
55673136181001,15:27:53.136,25.3000,1
55673136646805,15:27:53.136,25.3000,1
55673137637848,15:27:53.137,25.3000,1
55673137918896,15:27:53.137,25.3000,1
55683800444010,15:28:03.800,25.2500,100
55683800444010,15:28:03.800,25.2500,60
55683800444010,15:28:03.800,25.2500,100
55683800444010,15:28:03.800,25.2500,300
55683801310605,15:28:03.801,25.2300,5
55696926710575,15:28:16.926,25.2400,100
55696976750799,15:28:16.976,25.2400,100
55773913487627,15:29:33.913,25.2200,3
56018929923636,15:33:38.929,25.3000,100
56018975704911,15:33:38.975,25.3000,100
56019015700606,15:33:39.015,25.3350,100
56019015700606,15:33:39.015,25.3800,92
56033199782401,15:33:53.199,25.3500,100
56193776073193,15:36:33.776,25.3800,5
56273120441752,15:37:53.120,25.3300,5
56273120468649,15:37:53.120,25.3300,80
56273204299026,15:37:53.204,25.3300,10
56273204299026,15:37:53.204,25.3300,100
56424134779502,15:40:24.134,25.3100,100
56424134779502,15:40:24.134,25.3100,185
56424134779502,15:40:24.134,25.3100,70
56424134779502,15:40:24.134,25.3100,3
56424135353232,15:40:24.135,25.3100,29
56474632749377,15:41:14.632,25.1900,5
56480514268904,15:41:20.514,25.1500,100
56482414987444,15:41:22.414,25.2200,17
56482415429562,15:41:22.415,25.2200,183
56482415453712,15:41:22.415,25.2200,100
56523498006843,15:42:03.498,25.2500,200
56523498022645,15:42:03.498,25.2500,100
56523498797362,15:42:03.498,25.2600,100
56525559777198,15:42:05.559,25.2500,100
56525559782080,15:42:05.559,25.2500,100
56525559857841,15:42:05.559,25.2500,100
56528352335880,15:42:08.352,25.2500,100
56528352335880,15:42:08.352,25.2500,100
56528352335880,15:42:08.352,25.2900,100
56528352685348,15:42:08.352,25.2400,30
56528352712987,15:42:08.352,25.2400,100
56528357988922,15:42:08.357,25.2400,100
56528357988922,15:42:08.357,25.2400,30
56528357988922,15:42:08.357,25.2400,100
56528357988922,15:42:08.357,25.2400,100
56548043065220,15:42:28.043,25.2000,100
56549403310080,15:42:29.403,25.1400,100
56560759821287,15:42:40.759,25.1300,70
56560759821287,15:42:40.759,25.1300,100
56560759940168,15:42:40.759,25.1200,32
56560759943468,15:42:40.759,25.1200,33
56560759947679,15:42:40.759,25.1200,35
56560760046488,15:42:40.760,25.1100,22
56562946995770,15:42:42.946,25.1100,78
56568069782571,15:42:48.069,25.1000,98
56568069797552,15:42:48.069,25.1000,2
56722128451468,15:45:22.128,25.0200,100
56722128451468,15:45:22.128,25.0200,15
56722128451468,15:45:22.128,25.0200,3
56722128451468,15:45:22.128,25.0200,5
56722128451468,15:45:22.128,25.0200,22
56722128456601,15:45:22.128,25.0200,50
56722128462879,15:45:22.128,25.0200,28
56722128462879,15:45:22.128,25.0200,100
56730788316901,15:45:30.788,25.0300,200
56733465189527,15:45:33.465,25.0500,100
56733465276832,15:45:33.465,25.0600,100
56733470478909,15:45:33.470,25.0700,104
56733470482798,15:45:33.470,25.0700,34
56733470533391,15:45:33.470,25.0700,62
57061128927379,15:51:01.128,25.0700,5
57061128927379,15:51:01.128,25.0700,100
57061128927379,15:51:01.128,25.0700,100
57061128927379,15:51:01.128,25.0700,100
57071128283984,15:51:11.128,25.0600,5
57073147299115,15:51:13.147,25.1300,100
57090564261052,15:51:30.564,25.1700,100
57139682683901,15:52:19.682,25.1300,10
57271562572159,15:54:31.562,25.1700,74
57271562601320,15:54:31.562,25.1700,46
57271562647768,15:54:31.562,25.1700,63
57271567415643,15:54:31.567,25.1700,17
57300240847911,15:55:00.240,25.2200,100
57350621237021,15:55:50.621,25.2400,2
57350621237021,15:55:50.621,25.2400,93
57350621237021,15:55:50.621,25.2400,5
57350621312267,15:55:50.621,25.2400,95
57350791597428,15:55:50.791,25.2200,2
57350791951946,15:55:50.791,25.2000,10
57350792901212,15:55:50.792,25.1900,5
57356029697906,15:55:56.029,25.1800,100
57356029726221,15:55:56.029,25.1800,16
57356029726221,15:55:56.029,25.1800,84
57356029745844,15:55:56.029,25.1800,16
57356029745844,15:55:56.029,25.1800,100
57356030210641,15:55:56.030,25.1400,2
57356030210641,15:55:56.030,25.1100,14
57356030576438,15:55:56.030,25.1200,100
57356030633815,15:55:56.030,25.1200,100
57362255637459,15:56:02.255,25.1300,79
57362255638686,15:56:02.255,25.1300,21
57362256060281,15:56:02.256,25.1200,100
57362256060281,15:56:02.256,25.1200,100
57363834143045,15:56:03.834,25.1100,146
57363834143045,15:56:03.834,25.1100,60
57363834143045,15:56:03.834,25.1100,100
57366295692320,15:56:06.295,25.1000,56
57369129535548,15:56:09.129,25.0800,43
57369129535548,15:56:09.129,25.0800,20
57369129535548,15:56:09.129,25.0800,37
57369129535548,15:56:09.129,25.0800,2
57369129535548,15:56:09.129,25.0800,300
57369129535548,15:56:09.129,25.0800,100
57369129535548,15:56:09.129,25.0800,100
57369129535548,15:56:09.129,25.0800,100
57369129535548,15:56:09.129,25.0800,100
57381704887275,15:56:21.704,25.0800,100
57381706761079,15:56:21.706,25.0700,30
57381706761079,15:56:21.706,25.0700,100
57381706761079,15:56:21.706,25.0700,23
57381706772062,15:56:21.706,25.0700,70
57381706782107,15:56:21.706,25.0700,7
57381707970587,15:56:21.707,25.0700,77
57381743888172,15:56:21.743,25.0700,50
57394128066328,15:56:34.128,25.0600,63
57394128066328,15:56:34.128,25.0600,100
57394128066328,15:56:34.128,25.0600,37
57400127609178,15:56:40.127,25.0600,155
57400127609178,15:56:40.127,25.0600,45
57407127313574,15:56:47.127,25.0600,100
57414128360284,15:56:54.128,25.0600,55
57414128360284,15:56:54.128,25.0600,40
57426127140009,15:57:06.127,25.0600,100
57433127907884,15:57:13.127,25.0700,73
57433127907884,15:57:13.127,25.0700,27
57433134930508,15:57:13.134,25.0900,100
57454127607609,15:57:34.127,25.1000,68
57460204374733,15:57:40.204,25.1200,100
57462310471582,15:57:42.310,25.1000,100
57474985775255,15:57:54.985,25.1000,100
57475347738655,15:57:55.347,25.1200,100
57475347810152,15:57:55.347,25.1200,100
57489716521849,15:58:09.716,25.1200,95
57494126251337,15:58:14.126,25.1300,100
57507128166646,15:58:27.128,25.1200,217
57507128166646,15:58:27.128,25.1200,100
57507128166646,15:58:27.128,25.1200,2
57507128200776,15:58:27.128,25.1200,43
57507128484295,15:58:27.128,25.1200,23
57507128561908,15:58:27.128,25.1200,77
57507128835471,15:58:27.128,25.1200,77
57514759099931,15:58:34.759,25.1200,3
57517478362514,15:58:37.478,25.1200,199
57517478362514,15:58:37.478,25.1200,85
57517478362514,15:58:37.478,25.1200,261
57517478362514,15:58:37.478,25.1200,247
57517478409887,15:58:37.478,25.1100,23
57517900883256,15:58:37.900,25.1100,49
57518161551773,15:58:38.161,25.1100,545
57518161551773,15:58:38.161,25.1100,3
57519490476634,15:58:39.490,25.1000,32
57519490476634,15:58:39.490,25.1000,100
57519490476634,15:58:39.490,25.1000,68
57519618304816,15:58:39.618,25.1000,132
57519618304816,15:58:39.618,25.1000,300
57519618304816,15:58:39.618,25.1000,300
57519618304816,15:58:39.618,25.1000,168
57519618361627,15:58:39.618,25.1000,100
57519618503754,15:58:39.618,25.0900,300
57519618503754,15:58:39.618,25.0900,300
57519618503754,15:58:39.618,25.0900,133
57519618503754,15:58:39.618,25.0900,300
57519618503754,15:58:39.618,25.0900,261
57520128476527,15:58:40.128,25.0800,10
57520128476527,15:58:40.128,25.0800,68
57520128633871,15:58:40.128,25.0800,32
57520128633871,15:58:40.128,25.0800,247
57520128633871,15:58:40.128,25.0800,200
57522011470050,15:58:42.011,25.0700,10
57522012813328,15:58:42.012,25.0700,251
57527048847613,15:58:47.048,25.0600,100
57527324121232,15:58:47.324,25.0700,100
57527324121232,15:58:47.324,25.0700,100
57527324121232,15:58:47.324,25.0700,100
57535269497936,15:58:55.269,25.0700,100
57540812932701,15:59:00.812,25.0900,100
57540868282931,15:59:00.868,25.1000,100
57543340804694,15:59:03.340,25.0900,200
57543340899624,15:59:03.340,25.1100,30
57553223421460,15:59:13.223,25.1100,24
57553223421460,15:59:13.223,25.1100,30
57553223421460,15:59:13.223,25.1100,13
57553223421460,15:59:13.223,25.1100,133
57555034553435,15:59:15.034,25.1200,100
57561129420559,15:59:21.129,25.1300,200
57561129450349,15:59:21.129,25.1300,21
57561129450349,15:59:21.129,25.1300,261
57571127098384,15:59:31.127,25.1500,100
57571127128082,15:59:31.127,25.1500,144
57571127128082,15:59:31.127,25.1500,261
57580359288029,15:59:40.359,25.1800,100
57580359288029,15:59:40.359,25.1700,244
57580359288029,15:59:40.359,25.1700,18
57581710842477,15:59:41.710,25.1700,200
57581710866962,15:59:41.710,25.1700,43
57581710866962,15:59:41.710,25.1700,500
57590319918426,15:59:50.319,25.1600,129
57590319918426,15:59:50.319,25.1600,194
57590423845380,15:59:50.423,25.2000,2
57591134230246,15:59:51.134,25.2000,18
57591134604415,15:59:51.134,25.2000,2
57591134604415,15:59:51.134,25.2100,25
57591134612273,15:59:51.134,25.2100,31
57593240174659,15:59:53.240,25.2000,27
57595260019695,15:59:55.260,25.1700,17
57595260019695,15:59:55.260,25.1600,30
57595260019695,15:59:55.260,25.1600,170
57595798420562,15:59:55.798,25.2000,173
57595798420562,15:59:55.798,25.2000,27
57597715070630,15:59:57.715,25.2000,31
57597799713901,15:59:57.799,25.2100,244
57597799713901,15:59:57.799,25.2100,56
57598801090342,15:59:58.801,25.2100,44
57598801090342,15:59:58.801,25.2100,156
57599013259858,15:59:59.013,25.1800,100
57599916041787,15:59:59.916,25.1800,200
57599918987471,15:59:59.918,25.1800,100
57599922613910,15:59:59.922,25.1800,100
57600350500621,16:00:00.350,25.1800,25563
