timestamp,time,price,volume
34200936119482,09:30:00.936,0.0000,0
34240509016321,09:30:40.509,5.9300,100
34240509814134,09:30:40.509,5.9400,100
34240510848852,09:30:40.510,5.9200,100
34240535016829,09:30:40.535,5.9400,100
34240580779396,09:30:40.580,5.9400,100
34240757649238,09:30:40.757,5.9700,100
34240760968990,09:30:40.760,5.9700,100
34247224600206,09:30:47.224,5.9600,100
34247224600206,09:30:47.224,5.9600,97
34325504332904,09:32:05.504,5.9200,100
34325504332904,09:32:05.504,5.9200,100
34325508189519,09:32:05.508,5.8900,100
34325510044274,09:32:05.510,5.8900,100
34381068347044,09:33:01.068,5.8700,100
34402433049363,09:33:22.433,5.8400,5
34506569919370,09:35:06.569,5.8100,100
34506569919370,09:35:06.569,5.8100,100
34584564098893,09:36:24.564,5.8100,26
34617839298180,09:36:57.839,5.8200,100
34617846029689,09:36:57.846,5.8200,1078
34617846080322,09:36:57.846,5.8200,122
34619609134449,09:36:59.609,5.8300,100
34619611328991,09:36:59.611,5.8400,300
34688007746099,09:38:08.007,5.8900,245
34820263746827,09:40:20.263,5.8700,50
34820263770451,09:40:20.263,5.8700,50
34831863963549,09:40:31.863,5.8700,37
34831863963549,09:40:31.863,5.8700,5
34897601465847,09:41:37.601,5.8700,10
34897601639957,09:41:37.601,5.8700,20
34897601639957,09:41:37.601,5.8800,27
34904799775207,09:41:44.799,5.8800,53
34933959133088,09:42:13.959,5.8600,100
34933959133088,09:42:13.959,5.8600,100
34956628731347,09:42:36.628,5.8500,100
34986193802556,09:43:06.193,5.8500,100
35012279772908,09:43:32.279,5.8500,3
35057293090495,09:44:17.293,5.8400,100
35057293090495,09:44:17.293,5.8400,100
35057313344950,09:44:17.313,5.8300,100
35057313344950,09:44:17.313,5.8300,100
35186365616108,09:46:26.365,5.8400,300
35186365616108,09:46:26.365,5.8400,100
35186365616108,09:46:26.365,5.8400,100
35186370592835,09:46:26.370,5.8300,100
35261400228375,09:47:41.400,5.8400,50
35489902274401,09:51:29.902,5.7900,5
35489902274401,09:51:29.902,5.7900,100
35500078375465,09:51:40.078,5.8000,100
35504234679935,09:51:44.234,5.7900,200
35504234679935,09:51:44.234,5.7900,100
35504234679935,09:51:44.234,5.7900,100
35504234679935,09:51:44.234,5.7900,100
35513434510959,09:51:53.434,5.7800,8
35513434510959,09:51:53.434,5.7800,2
35513434510959,09:51:53.434,5.7800,5
35513434510959,09:51:53.434,5.7800,100
35513434510959,09:51:53.434,5.7800,100
35513437464814,09:51:53.437,5.7700,100
35542364040586,09:52:22.364,5.7600,100
35543869235011,09:52:23.869,5.7500,100
35543869235011,09:52:23.869,5.7500,100
35543869235011,09:52:23.869,5.7500,100
35543869235011,09:52:23.869,5.7500,100
35543869235011,09:52:23.869,5.7500,100
35546982486951,09:52:26.982,5.7500,24
35546982811485,09:52:26.982,5.7500,76
35547603506184,09:52:27.603,5.7300,100
35589216508432,09:53:09.216,5.7400,3
35606936997780,09:53:26.936,5.7200,63
35607329755827,09:53:27.329,5.7200,37
35662075265382,09:54:22.075,5.7100,27
35662075558685,09:54:22.075,5.7100,73
35725298796752,09:55:25.298,5.7300,200
35725298796752,09:55:25.298,5.7300,2
35865169060819,09:57:45.169,5.7200,100
35866305284056,09:57:46.305,5.7150,200
35866305284056,09:57:46.305,5.7100,102
35890870786887,09:58:10.870,5.7100,3
35919616995748,09:58:39.616,5.7150,100
35971127616112,09:59:31.127,5.7100,18
36020830179113,10:00:20.830,5.7100,100
36060178985895,10:01:00.178,5.7100,100
36131091504998,10:02:11.091,5.7200,200
36136677815952,10:02:16.677,5.7300,100
36195892493268,10:03:15.892,5.7300,3
36195892522718,10:03:15.892,5.7300,397
36195892522718,10:03:15.892,5.7300,100
36265605280208,10:04:25.605,5.7300,200
36319312274734,10:05:19.312,5.7300,200
36383126225063,10:06:23.126,5.7300,100
36384133163948,10:06:24.133,5.7400,100
36384133163948,10:06:24.133,5.7400,100
36384133163948,10:06:24.133,5.7400,100
36384133163948,10:06:24.133,5.7400,100
36454849321859,10:07:34.849,5.7350,100
36454849321859,10:07:34.849,5.7300,100
36454849337831,10:07:34.849,5.7300,100
36454849337831,10:07:34.849,5.7300,100
36454850574459,10:07:34.850,5.7300,100
36489837603661,10:08:09.837,5.7250,3
36543846947425,10:09:03.846,5.7300,100
36543846947425,10:09:03.846,5.7300,200
36621415685784,10:10:21.415,5.7400,100
36698951359972,10:11:38.951,5.7400,100
36698951359972,10:11:38.951,5.7400,100
36785548784633,10:13:05.548,5.7500,3
36958471318842,10:15:58.471,5.7550,100
37117887288941,10:18:37.887,5.7500,4
37367446314223,10:22:47.446,5.7600,100
37367446314223,10:22:47.446,5.7600,400
37367446375146,10:22:47.446,5.7600,100
37367446375146,10:22:47.446,5.7600,100
37376844694650,10:22:56.844,5.7700,100
37571764460910,10:26:11.764,5.7700,500
37571764460910,10:26:11.764,5.7700,39
37571764460910,10:26:11.764,5.7700,11
37575723229235,10:26:15.723,5.7800,100
37575723229235,10:26:15.723,5.7800,100
37582054707111,10:26:22.054,5.8000,64
37582054715118,10:26:22.054,5.8000,36
37664219276552,10:27:44.219,5.8100,100
37664219276552,10:27:44.219,5.8100,100
37664219276552,10:27:44.219,5.8100,48
37664219628219,10:27:44.219,5.8100,100
37664219628219,10:27:44.219,5.8100,23
37664219628219,10:27:44.219,5.8100,100
37665173086997,10:27:45.173,5.8200,100
37683299793001,10:28:03.299,5.8200,200
37703377531996,10:28:23.377,5.8150,100
37703377531996,10:28:23.377,5.8200,100
37703377531996,10:28:23.377,5.8200,100
37703377531996,10:28:23.377,5.8200,100
37703377531996,10:28:23.377,5.8200,100
37703377531996,10:28:23.377,5.8200,100
37703377531996,10:28:23.377,5.8300,73
37703377531996,10:28:23.377,5.8300,100
37703377531996,10:28:23.377,5.8300,100
37703377531996,10:28:23.377,5.8300,100
37703383022355,10:28:23.383,5.8300,8
37703489293703,10:28:23.489,5.8300,28
37703489444436,10:28:23.489,5.8300,64
37703489934391,10:28:23.489,5.8300,100
37703489934391,10:28:23.489,5.8300,100
37703489934391,10:28:23.489,5.8300,100
37703489934391,10:28:23.489,5.8300,100
37703489934391,10:28:23.489,5.8300,100
37703489934391,10:28:23.489,5.8300,100
37703489934391,10:28:23.489,5.8300,100
37703489934391,10:28:23.489,5.8300,100
37703489996826,10:28:23.489,5.8300,100
37703490916530,10:28:23.490,5.8300,100
37703496582547,10:28:23.496,5.8300,68
37703496582547,10:28:23.496,5.8300,32
37703496669645,10:28:23.496,5.8300,68
37703497070156,10:28:23.497,5.8300,100
37703497070156,10:28:23.497,5.8300,72
37703497070156,10:28:23.497,5.8300,100
37703497070156,10:28:23.497,5.8300,100
37703497070156,10:28:23.497,5.8300,200
37703597277886,10:28:23.597,5.8350,68
37703662153875,10:28:23.662,5.8300,100
37703662153875,10:28:23.662,5.8300,100
37703662153875,10:28:23.662,5.8300,200
37704205768647,10:28:24.205,5.8300,100
37704205768647,10:28:24.205,5.8300,68
37704205768647,10:28:24.205,5.8300,100
37704205768647,10:28:24.205,5.8300,100
37704205768647,10:28:24.205,5.8300,100
37704205768647,10:28:24.205,5.8300,100
37704205825805,10:28:24.205,5.8300,100
37704206784443,10:28:24.206,5.8300,100
37704206784443,10:28:24.206,5.8300,100
37704206784443,10:28:24.206,5.8300,77
37704207931452,10:28:24.207,5.8300,400
37704207931452,10:28:24.207,5.8300,100
37704207931452,10:28:24.207,5.8300,100
37704207931452,10:28:24.207,5.8300,100
37704207982956,10:28:24.207,5.8300,100
37714112604235,10:28:34.112,5.8350,100
37714112604235,10:28:34.112,5.8400,300
37714115072874,10:28:34.115,5.8400,100
37714115231186,10:28:34.115,5.8400,100
37753868284289,10:29:13.868,5.8450,100
37753868284289,10:29:13.868,5.8400,100
37753868284289,10:29:13.868,5.8400,100
37753868284289,10:29:13.868,5.8400,80
37753868313301,10:29:13.868,5.8400,20
37753868313301,10:29:13.868,5.8400,19
37753868918236,10:29:13.868,5.8400,81
37753874367701,10:29:13.874,5.8300,100
37814248965452,10:30:14.248,5.8350,100
37814748965398,10:30:14.748,5.8350,100
37815249968561,10:30:15.249,5.8350,100
37980954319443,10:33:00.954,5.8300,3
37990356893854,10:33:10.356,5.8400,100
37990356893854,10:33:10.356,5.8400,100
37990356893854,10:33:10.356,5.8400,100
37990356893854,10:33:10.356,5.8400,200
37990357081318,10:33:10.357,5.8400,100
38007415250937,10:33:27.415,5.8600,5
38008041596363,10:33:28.041,5.8600,95
38008041596363,10:33:28.041,5.8600,100
38008041596363,10:33:28.041,5.8600,200
38287300883208,10:38:07.300,5.8550,3
38291153629275,10:38:11.153,5.8500,100
38487636858356,10:41:27.636,5.8600,100
38487636858356,10:41:27.636,5.8600,100
38487636858356,10:41:27.636,5.8600,200
38487636858356,10:41:27.636,5.8600,100
38487636858356,10:41:27.636,5.8600,100
38487636858356,10:41:27.636,5.8600,100
38487636858356,10:41:27.636,5.8600,100
38487646319735,10:41:27.646,5.8700,100
38487646319735,10:41:27.646,5.8700,100
38487819745633,10:41:27.819,5.8800,100
38488895570946,10:41:28.895,5.8800,68
38488895570946,10:41:28.895,5.8800,32
38494475576006,10:41:34.475,5.8800,68
38494475576006,10:41:34.475,5.8800,100
38494475576006,10:41:34.475,5.8800,100
38538923969261,10:42:18.923,5.8800,100
38541290009084,10:42:21.290,5.8850,100
38607953473394,10:43:27.953,5.8900,100
38635182026225,10:43:55.182,5.8900,100
38649271394510,10:44:09.271,5.9000,100
38659596807425,10:44:19.596,5.9100,100
38659596918606,10:44:19.596,5.9100,100
38659597153712,10:44:19.597,5.9100,99
38659597153712,10:44:19.597,5.9100,100
38659597153712,10:44:19.597,5.9100,100
38659597153712,10:44:19.597,5.9100,100
38659597153712,10:44:19.597,5.9100,100
38674689450397,10:44:34.689,5.9200,100
38733647747417,10:45:33.647,5.9150,107
38733648060476,10:45:33.648,5.9100,7
38733648060476,10:45:33.648,5.9100,100
38752900271823,10:45:52.900,5.9000,31
38752916906548,10:45:52.916,5.9000,200
38752916906548,10:45:52.916,5.9000,100
38752916906548,10:45:52.916,5.9000,100
38752920800724,10:45:52.920,5.9000,100
38752920800724,10:45:52.920,5.9000,65
38752920800724,10:45:52.920,5.9000,100
38752930998410,10:45:52.930,5.9000,65
38752930998410,10:45:52.930,5.9000,100
38752930998410,10:45:52.930,5.9000,100
38752930998410,10:45:52.930,5.9000,100
38894952576656,10:48:14.952,5.9050,3
38976579022253,10:49:36.579,5.9000,100
38976579022253,10:49:36.579,5.9000,132
38976579704081,10:49:36.579,5.9000,68
38976579704081,10:49:36.579,5.9000,100
38976579704081,10:49:36.579,5.9000,16
38976579788878,10:49:36.579,5.9000,84
38976579788878,10:49:36.579,5.9000,100
38976588843428,10:49:36.588,5.8950,100
38976597939882,10:49:36.597,5.9000,69
39147544970000,10:52:27.544,5.9000,18
39147544970000,10:52:27.544,5.9000,100
39173593320085,10:52:53.593,5.8900,100
39198334383089,10:53:18.334,5.8800,3
39431270631530,10:57:11.270,5.8800,29
39431270631530,10:57:11.270,5.8800,100
39431270631530,10:57:11.270,5.8800,100
39431270631530,10:57:11.270,5.8800,200
39663483062200,11:01:03.483,5.8800,570
39663483063106,11:01:03.483,5.8800,130
39663483063106,11:01:03.483,5.8800,200
39663484641501,11:01:03.484,5.8800,100
39759660764713,11:02:39.660,5.8900,200
39759660794009,11:02:39.660,5.8900,100
39759660794009,11:02:39.660,5.8900,43
39759660925901,11:02:39.660,5.8900,57
39811214823515,11:03:31.214,5.8950,3
39817329854395,11:03:37.329,5.8900,100
39817329854395,11:03:37.329,5.8900,18
39817329854395,11:03:37.329,5.8900,100
39961077137076,11:06:01.077,5.8750,100
39961077199711,11:06:01.077,5.8700,100
40089515582923,11:08:09.515,5.8700,100
40095877667177,11:08:15.877,5.8600,2
40207189708402,11:10:07.189,5.8600,100
40207189708402,11:10:07.189,5.8600,100
40207189708402,11:10:07.189,5.8600,54
40207189708402,11:10:07.189,5.8600,100
40215232602330,11:10:15.232,5.8500,100
40390052708246,11:13:10.052,5.8450,3
40401233465934,11:13:21.233,5.8400,100
40401233465934,11:13:21.233,5.8400,100
40403345172487,11:13:23.345,5.8300,100
40403345237438,11:13:23.345,5.8300,100
40404992844640,11:13:24.992,5.8300,100
40710967904157,11:18:30.967,5.8300,3
41015854144409,11:23:35.854,5.8300,3
41021066089267,11:23:41.066,5.8300,3
41021066089267,11:23:41.066,5.8300,23
41021066121443,11:23:41.066,5.8300,77
41021066121443,11:23:41.066,5.8300,100
41021066121443,11:23:41.066,5.8300,100
41021066121443,11:23:41.066,5.8300,100
41021066121443,11:23:41.066,5.8300,100
41021066121443,11:23:41.066,5.8300,66
41021066121443,11:23:41.066,5.8300,34
41021178220330,11:23:41.178,5.8200,100
41035222161824,11:23:55.222,5.8200,100
41038135671613,11:23:58.135,5.8200,44
41038135671613,11:23:58.135,5.8200,100
41038135671613,11:23:58.135,5.8200,56
41280261422048,11:28:00.261,5.8100,71
41280261422048,11:28:00.261,5.8100,100
41306255869339,11:28:26.255,5.8000,3
41492365869076,11:31:32.365,5.8100,700
41492365886115,11:31:32.365,5.8100,300
41494027942385,11:31:34.027,5.8150,100
41500541164431,11:31:40.541,5.8200,39
41500541204184,11:31:40.541,5.8200,61
41500541204184,11:31:40.541,5.8200,300
41500541204184,11:31:40.541,5.8200,200
41500541204184,11:31:40.541,5.8200,200
41500551292950,11:31:40.551,5.8300,61
41500558572086,11:31:40.558,5.8300,39
41591261480676,11:33:11.261,5.8200,4
41656256243678,11:34:16.256,5.8300,100
41656256243678,11:34:16.256,5.8300,100
41660549963990,11:34:20.549,5.8300,100
41663267419879,11:34:23.267,5.8300,100
41663267419879,11:34:23.267,5.8300,100
41738779090463,11:35:38.779,5.8400,100
41738779090463,11:35:38.779,5.8400,100
41738779090463,11:35:38.779,5.8400,100
41884447972351,11:38:04.447,5.8300,3
41897054460201,11:38:17.054,5.8300,18
41897054460201,11:38:17.054,5.8300,100
41901323025893,11:38:21.323,5.8250,100
41922481427607,11:38:42.481,5.8300,84
41922481430172,11:38:42.481,5.8300,316
41922481430172,11:38:42.481,5.8300,100
41922481430172,11:38:42.481,5.8300,100
41922481430172,11:38:42.481,5.8300,900
41922481430172,11:38:42.481,5.8300,100
41922481430172,11:38:42.481,5.8300,100
41932831908491,11:38:52.831,5.8400,79
41932832313674,11:38:52.832,5.8400,221
42208582895623,11:43:28.582,5.8450,3
42359943004011,11:45:59.943,5.8450,100
42499107723716,11:48:19.107,5.8450,3
42786087479525,11:53:06.087,5.8450,3
42971850381144,11:56:11.850,5.8500,100
42971850381144,11:56:11.850,5.8500,200
42971850381144,11:56:11.850,5.8500,100
42971850381144,11:56:11.850,5.8500,100
42971850381144,11:56:11.850,5.8500,200
42971850381144,11:56:11.850,5.8500,100
42971850381144,11:56:11.850,5.8500,200
42971850381144,11:56:11.850,5.8500,100
42971877768274,11:56:11.877,5.8600,100
42971877768274,11:56:11.877,5.8600,100
42971877768274,11:56:11.877,5.8600,100
42976267355232,11:56:16.267,5.8600,100
42976277831633,11:56:16.277,5.8700,200
42976278123015,11:56:16.278,5.8700,73
42976278123015,11:56:16.278,5.8700,100
43032010398494,11:57:12.010,5.8800,100
43041274392406,11:57:21.274,5.8800,100
43069247720424,11:57:49.247,5.8800,100
43071223945327,11:57:51.223,5.8800,100
43096110615604,11:58:16.110,5.8750,4
43395022696782,12:03:15.022,5.8700,3
43576386004087,12:06:16.386,5.8750,100
43586008001661,12:06:26.008,5.8750,100
43701764503048,12:08:21.764,5.8700,3
44012148626194,12:13:32.148,5.8700,3
44198919048623,12:16:38.919,5.8800,100
44198919048623,12:16:38.919,5.8800,400
44301797940633,12:18:21.797,5.8700,3
44381291512224,12:19:41.291,5.8800,400
44381291512224,12:19:41.291,5.8800,100
44381291512224,12:19:41.291,5.8800,200
44381291512224,12:19:41.291,5.8800,100
44381291512224,12:19:41.291,5.8800,100
44381291512224,12:19:41.291,5.8800,100
44381291512224,12:19:41.291,5.8800,100
44381291512224,12:19:41.291,5.8800,100
44381293384094,12:19:41.293,5.8900,200
44388552893240,12:19:48.552,5.9000,100
44388552893240,12:19:48.552,5.9000,200
44388552893240,12:19:48.552,5.9000,100
44388552893240,12:19:48.552,5.9000,100
44401242814350,12:20:01.242,5.8900,100
44401242814350,12:20:01.242,5.8900,100
44466969061511,12:21:06.969,5.8900,100
44466969142483,12:21:06.969,5.8900,100
44466969142483,12:21:06.969,5.8900,100
44466969142483,12:21:06.969,5.8900,7
44466969142483,12:21:06.969,5.8900,100
44467194673920,12:21:07.194,5.8850,100
44531283513579,12:22:11.283,5.8900,100
44602647257008,12:23:22.647,5.8900,4
44602649389712,12:23:22.649,5.8900,1
44602649389712,12:23:22.649,5.8900,1
44602649416771,12:23:22.649,5.8900,31
44881899685965,12:28:01.899,5.8800,1
44881899685965,12:28:01.899,5.8800,2
44881900010387,12:28:01.900,5.8800,3
44881900010387,12:28:01.900,5.8800,13
44881900010387,12:28:01.900,5.8800,92
44881900049798,12:28:01.900,5.8800,8
44881900049798,12:28:01.900,5.8800,100
45182846762006,12:33:02.846,5.8700,3
45316915023767,12:35:16.915,5.8750,100
45316915538265,12:35:16.915,5.8700,97
45316915538265,12:35:16.915,5.8700,100
45316915538265,12:35:16.915,5.8700,200
45316915538265,12:35:16.915,5.8700,4
45316915538265,12:35:16.915,5.8700,100
45316915538265,12:35:16.915,5.8700,160
45316915538265,12:35:16.915,5.8700,139
45316915552244,12:35:16.915,5.8700,61
45316915552244,12:35:16.915,5.8700,100
45316915552244,12:35:16.915,5.8700,100
45502764473116,12:38:22.764,5.8600,3
45605043916408,12:40:05.043,5.8600,97
45605043916408,12:40:05.043,5.8600,100
45605043916408,12:40:05.043,5.8600,100
45605043916408,12:40:05.043,5.8600,85
45605054390541,12:40:05.054,5.8500,100
45605054639851,12:40:05.054,5.8500,100
45605054639851,12:40:05.054,5.8500,100
45605065964176,12:40:05.065,5.8400,100
45605065964176,12:40:05.065,5.8400,100
45605068874555,12:40:05.068,5.8400,5
45605068874555,12:40:05.068,5.8400,95
45713391192735,12:41:53.391,5.8400,4
45713391192735,12:41:53.391,5.8400,100
45713391192735,12:41:53.391,5.8400,100
45714268020846,12:41:54.268,5.8300,100
45714268020846,12:41:54.268,5.8300,100
45806341686898,12:43:26.341,5.8200,3
45944386221824,12:45:44.386,5.8200,96
45972378024143,12:46:12.378,5.8200,1
45972378024143,12:46:12.378,5.8200,98
45972378065454,12:46:12.378,5.8200,2
45974485257373,12:46:14.485,5.8200,100
45974485257373,12:46:14.485,5.8200,10
46015531338860,12:46:55.531,5.8150,100
46077192766512,12:47:57.192,5.8100,4
46194928045349,12:49:54.928,5.8150,100
46408981287436,12:53:28.981,5.8100,3
46685835047524,12:58:05.835,5.8100,3
46995248622988,13:03:15.248,5.8100,3
47061811999007,13:04:21.811,5.8150,100
47246552574446,13:07:26.552,5.8200,800
47246552574446,13:07:26.552,5.8200,10
47246552574446,13:07:26.552,5.8200,100
47246552574446,13:07:26.552,5.8200,100
47246552574446,13:07:26.552,5.8200,100
47279615421959,13:07:59.615,5.8200,100
47279615421959,13:07:59.615,5.8200,100
47279615421959,13:07:59.615,5.8200,100
47467771010337,13:11:07.771,5.8250,100
47470908177912,13:11:10.908,5.8300,268
47470908568343,13:11:10.908,5.8300,832
47470908568343,13:11:10.908,5.8300,208
47596216372045,13:13:16.216,5.8300,4
47722236073611,13:15:22.236,5.8350,100
47768833506259,13:16:08.833,5.8300,96
47768833506259,13:16:08.833,5.8300,7
47768833506259,13:16:08.833,5.8300,9
47776081122052,13:16:16.081,5.8200,186
47776081176278,13:16:16.081,5.8200,14
47776839451599,13:16:16.839,5.8150,100
47910938164712,13:18:30.938,5.8100,3
48018211002194,13:20:18.211,5.8200,30
48097575218675,13:21:37.575,5.8200,100
48183947308674,13:23:03.947,5.8100,3
48515217886187,13:28:35.217,5.8100,3
48515219240513,13:28:35.219,5.8100,82
48515219240513,13:28:35.219,5.8100,100
48515219240513,13:28:35.219,5.8100,100
48515219240513,13:28:35.219,5.8100,100
48515219240513,13:28:35.219,5.8100,100
48515219240513,13:28:35.219,5.8100,100
48515219240513,13:28:35.219,5.8100,18
48515219243461,13:28:35.219,5.8100,82
48515219243461,13:28:35.219,5.8100,200
48735205008776,13:32:15.205,5.8050,100
48798911856121,13:33:18.911,5.8000,3
48947597202540,13:35:47.597,5.8000,47
48947597202540,13:35:47.597,5.8000,100
48947597202540,13:35:47.597,5.8000,3
48947597202540,13:35:47.597,5.8000,100
48947597202540,13:35:47.597,5.8000,15
48960154009311,13:36:00.154,5.7950,100
49082895369872,13:38:02.895,5.7900,4
49201641097424,13:40:01.641,5.7900,100
49201641097424,13:40:01.641,5.7900,1
49201641097424,13:40:01.641,5.7900,100
49201641097424,13:40:01.641,5.7900,100
49201641097424,13:40:01.641,5.7900,100
49201767574736,13:40:01.767,5.7800,93
49201767574736,13:40:01.767,5.7800,100
49201767574736,13:40:01.767,5.7800,100
49202960062820,13:40:02.960,5.7800,100
49394493216211,13:43:14.493,5.7700,3
49665243041340,13:47:45.243,5.7800,896
49665243111058,13:47:45.243,5.7800,204
49665243111058,13:47:45.243,5.7800,200
49665243111058,13:47:45.243,5.7800,200
49665243111058,13:47:45.243,5.7800,100
49665261939844,13:47:45.261,5.7900,100
49665261939844,13:47:45.261,5.7900,100
49665261939844,13:47:45.261,5.7900,100
49665261939844,13:47:45.261,5.7900,100
49665261939844,13:47:45.261,5.7900,100
49665261939844,13:47:45.261,5.7900,100
49984842595231,13:53:04.842,5.7900,3
50251217740746,13:57:31.217,5.7900,97
50251217740746,13:57:31.217,5.7900,100
50251217740746,13:57:31.217,5.7900,100
50251217740746,13:57:31.217,5.7900,100
50251217740746,13:57:31.217,5.7900,100
50251217740746,13:57:31.217,5.7900,100
50251217740746,13:57:31.217,5.7900,59
50251219492797,13:57:31.219,5.7900,100
50288505994585,13:58:08.505,5.7900,3
50341356194076,13:59:01.356,5.7900,197
50341356194076,13:59:01.356,5.7900,100
50341356194076,13:59:01.356,5.7900,8
50341356194076,13:59:01.356,5.7900,67
50341356211993,13:59:01.356,5.7900,33
50341356211993,13:59:01.356,5.7900,7
50341356211993,13:59:01.356,5.7900,100
50409806300549,14:00:09.806,5.7850,100
50413009994681,14:00:13.009,5.7900,104
50413009995270,14:00:13.009,5.7900,248
50413010393317,14:00:13.010,5.7900,425
50413012634151,14:00:13.012,5.7900,500
50413012898146,14:00:13.012,5.7900,23
50413112319227,14:00:13.112,5.8000,100
50413112319227,14:00:13.112,5.8000,100
50413112319227,14:00:13.112,5.8000,100
50414004787794,14:00:14.004,5.8000,200
50414004787794,14:00:14.004,5.8000,200
50436257975549,14:00:36.257,5.8000,100
50471978522161,14:01:11.978,5.7900,100
50568290093167,14:02:48.290,5.7800,100
50568290093167,14:02:48.290,5.7800,100
50568839057442,14:02:48.839,5.7800,100
50593383064925,14:03:13.383,5.8000,100
50593383064925,14:03:13.383,5.8000,100
50593383175487,14:03:13.383,5.8000,100
50593384548945,14:03:13.384,5.8000,100
50593384548945,14:03:13.384,5.8000,200
50593387252870,14:03:13.387,5.8000,100
50593392170549,14:03:13.392,5.8050,100
50593393132003,14:03:13.393,5.8000,100
50593394054922,14:03:13.394,5.8000,1473
50652655922774,14:04:12.655,5.8100,100
50652659280966,14:04:12.659,5.8200,461
50652659280966,14:04:12.659,5.8200,100
50652664916492,14:04:12.664,5.8200,24
50652811263145,14:04:12.811,5.8300,100
50719967794082,14:05:19.967,5.8200,208
50723936140524,14:05:23.936,5.8200,100
50768238430472,14:06:08.238,5.8200,53
50768238887105,14:06:08.238,5.8200,17
50768238887105,14:06:08.238,5.8200,52
50768238887105,14:06:08.238,5.8200,3
50768238887105,14:06:08.238,5.8200,100
50920787613846,14:08:40.787,5.8100,1
50920787613846,14:08:40.787,5.8100,2
50988114814867,14:09:48.114,5.8100,98
50988114814867,14:09:48.114,5.8100,3
50988115207449,14:09:48.115,5.8100,100
50988115207449,14:09:48.115,5.8100,85
50988115581189,14:09:48.115,5.8100,100
51020035798593,14:10:20.035,5.8100,18
51052562215186,14:10:52.562,5.8100,582
51131782772695,14:12:11.782,5.8200,200
51131782772695,14:12:11.782,5.8200,216
51131782816293,14:12:11.782,5.8200,214
51131782864527,14:12:11.782,5.8200,270
51131782864527,14:12:11.782,5.8200,200
51131782864527,14:12:11.782,5.8200,200
51138113978181,14:12:18.113,5.8200,52
51138113978181,14:12:18.113,5.8200,3
51138114323681,14:12:18.114,5.8200,100
51146366393155,14:12:26.366,5.8200,30
51181756419988,14:13:01.756,5.8300,15
51181756424345,14:13:01.756,5.8300,185
51181756424345,14:13:01.756,5.8300,60
51181756816627,14:13:01.756,5.8300,139
51181756889529,14:13:01.756,5.8300,10
51181756938476,14:13:01.756,5.8300,51
51181756938476,14:13:01.756,5.8300,97
51181758371230,14:13:01.758,5.8300,3
51181758371230,14:13:01.758,5.8300,52
51364682676146,14:16:04.682,5.8200,100
51364682676146,14:16:04.682,5.8200,100
51364682676146,14:16:04.682,5.8200,1
51364682676146,14:16:04.682,5.8200,100
51364682676146,14:16:04.682,5.8200,200
51400816983662,14:16:40.816,5.8200,100
51503110409008,14:18:23.110,5.8200,3
51578503014290,14:19:38.503,5.8250,200
51579468014090,14:19:39.468,5.8250,700
51651035947511,14:20:51.035,5.8200,100
51651036720106,14:20:51.036,5.8200,8
51796196127330,14:23:16.196,5.8200,3
51879655409040,14:24:39.655,5.8200,100
51879655409040,14:24:39.655,5.8200,100
51879655409040,14:24:39.655,5.8200,100
51879655409040,14:24:39.655,5.8200,100
51879655409040,14:24:39.655,5.8200,100
51879655409040,14:24:39.655,5.8200,100
51879655778690,14:24:39.655,5.8200,100
51879656447132,14:24:39.656,5.8200,100
52062015188233,14:27:42.015,5.8100,100
52062015188233,14:27:42.015,5.8100,100
52062015188233,14:27:42.015,5.8100,100
52062015188233,14:27:42.015,5.8100,100
52062015188233,14:27:42.015,5.8100,100
52062015188233,14:27:42.015,5.8100,100
52062015293985,14:27:42.015,5.8100,93
52062015307436,14:27:42.015,5.8100,13
52102290633659,14:28:22.290,5.8000,20
52102290633659,14:28:22.290,5.8000,8
52102290633659,14:28:22.290,5.8000,2
52105917151224,14:28:25.917,5.8000,4
52351662653255,14:32:31.662,5.8100,100
52387051016104,14:33:07.051,5.8000,3
52646777847129,14:37:26.777,5.8100,79
52646777847129,14:37:26.777,5.8100,121
52646777855232,14:37:26.777,5.8100,113
52646777862967,14:37:26.777,5.8100,258
52646777879096,14:37:26.777,5.8100,408
52646777879096,14:37:26.777,5.8100,200
52646777879096,14:37:26.777,5.8100,300
52646777879096,14:37:26.777,5.8100,400
52646777879096,14:37:26.777,5.8100,100
52646777879096,14:37:26.777,5.8100,100
52646777879096,14:37:26.777,5.8100,200
52646777879096,14:37:26.777,5.8100,100
52646777879096,14:37:26.777,5.8100,100
52646795091010,14:37:26.795,5.8200,100
52646848691944,14:37:26.848,5.8200,100
52646856324053,14:37:26.856,5.8200,81
52646856324053,14:37:26.856,5.8200,100
52646856324053,14:37:26.856,5.8200,100
52646856324053,14:37:26.856,5.8200,19
52652486192894,14:37:32.486,5.8200,91
52652486192894,14:37:32.486,5.8200,12
52652486192894,14:37:32.486,5.8200,100
52652486192894,14:37:32.486,5.8200,200
52652486192894,14:37:32.486,5.8200,100
52652486192894,14:37:32.486,5.8200,100
52695902401038,14:38:15.902,5.8200,100
52855861007783,14:40:55.861,5.8250,200
52856690998517,14:40:56.690,5.8250,700
52934846221059,14:42:14.846,5.8200,100
52934846221059,14:42:14.846,5.8200,100
52934846221059,14:42:14.846,5.8200,100
52934846221059,14:42:14.846,5.8200,100
52934846221059,14:42:14.846,5.8200,1
52934846221059,14:42:14.846,5.8200,100
52934846221059,14:42:14.846,5.8200,7
52934846221059,14:42:14.846,5.8200,58
52934846221059,14:42:14.846,5.8200,100
52934852081064,14:42:14.852,5.8100,300
52934852081064,14:42:14.852,5.8100,200
52934852081064,14:42:14.852,5.8100,100
52934852081064,14:42:14.852,5.8100,100
52934852131852,14:42:14.852,5.8100,100
52934852732263,14:42:14.852,5.8100,1
52983784097137,14:43:03.784,5.8100,3
52995570969016,14:43:15.570,5.8100,496
52995570969016,14:43:15.570,5.8100,200
52995570969016,14:43:15.570,5.8100,100
52995570969016,14:43:15.570,5.8100,100
52995570969016,14:43:15.570,5.8100,100
53166087008817,14:46:06.087,5.8050,700
53299321873693,14:48:19.321,5.8000,3
53417080592435,14:50:17.080,5.8050,100
53417080592435,14:50:17.080,5.8000,997
53417080592435,14:50:17.080,5.8000,100
53417080592435,14:50:17.080,5.8000,100
53417080592435,14:50:17.080,5.8000,100
53417080592435,14:50:17.080,5.8000,100
53417080592435,14:50:17.080,5.8000,100
53417080592435,14:50:17.080,5.8000,100
53417080592435,14:50:17.080,5.8000,100
53417080592435,14:50:17.080,5.8000,100
53417080592435,14:50:17.080,5.8000,100
53417080592435,14:50:17.080,5.8000,46
53417581001118,14:50:17.581,5.8050,500
53417629993964,14:50:17.629,5.8050,600
53536197414405,14:52:16.197,5.8100,1200
53536197414405,14:52:16.197,5.8100,100
53536197414405,14:52:16.197,5.8100,200
53536197414405,14:52:16.197,5.8100,100
53536197414405,14:52:16.197,5.8100,100
53536197414405,14:52:16.197,5.8100,200
53536209605995,14:52:16.209,5.8200,100
53539202365364,14:52:19.202,5.8200,300
53539202365364,14:52:19.202,5.8200,200
53539202424557,14:52:19.202,5.8200,114
53539202426844,14:52:19.202,5.8200,500
53539202433788,14:52:19.202,5.8200,686
53539202433788,14:52:19.202,5.8200,100
53539202433788,14:52:19.202,5.8200,100
53539218089789,14:52:19.218,5.8300,100
53614187281307,14:53:34.187,5.8300,4
53632463415412,14:53:52.463,5.8400,100
53632463415412,14:53:52.463,5.8400,65
53634130224230,14:53:54.130,5.8400,100
53782114674607,14:56:22.114,5.8350,100
53782114674607,14:56:22.114,5.8400,100
53782114674607,14:56:22.114,5.8400,100
53782114674607,14:56:22.114,5.8400,100
53782114674607,14:56:22.114,5.8400,200
53782114674607,14:56:22.114,5.8400,100
53782114674607,14:56:22.114,5.8400,100
53782114674607,14:56:22.114,5.8400,100
53782114674607,14:56:22.114,5.8400,100
53782114674607,14:56:22.114,5.8400,200
53782115868518,14:56:22.115,5.8400,100
53782115868518,14:56:22.115,5.8400,100
53782116566993,14:56:22.116,5.8500,100
53782116566993,14:56:22.116,5.8500,200
53782116566993,14:56:22.116,5.8500,100
53786792116095,14:56:26.792,5.8500,100
53786792116095,14:56:26.792,5.8500,100
53786792116095,14:56:26.792,5.8500,100
53786792116095,14:56:26.792,5.8500,100
53786792116095,14:56:26.792,5.8500,50
53786792116095,14:56:26.792,5.8500,13
53786792116095,14:56:26.792,5.8500,100
53786792116095,14:56:26.792,5.8500,300
53786792116095,14:56:26.792,5.8500,400
53786792116095,14:56:26.792,5.8500,100
53786792116095,14:56:26.792,5.8500,100
53786792116095,14:56:26.792,5.8500,137
53786792222448,14:56:26.792,5.8500,163
53896309755797,14:58:16.309,5.8400,1
53896309755797,14:58:16.309,5.8400,2
54188656475037,15:03:08.656,5.8400,3
54232446030858,15:03:52.446,5.8450,200
54233245025562,15:03:53.245,5.8450,200
54233745026442,15:03:53.745,5.8450,200
54234245024647,15:03:54.245,5.8450,200
54234745026700,15:03:54.745,5.8450,200
54235245030483,15:03:55.245,5.8450,200
54235745026503,15:03:55.745,5.8450,200
54247139027840,15:04:07.139,5.8450,100
54295167720343,15:04:55.167,5.8500,51
54361029062466,15:06:01.029,5.8400,95
54361029062466,15:06:01.029,5.8400,100
54361029062466,15:06:01.029,5.8400,6
54361029062466,15:06:01.029,5.8400,100
54361029062466,15:06:01.029,5.8400,100
54361029062466,15:06:01.029,5.8400,100
54361029062466,15:06:01.029,5.8400,100
54361029062466,15:06:01.029,5.8400,100
54361029062466,15:06:01.029,5.8400,100
54361029062466,15:06:01.029,5.8400,100
54361029062466,15:06:01.029,5.8400,100
54361029062466,15:06:01.029,5.8400,100
54361029062466,15:06:01.029,5.8400,100
54361029062466,15:06:01.029,5.8400,100
54361340135769,15:06:01.340,5.8300,100
54361340135769,15:06:01.340,5.8300,100
54361340135769,15:06:01.340,5.8300,51
54361340135769,15:06:01.340,5.8300,100
54414341945574,15:06:54.341,5.8200,100
54414341945574,15:06:54.341,5.8200,100
54414341945574,15:06:54.341,5.8200,18
54414341945574,15:06:54.341,5.8200,100
54414341945574,15:06:54.341,5.8200,100
54414341945574,15:06:54.341,5.8200,82
54414343968982,15:06:54.343,5.8200,100
54414344846353,15:06:54.344,5.8200,100
54414344846353,15:06:54.344,5.8200,100
54414344846353,15:06:54.344,5.8200,100
54414372029326,15:06:54.372,5.8200,100
54414377152275,15:06:54.377,5.8100,100
54414393081953,15:06:54.393,5.8100,100
54414393081953,15:06:54.393,5.8100,600
54414393097169,15:06:54.393,5.8100,84
54414393097169,15:06:54.393,5.8100,16
54414394229143,15:06:54.394,5.8100,100
54414399183946,15:06:54.399,5.8100,100
54414420637515,15:06:54.420,5.8100,400
54414420637515,15:06:54.420,5.8100,100
54414420637515,15:06:54.420,5.8100,100
54414456733227,15:06:54.456,5.8100,900
54414456733227,15:06:54.456,5.8100,600
54416489997394,15:06:56.489,5.8100,300
54443210280803,15:07:23.210,5.8100,100
54486745725083,15:08:06.745,5.8000,3
54513751021487,15:08:33.751,5.8050,1000
54522508014841,15:08:42.508,5.8050,500
54570833611049,15:09:30.833,5.8000,100
54570833611049,15:09:30.833,5.8000,1
54570833611049,15:09:30.833,5.8000,200
54570833611049,15:09:30.833,5.8000,100
54570833611049,15:09:30.833,5.8000,100
54570833611049,15:09:30.833,5.8000,100
54570833611049,15:09:30.833,5.8000,199
54570833659987,15:09:30.833,5.8000,1
54570861470089,15:09:30.861,5.8000,900
54570861470089,15:09:30.861,5.8000,100
54570861470089,15:09:30.861,5.8000,300
54570861470089,15:09:30.861,5.8000,100
54570861470089,15:09:30.861,5.8000,300
54570867557496,15:09:30.867,5.8000,23
54570868043802,15:09:30.868,5.8000,10
54570885581747,15:09:30.885,5.8000,600
54570885586302,15:09:30.885,5.8000,100
54570885690833,15:09:30.885,5.8000,100
54570885788139,15:09:30.885,5.8000,67
54570886158674,15:09:30.886,5.7900,100
54570886158674,15:09:30.886,5.7900,100
54570886158674,15:09:30.886,5.7900,100
54570886173494,15:09:30.886,5.7900,20
54570886173494,15:09:30.886,5.7900,100
54570886173494,15:09:30.886,5.7900,100
54570886173494,15:09:30.886,5.7900,180
54570886804242,15:09:30.886,5.7900,200
54570888833465,15:09:30.888,5.7900,100
54570922174590,15:09:30.922,5.7950,400
54570922174590,15:09:30.922,5.7900,100
54570922174590,15:09:30.922,5.7900,100
54570922174590,15:09:30.922,5.7900,100
54596401985522,15:09:56.401,5.7950,100
54639534037316,15:10:39.534,5.7950,200
54670191172170,15:11:10.191,5.7900,100
54670191172170,15:11:10.191,5.7900,100
54670191172170,15:11:10.191,5.7900,100
54670191172170,15:11:10.191,5.7900,100
54670191172170,15:11:10.191,5.7900,100
54670191172170,15:11:10.191,5.7900,100
54670191172170,15:11:10.191,5.7900,3
54670191172170,15:11:10.191,5.7900,97
54670196473441,15:11:10.196,5.7900,3
54670196473441,15:11:10.196,5.7900,100
54670196473441,15:11:10.196,5.7900,200
54670196473441,15:11:10.196,5.7900,100
54670196473441,15:11:10.196,5.7900,100
54670196473441,15:11:10.196,5.7900,100
54670204791222,15:11:10.204,5.7900,97
54670600172244,15:11:10.600,5.7900,2
54696665091874,15:11:36.665,5.7900,3
54696665091874,15:11:36.665,5.7900,97
54710168423701,15:11:50.168,5.7900,3
54710168423701,15:11:50.168,5.7900,100
54710168423701,15:11:50.168,5.7900,100
54710168423701,15:11:50.168,5.7900,100
54710168423701,15:11:50.168,5.7900,100
54710168423701,15:11:50.168,5.7900,97
54710171233029,15:11:50.171,5.7900,3
54710171233029,15:11:50.171,5.7900,55
54716025750687,15:11:56.025,5.7900,1
54745235143803,15:12:25.235,5.7900,97
54807321139053,15:13:27.321,5.7950,4
54940942071034,15:15:40.942,5.8000,130
54940942071034,15:15:40.942,5.8000,78
54940942082693,15:15:40.942,5.8000,1322
54940942082693,15:15:40.942,5.8000,78
54940942104817,15:15:40.942,5.8000,122
54940942104817,15:15:40.942,5.8000,200
54940942104817,15:15:40.942,5.8000,400
54940942104817,15:15:40.942,5.8000,400
54940942104817,15:15:40.942,5.8000,200
54940944785453,15:15:40.944,5.8100,6
54940944805444,15:15:40.944,5.8100,10
54940944829911,15:15:40.944,5.8100,184
54940944829911,15:15:40.944,5.8100,6
54940945143156,15:15:40.945,5.8100,94
54940945143156,15:15:40.945,5.8100,100
54940945143156,15:15:40.945,5.8100,6
54940946285440,15:15:40.946,5.8100,94
54961695995501,15:16:01.695,5.8150,100
54962883995823,15:16:02.883,5.8150,100
54962883996479,15:16:02.883,5.8150,100
54984691990040,15:16:24.691,5.8150,100
54984692985162,15:16:24.692,5.8150,100
55038860982420,15:17:18.860,5.8150,100
55038860983110,15:17:18.860,5.8150,100
55039360978516,15:17:19.360,5.8150,200
55049787436945,15:17:29.787,5.8150,48
55107881736864,15:18:27.881,5.8100,3
55401773797005,15:23:21.773,5.8100,3
55493697314292,15:24:53.697,5.8150,100
55780551157006,15:29:40.551,5.8200,24
55804650659860,15:30:04.650,5.8100,94
55804650659860,15:30:04.650,5.8100,4
55804650659860,15:30:04.650,5.8100,100
55804650659860,15:30:04.650,5.8100,7
55804650659860,15:30:04.650,5.8100,79
55804650710402,15:30:04.650,5.8100,21
55804650710402,15:30:04.650,5.8100,100
55804650710402,15:30:04.650,5.8100,100
55804650710402,15:30:04.650,5.8100,100
55804650710402,15:30:04.650,5.8100,158
55804650710402,15:30:04.650,5.8100,100
55804650710402,15:30:04.650,5.8100,100
55804650710402,15:30:04.650,5.8100,100
55804650710402,15:30:04.650,5.8100,100
55804650710402,15:30:04.650,5.8100,100
55804650710402,15:30:04.650,5.8100,100
55804650710402,15:30:04.650,5.8100,100
55804650710402,15:30:04.650,5.8100,100
55804650710402,15:30:04.650,5.8100,100
55804651522619,15:30:04.651,5.8050,100
55805201011801,15:30:05.201,5.8050,100
55805201012460,15:30:05.201,5.8050,100
55806348010996,15:30:06.348,5.8050,200
55806848015714,15:30:06.848,5.8050,200
55807348012135,15:30:07.348,5.8050,200
55807848009273,15:30:07.848,5.8050,200
55808348012203,15:30:08.348,5.8050,200
55808848012807,15:30:08.848,5.8050,200
55809348013208,15:30:09.348,5.8050,100
56018198003998,15:33:38.198,5.8050,300
56018698002332,15:33:38.698,5.8050,200
56018698002973,15:33:38.698,5.8050,100
56454074972143,15:40:54.074,5.8050,100
56454074972143,15:40:54.074,5.8050,100
56454074972143,15:40:54.074,5.8000,100
56454074972143,15:40:54.074,5.8000,100
56454074972143,15:40:54.074,5.8000,100
56454074972143,15:40:54.074,5.8000,100
56454074972143,15:40:54.074,5.8000,100
56454074972143,15:40:54.074,5.8000,57
56454075019593,15:40:54.075,5.8000,43
56454075019593,15:40:54.075,5.8000,100
56454075019593,15:40:54.075,5.8000,6
56454075019593,15:40:54.075,5.8000,200
56454075019593,15:40:54.075,5.8000,100
56454075019593,15:40:54.075,5.8000,700
56454075019593,15:40:54.075,5.8000,100
56454075019593,15:40:54.075,5.8000,51
56454076590590,15:40:54.076,5.8000,49
56454076590590,15:40:54.076,5.8000,100
56454076590590,15:40:54.076,5.8000,100
56454076590590,15:40:54.076,5.8000,100
56454076590590,15:40:54.076,5.8000,100
56454076590590,15:40:54.076,5.8000,400
56454076974101,15:40:54.076,5.8000,100
56457553159826,15:40:57.553,5.8000,100
56457553671857,15:40:57.553,5.8000,100
56457553671857,15:40:57.553,5.8000,75
56457553731413,15:40:57.553,5.8000,100
56457553844137,15:40:57.553,5.8000,100
56457554139323,15:40:57.554,5.8000,100
56472524345929,15:41:12.524,5.8000,100
56494446735800,15:41:34.446,5.8000,200
56494446735800,15:41:34.446,5.8000,100
56494446735800,15:41:34.446,5.8000,100
56494446735800,15:41:34.446,5.8000,22
56494446735800,15:41:34.446,5.8000,500
56494446735800,15:41:34.446,5.8000,100
56494446735800,15:41:34.446,5.8000,100
56494446735800,15:41:34.446,5.8000,100
56494446735800,15:41:34.446,5.8000,100
56494446890118,15:41:34.446,5.8000,100
56494446890118,15:41:34.446,5.8000,100
56494446890118,15:41:34.446,5.8000,100
56494951343660,15:41:34.951,5.8000,100
56499775403431,15:41:39.775,5.8000,100
56500505457095,15:41:40.505,5.8000,9
56500506198204,15:41:40.506,5.8000,91
56500506198204,15:41:40.506,5.8000,9
56500506301481,15:41:40.506,5.8000,91
56500506301481,15:41:40.506,5.8000,9
56500506410836,15:41:40.506,5.8000,91
56500506410836,15:41:40.506,5.8000,9
56507070571881,15:41:47.070,5.8000,100
56507070571881,15:41:47.070,5.8000,100
56507070571881,15:41:47.070,5.8000,100
56507070755041,15:41:47.070,5.8000,100
56650335286840,15:44:10.335,5.8050,100
56650835271782,15:44:10.835,5.8050,100
56655166997790,15:44:15.166,5.8050,100
56711711691525,15:45:11.711,5.8100,75
56714054259461,15:45:14.054,5.8100,25
56714054259461,15:45:14.054,5.8100,100
56714054259461,15:45:14.054,5.8100,100
56714054259461,15:45:14.054,5.8100,100
56714054259461,15:45:14.054,5.8100,100
56714054259461,15:45:14.054,5.8100,100
56714054259461,15:45:14.054,5.8100,100
56714054259461,15:45:14.054,5.8100,861
56714054287499,15:45:14.054,5.8100,1339
56714054287499,15:45:14.054,5.8100,861
56714054287499,15:45:14.054,5.8100,300
56714054287499,15:45:14.054,5.8100,400
56755906794509,15:45:55.906,5.8150,100
56828045344765,15:47:08.045,5.8200,302
56828045354152,15:47:08.045,5.8200,148
56828045354152,15:47:08.045,5.8200,451
56828045360263,15:47:08.045,5.8200,49
56828045360263,15:47:08.045,5.8200,551
56828045498886,15:47:08.045,5.8200,1849
56828045498886,15:47:08.045,5.8200,100
56828045498886,15:47:08.045,5.8200,200
56828045498886,15:47:08.045,5.8200,100
56828045498886,15:47:08.045,5.8200,100
56828045498886,15:47:08.045,5.8200,100
56912949906018,15:48:32.949,5.8300,100
56917907320001,15:48:37.907,5.8300,100
56917907320001,15:48:37.907,5.8300,100
56917907320001,15:48:37.907,5.8300,100
56917907320001,15:48:37.907,5.8300,100
56917907320001,15:48:37.907,5.8300,100
56917907583582,15:48:37.907,5.8300,100
56921857561130,15:48:41.857,5.8300,100
56921857561130,15:48:41.857,5.8300,100
56921857561130,15:48:41.857,5.8300,100
56921857561130,15:48:41.857,5.8300,100
56921857561130,15:48:41.857,5.8300,230
56921865297594,15:48:41.865,5.8250,400
56921865297594,15:48:41.865,5.8200,100
56921865297594,15:48:41.865,5.8200,100
56921865297594,15:48:41.865,5.8200,6
56921865297594,15:48:41.865,5.8200,100
56921865297594,15:48:41.865,5.8200,100
56921865460614,15:48:41.865,5.8200,200
56921865476446,15:48:41.865,5.8200,100
56921865476446,15:48:41.865,5.8200,100
56921865476446,15:48:41.865,5.8200,100
56921872030171,15:48:41.872,5.8200,100
56921872030171,15:48:41.872,5.8200,100
56943810642278,15:49:03.810,5.8200,300
56967911855408,15:49:27.911,5.8250,300
56967911855408,15:49:27.911,5.8250,100
56967914964229,15:49:27.914,5.8250,100
56967914964229,15:49:27.914,5.8250,200
56967915835812,15:49:27.915,5.8250,100
56968456979551,15:49:28.456,5.8250,200
56988900480001,15:49:48.900,5.8300,200
56988900480001,15:49:48.900,5.8300,100
56988900480001,15:49:48.900,5.8300,300
57001932983429,15:50:01.932,5.8250,200
57002432982715,15:50:02.432,5.8250,200
57015594991436,15:50:15.594,5.8250,500
57067696488318,15:51:07.696,5.8250,86
57103595017525,15:51:43.595,5.8250,1000
57130999998039,15:52:10.999,5.8200,200
57130999998039,15:52:10.999,5.8200,100
57130999998039,15:52:10.999,5.8200,100
57130999998039,15:52:10.999,5.8200,7
57130999998039,15:52:10.999,5.8200,100
57130999998039,15:52:10.999,5.8200,100
57130999998039,15:52:10.999,5.8200,100
57130999998039,15:52:10.999,5.8200,800
57130999998039,15:52:10.999,5.8200,100
57130999998039,15:52:10.999,5.8200,100
57130999998039,15:52:10.999,5.8200,200
57131000406515,15:52:11.000,5.8200,52
57131000559712,15:52:11.000,5.8200,87
57131016264837,15:52:11.016,5.8200,100
57131016264837,15:52:11.016,5.8200,100
57131105044108,15:52:11.105,5.8200,62
57131105575742,15:52:11.105,5.8200,38
57131105575742,15:52:11.105,5.8200,100
57131105575742,15:52:11.105,5.8200,62
57238238699064,15:53:58.238,5.8150,100
57238238699064,15:53:58.238,5.8150,300
57238238699064,15:53:58.238,5.8150,400
57238238699064,15:53:58.238,5.8100,100
57238238699064,15:53:58.238,5.8100,100
57238238699064,15:53:58.238,5.8100,101
57238238699064,15:53:58.238,5.8100,100
57238238699064,15:53:58.238,5.8100,400
57238238699064,15:53:58.238,5.8100,200
57238238699064,15:53:58.238,5.8100,100
57238238699064,15:53:58.238,5.8100,100
57238238699064,15:53:58.238,5.8100,100
57238238699064,15:53:58.238,5.8100,100
57238238699064,15:53:58.238,5.8100,100
57238238699064,15:53:58.238,5.8100,400
57238238699064,15:53:58.238,5.8100,400
57238239589027,15:53:58.239,5.8100,26
57238241572494,15:53:58.241,5.8100,216
57238241572494,15:53:58.241,5.8100,58
57238241572494,15:53:58.241,5.8100,200
57238241572494,15:53:58.241,5.8100,100
57238241572494,15:53:58.241,5.8100,100
57238241572494,15:53:58.241,5.8100,100
57238241572494,15:53:58.241,5.8100,100
57238242516810,15:53:58.242,5.8050,100
57238243486915,15:53:58.243,5.8000,300
57238243486915,15:53:58.243,5.8000,400
57238243486915,15:53:58.243,5.8000,100
57238243486915,15:53:58.243,5.8000,100
57238245445371,15:53:58.245,5.7950,264
57240603639629,15:54:00.603,5.7900,100
57240603661216,15:54:00.603,5.7950,500
57328909680592,15:55:28.909,5.8000,69
57328909680592,15:55:28.909,5.8000,300
57328909680592,15:55:28.909,5.8000,100
57328909680592,15:55:28.909,5.8000,2200
57328909680592,15:55:28.909,5.8000,100
57328909680592,15:55:28.909,5.8000,100
57328909680592,15:55:28.909,5.8000,100
57328909680592,15:55:28.909,5.8000,500
57328909680592,15:55:28.909,5.8000,201
57328909680592,15:55:28.909,5.8000,100
57328970828345,15:55:28.970,5.8050,61
57329032838786,15:55:29.032,5.8050,6
57334133325292,15:55:34.133,5.8050,100
57337409993542,15:55:37.409,5.8050,200
57527177452745,15:58:47.177,5.8100,100
57545173257799,15:59:05.173,5.8100,100
57555216715984,15:59:15.216,5.8100,100
57555216715984,15:59:15.216,5.8100,200
57560530526233,15:59:20.530,5.8100,100
57565368955981,15:59:25.368,5.8100,100
57575326563410,15:59:35.326,5.8100,100
57590148011394,15:59:50.148,5.8100,39
57590148192167,15:59:50.148,5.8100,49
57600571825111,16:00:00.571,0.0000,0
