timestamp,time,price,volume
34200359500013,09:30:00.359,0.0000,0
34392264286217,09:33:12.264,86.3000,50
34392265110925,09:33:12.265,86.3000,50
34392265544480,09:33:12.265,86.2600,41
34392265568749,09:33:12.265,86.2600,59
34392265597734,09:33:12.265,86.2600,100
34392265617250,09:33:12.265,86.2600,5
34392266320739,09:33:12.266,86.2600,95
34392743582285,09:33:12.743,86.2300,18
34392758799408,09:33:12.758,86.2300,35
34393078524675,09:33:13.078,86.1600,23
34411876364785,09:33:31.876,86.2900,20
34411876364785,09:33:31.876,86.2900,80
34411876391321,09:33:31.876,86.2900,20
34411876391321,09:33:31.876,86.2900,65
34411876847560,09:33:31.876,86.3000,100
34441994538573,09:34:01.994,86.4000,100
34445030749744,09:34:05.030,86.4400,100
34445148200474,09:34:05.148,86.4500,100
34447103063832,09:34:07.103,86.4000,36
34447103121866,09:34:07.103,86.4000,64
34500387979881,09:35:00.387,86.5400,13
34528882946867,09:35:28.882,86.5500,100
34545136606659,09:35:45.136,86.5700,3
34545136636261,09:35:45.136,86.5700,97
34545136717383,09:35:45.136,86.5700,3
34561459736932,09:36:01.459,86.4800,100
34574427796959,09:36:14.427,86.5700,100
34623212339449,09:37:03.212,86.5000,100
34623212362610,09:37:03.212,86.4900,4
34623212369079,09:37:03.212,86.4900,96
34623453666123,09:37:03.453,86.5000,100
34647504183271,09:37:27.504,86.5300,69
34647504807641,09:37:27.504,86.5700,100
34647504807641,09:37:27.504,86.5800,35
34647504807641,09:37:27.504,86.5800,65
34660025417189,09:37:40.025,86.6000,100
34662455236318,09:37:42.455,86.5900,51
34662455241312,09:37:42.455,86.5900,49
34671004883735,09:37:51.004,86.5600,100
34678239451707,09:37:58.239,86.5100,50
34678239593339,09:37:58.239,86.5100,12
34678239661135,09:37:58.239,86.5100,12
34678239661682,09:37:58.239,86.5100,26
34678239661682,09:37:58.239,86.5100,52
34678239661682,09:37:58.239,86.5100,22
34678239679184,09:37:58.239,86.5100,70
34678239712451,09:37:58.239,86.5100,8
34678244603654,09:37:58.244,86.4700,6
34678244694299,09:37:58.244,86.4700,6
34678245077145,09:37:58.245,86.4700,11
34678245116684,09:37:58.245,86.4700,77
34678245960005,09:37:58.245,86.4600,23
34679855698253,09:37:59.855,86.5100,100
34679887040618,09:37:59.887,86.4600,39
34679887584417,09:37:59.887,86.4600,38
34680856377547,09:38:00.856,86.5000,17
34695056477812,09:38:15.056,86.5200,53
34695056538119,09:38:15.056,86.5200,5
34695056681643,09:38:15.056,86.5100,100
34721046773422,09:38:41.046,86.6200,100
34721047711991,09:38:41.047,86.5900,100
34721303106926,09:38:41.303,86.5500,72
34721303133271,09:38:41.303,86.5500,28
34742658600023,09:39:02.658,86.5700,50
34742658629266,09:39:02.658,86.5700,50
34775768900594,09:39:35.768,86.4900,100
34775770479521,09:39:35.770,86.4800,100
34775770973255,09:39:35.770,86.4700,100
34775772765483,09:39:35.772,86.4600,100
34775774502277,09:39:35.774,86.4800,100
34775782005938,09:39:35.782,86.4800,100
34775782021667,09:39:35.782,86.4800,100
34775782098562,09:39:35.782,86.4600,10
34775782175934,09:39:35.782,86.4800,10
34812806415580,09:40:12.806,86.5000,6
34812806487572,09:40:12.806,86.5000,11
34812806649289,09:40:12.806,86.5000,6
34831558119070,09:40:31.558,86.5100,100
34831558119070,09:40:31.558,86.5100,200
34831558119070,09:40:31.558,86.5100,100
34831558895015,09:40:31.558,86.4800,100
34831561575052,09:40:31.561,86.4800,100
34831576560423,09:40:31.576,86.4700,28
34831576808992,09:40:31.576,86.4700,28
34831576864068,09:40:31.576,86.4700,28
34831576883470,09:40:31.576,86.4700,16
34831576944179,09:40:31.576,86.4700,100
34832240818593,09:40:32.240,86.4500,100
34834662014122,09:40:34.662,86.4700,100
34834662061313,09:40:34.662,86.4600,10
34834662061313,09:40:34.662,86.4500,90
34835264619258,09:40:35.264,86.4700,10
34835264619258,09:40:35.264,86.4700,15
34835264619258,09:40:35.264,86.4700,15
34836461399224,09:40:36.461,86.4600,100
34873243563018,09:41:13.243,86.5300,100
34990669692998,09:43:10.669,86.7900,100
34990669785602,09:43:10.669,86.7900,72
34990669811182,09:43:10.669,86.7900,28
35023583403448,09:43:43.583,86.8500,100
35093937620894,09:44:53.937,87.0150,100
35093942619784,09:44:53.942,86.9300,100
35124258627049,09:45:24.258,86.8900,160
35124258654476,09:45:24.258,86.8900,40
35155678198738,09:45:55.678,86.8800,100
35155754838534,09:45:55.754,86.8400,1
35213274854892,09:46:53.274,86.8900,16
35217351257232,09:46:57.351,86.8900,1
35259454942003,09:47:39.454,86.9300,1
35259454942003,09:47:39.454,86.9300,100
35280782080734,09:48:00.782,86.9000,100
35289876155033,09:48:09.876,86.9300,57
35295023155916,09:48:15.023,86.9500,1
35297100127937,09:48:17.100,86.9800,100
35303854529889,09:48:23.854,86.9800,1
35307398209668,09:48:27.398,86.9200,6
35307398254611,09:48:27.398,86.9200,29
35307398563310,09:48:27.398,86.9200,5
35307398777563,09:48:27.398,86.9200,6
35307405157595,09:48:27.405,86.9200,24
35337280496130,09:48:57.280,86.9300,1
35337785657207,09:48:57.785,86.9200,30
35337785657207,09:48:57.785,86.9200,100
35393470717477,09:49:53.470,86.9600,1
35397896209489,09:49:57.896,86.9700,100
35397896239700,09:49:57.896,86.9700,32
35398035919236,09:49:58.035,86.9700,9
35405028733953,09:50:05.028,86.9800,100
35413457512520,09:50:13.457,86.9500,100
35413457512520,09:50:13.457,86.9500,39
35413457525897,09:50:13.457,86.9500,39
35413457529604,09:50:13.457,86.9500,22
35413458097216,09:50:13.458,86.9400,66
35413462561323,09:50:13.462,86.9300,100
35413462561323,09:50:13.462,86.9300,1
35414984675071,09:50:14.984,86.9100,100
35423889749051,09:50:23.889,86.9100,50
35423889758530,09:50:23.889,86.9100,37
35423889777912,09:50:23.889,86.9100,13
35424890718396,09:50:24.890,86.9100,100
35463303501785,09:51:03.303,86.9500,4
35467089507828,09:51:07.089,86.9100,1
35467089604596,09:51:07.089,86.9000,100
35476857907628,09:51:16.857,86.8600,100
35508569086112,09:51:48.569,86.8800,100
35531019586996,09:52:11.019,86.8900,1
35533400753342,09:52:13.400,86.8700,100
35555024243268,09:52:35.024,86.9300,100
35555024243268,09:52:35.024,86.9300,100
35555128969402,09:52:35.128,86.9200,10
35563325682340,09:52:43.325,86.9400,100
35595375650954,09:53:15.375,86.9700,100
35603579774761,09:53:23.579,86.9800,67
35603579774761,09:53:23.579,86.9800,5
35603579812774,09:53:23.579,86.9800,50
35603579853174,09:53:23.579,86.9800,45
35605264241218,09:53:25.264,86.9900,33
35605264241218,09:53:25.264,86.9900,67
35605271890126,09:53:25.271,86.9900,33
35627159272081,09:53:47.159,87.1200,1
35627159280259,09:53:47.159,87.0700,98
35627159284170,09:53:47.159,87.0700,2
35627159300753,09:53:47.159,87.0700,2
35627159320600,09:53:47.159,87.0700,2
35627161126403,09:53:47.161,87.0700,1
35627161126403,09:53:47.161,87.0700,1
35627161133110,09:53:47.161,87.0700,1
35627161145292,09:53:47.161,87.0700,22
35661755008815,09:54:21.755,87.0100,100
35661756081778,09:54:21.756,87.0000,60
35661756085799,09:54:21.756,87.0000,40
35661904506671,09:54:21.904,87.0000,100
35697035225259,09:54:57.035,87.0700,1
35697035225259,09:54:57.035,87.0700,10
35742914216678,09:55:42.914,87.0700,40
35742914241177,09:55:42.914,87.0700,60
35742914241177,09:55:42.914,87.0600,40
35742914267630,09:55:42.914,87.0600,60
35745711781464,09:55:45.711,87.0600,100
35745712331104,09:55:45.712,87.0500,1
35751965334029,09:55:51.965,87.0600,58
35755873452177,09:55:55.873,87.0700,2
35755873461038,09:55:55.873,87.0700,56
35791972855583,09:56:31.972,87.1000,1
35822105095398,09:57:02.105,87.0700,100
35822105095398,09:57:02.105,87.0700,1
35881765034198,09:58:01.765,87.1000,1
35904336445954,09:58:24.336,87.1300,100
35950024407839,09:59:10.024,87.1800,100
35951213342092,09:59:11.213,87.1500,1
36000022889394,10:00:00.022,87.1500,100
36050654315526,10:00:50.654,87.1300,18
36050654315526,10:00:50.654,87.1200,82
36050654317615,10:00:50.654,87.1200,18
36050656907176,10:00:50.656,87.1000,100
36051483992144,10:00:51.483,87.1300,26
36078326615246,10:01:18.326,87.1400,100
36078326615246,10:01:18.326,87.1400,36
36078326615246,10:01:18.326,87.1400,14
36078327442231,10:01:18.327,87.1600,137
36078328308404,10:01:18.328,87.1600,10
36078328790332,10:01:18.328,87.1600,20
36078329779190,10:01:18.329,87.1600,31
36078924827194,10:01:18.924,87.1600,20
36078924827194,10:01:18.924,87.1600,80
36078924855270,10:01:18.924,87.1600,20
36079390972379,10:01:19.390,87.1400,16
36079393916383,10:01:19.393,87.1300,7
36090021066106,10:01:30.021,87.1500,100
36099322872284,10:01:39.322,87.1200,100
36099324828204,10:01:39.324,87.1000,2
36099328335732,10:01:39.328,87.1100,2
36119284660794,10:01:59.284,87.1100,8
36119284660794,10:01:59.284,87.1100,61
36119284660794,10:01:59.284,87.1100,31
36135012658019,10:02:15.012,87.0600,100
36135012658019,10:02:15.012,87.0600,5
36154612730677,10:02:34.612,87.0100,20
36154612730677,10:02:34.612,87.0000,80
36154613078817,10:02:34.613,87.0000,20
36154613078817,10:02:34.613,87.0000,100
36165934129851,10:02:45.934,86.9900,100
36178055175630,10:02:58.055,87.0000,20
36190448902894,10:03:10.448,87.0400,52
36190448923767,10:03:10.448,87.0400,48
36190448923767,10:03:10.448,87.0400,52
36190448952825,10:03:10.448,87.0400,17
36190448952825,10:03:10.448,87.0400,100
36190450616399,10:03:10.450,87.0600,72
36190451676337,10:03:10.451,87.0600,28
36238842062647,10:03:58.842,87.0500,22
36238842431444,10:03:58.842,87.0500,2
36238842544197,10:03:58.842,87.0500,76
36263314014545,10:04:23.314,87.1200,100
36290152858284,10:04:50.152,87.1000,2
36292145376999,10:04:52.145,87.0900,3
36293900165522,10:04:53.900,87.1300,100
36318685882517,10:05:18.685,87.1350,100
36318824189196,10:05:18.824,87.1600,100
36318824299925,10:05:18.824,87.1600,3615
36318824329323,10:05:18.824,87.1600,215
36318824336997,10:05:18.824,87.1600,657
36318824345326,10:05:18.824,87.1600,413
36318824345326,10:05:18.824,87.1600,100
36318824345326,10:05:18.824,87.1600,37
36318824388856,10:05:18.824,87.1700,61
36318824407262,10:05:18.824,87.1700,39
36318824581934,10:05:18.824,87.1700,39
36318825033429,10:05:18.825,87.2000,85
36320010328328,10:05:20.010,87.2000,15
36320010328328,10:05:20.010,87.2000,85
36320025227024,10:05:20.025,87.2000,15
36335784431072,10:05:35.784,87.1800,52
36335784446892,10:05:35.784,87.1800,48
36335784977047,10:05:35.784,87.1700,91
36335785871700,10:05:35.785,87.1600,2
36335785957097,10:05:35.785,87.1600,98
36335786866752,10:05:35.786,87.1600,100
36335789630375,10:05:35.789,87.1400,21
36345138325442,10:05:45.138,87.1500,100
36354462759767,10:05:54.462,87.1400,72
36354462794773,10:05:54.462,87.1400,7
36364708294763,10:06:04.708,87.1300,100
36364708380558,10:06:04.708,87.1300,2
36364708380558,10:06:04.708,87.1300,2
36386311978832,10:06:26.311,87.1400,100
36395705180662,10:06:35.705,87.1200,100
36445025945814,10:07:25.025,87.1400,46
36451836639512,10:07:31.836,87.1500,100
36451836639512,10:07:31.836,87.1500,74
36451836653757,10:07:31.836,87.1500,100
36451836663456,10:07:31.836,87.1500,26
36519244803120,10:08:39.244,87.1400,2
36519244803120,10:08:39.244,87.1400,100
36519255822310,10:08:39.255,87.1400,18
36519255822310,10:08:39.255,87.1300,82
36519255852230,10:08:39.255,87.1300,18
36594019695192,10:09:54.019,87.1500,100
36594019695192,10:09:54.019,87.1500,200
36594019695192,10:09:54.019,87.1600,100
36606014771058,10:10:06.014,87.1300,100
36607455331518,10:10:07.455,87.1600,100
36607461439542,10:10:07.461,87.1600,100
36618768558722,10:10:18.768,87.1500,30
36618787440607,10:10:18.787,87.1700,100
36618787440607,10:10:18.787,87.1700,100
36620140396177,10:10:20.140,87.1700,2
36630858353292,10:10:30.858,87.1500,70
36630873591601,10:10:30.873,87.1300,100
36635141827341,10:10:35.141,87.1300,100
36703799896330,10:11:43.799,87.1700,100
36718595313920,10:11:58.595,87.1400,100
36718595595667,10:11:58.595,87.1400,100
36722244734515,10:12:02.244,87.1400,19
36722244734515,10:12:02.244,87.1300,81
36722244943464,10:12:02.244,87.1300,19
36724301368147,10:12:04.301,87.1200,100
36724301412207,10:12:04.301,87.1200,3
36730273851460,10:12:10.273,87.1000,100
36730305914925,10:12:10.305,87.0900,100
36745020581518,10:12:25.020,87.1400,100
36745900286539,10:12:25.900,87.1500,100
36784660859069,10:13:04.660,87.1900,100
36784660859069,10:13:04.660,87.1900,100
36784661068329,10:13:04.661,87.2000,100
36820091628931,10:13:40.091,87.2500,28
36820091628931,10:13:40.091,87.2500,88
36820091640694,10:13:40.091,87.2500,12
36820091640694,10:13:40.091,87.2500,4
36820091644818,10:13:40.091,87.2500,37
36825024866320,10:13:45.024,87.2600,100
36825024893431,10:13:45.024,87.2600,27
36869639178277,10:14:29.639,87.2900,100
36872424686298,10:14:32.424,87.3000,2
36872424686298,10:14:32.424,87.3000,98
36872424718148,10:14:32.424,87.3000,2
36894353131195,10:14:54.353,87.3400,100
36894353166692,10:14:54.353,87.3400,300
36925214378807,10:15:25.214,87.4050,100
36931640305183,10:15:31.640,87.3700,100
36931640330625,10:15:31.640,87.3700,100
36931640330625,10:15:31.640,87.3700,100
36931640330625,10:15:31.640,87.3700,100
36945854456653,10:15:45.854,87.3400,19
36945854456653,10:15:45.854,87.3300,81
36945854499223,10:15:45.854,87.3300,19
36985192702618,10:16:25.192,87.2900,100
36995435333549,10:16:35.435,87.3100,100
36995435369257,10:16:35.435,87.3100,100
37000025103703,10:16:40.025,87.3100,100
37021815699454,10:17:01.815,87.3200,41
37021815699454,10:17:01.815,87.3200,59
37021816315737,10:17:01.816,87.3200,41
37038511888102,10:17:18.511,87.3200,100
37080881950638,10:18:00.881,87.3400,100
37080881950638,10:18:00.881,87.3400,106
37080881950638,10:18:00.881,87.3400,28
37080881951764,10:18:00.881,87.3400,100
37098825350258,10:18:18.825,87.3600,13
37098825631447,10:18:18.825,87.3600,87
37098826045972,10:18:18.826,87.3400,100
37098826048077,10:18:18.826,87.3400,19
37103458491864,10:18:23.458,87.3200,2
37103458491864,10:18:23.458,87.3200,98
37103459151923,10:18:23.459,87.3200,2
37105021319969,10:18:25.021,87.3200,100
37125769528788,10:18:45.769,87.3000,54
37125769552573,10:18:45.769,87.3000,46
37166255317712,10:19:26.255,87.3200,100
37172157284950,10:19:32.157,87.3100,100
37178093383734,10:19:38.093,87.3000,100
37202729728628,10:20:02.729,87.2600,100
37207772988741,10:20:07.772,87.2500,100
37208397778191,10:20:08.397,87.2300,100
37210230403545,10:20:10.230,87.2400,100
37216668387554,10:20:16.668,87.2800,100
37216671070784,10:20:16.671,87.2500,31
37234097735719,10:20:34.097,87.2100,100
37235465634532,10:20:35.465,87.2000,100
37235465638775,10:20:35.465,87.2000,100
37235466315486,10:20:35.466,87.2000,100
37238231831971,10:20:38.231,87.2100,100
37238366349637,10:20:38.366,87.2500,30
37238366349637,10:20:38.366,87.2500,5
37238891773113,10:20:38.891,87.2300,100
37238928100113,10:20:38.928,87.2300,100
37238928770807,10:20:38.928,87.2300,75
37239409744955,10:20:39.409,87.2000,100
37254626980677,10:20:54.626,87.2400,100
37254628375670,10:20:54.628,87.2400,100
37302108542551,10:21:42.108,87.2200,100
37309191957613,10:21:49.191,87.2200,18
37316238705075,10:21:56.238,87.2000,72
37318862071242,10:21:58.862,87.2000,28
37318862071242,10:21:58.862,87.2000,72
37345964377735,10:22:25.964,87.2300,100
37386413511528,10:23:06.413,87.2600,100
37386413511528,10:23:06.413,87.2600,100
37411293485473,10:23:31.293,87.2300,100
37411421825260,10:23:31.421,87.2600,100
37431631482305,10:23:51.631,87.2200,100
37445680517336,10:24:05.680,87.2400,100
37445697950779,10:24:05.697,87.2700,26
37482498318954,10:24:42.498,87.2900,150
37482498346615,10:24:42.498,87.2900,15
37482498346615,10:24:42.498,87.2900,26
37506496403723,10:25:06.496,87.2900,100
37511252098490,10:25:11.252,87.2900,200
37511349694698,10:25:11.349,87.3000,100
37543054650336,10:25:43.054,87.2500,100
37560149491514,10:26:00.149,87.2200,100
37568714306729,10:26:08.714,87.2400,142
37571499143892,10:26:11.499,87.2600,100
37608138685353,10:26:48.138,87.2600,100
37631654876344,10:27:11.654,87.2400,25
37634230973390,10:27:14.230,87.2200,18
37705067982627,10:28:25.067,87.2100,100
37705068005654,10:28:25.068,87.2200,25
37705068005654,10:28:25.068,87.2200,100
37707467962834,10:28:27.467,87.2200,88
37707467990773,10:28:27.467,87.2200,12
37709779733507,10:28:29.779,87.2200,100
37711185579841,10:28:31.185,87.2100,78
37746090234744,10:29:06.090,87.2400,63
37746090234744,10:29:06.090,87.2400,3
37746090247012,10:29:06.090,87.2400,20
37770736291756,10:29:30.736,87.2900,79
37771243158968,10:29:31.243,87.2900,21
37771243158968,10:29:31.243,87.2900,79
37805293845995,10:30:05.293,87.2300,50
37805293848519,10:30:05.293,87.2300,50
37805293876636,10:30:05.293,87.2300,100
37805293876636,10:30:05.293,87.2300,23
37805294867873,10:30:05.294,87.2200,18
37805835824182,10:30:05.835,87.2000,100
37805836450176,10:30:05.836,87.2000,100
37833120463689,10:30:33.120,87.1900,41
37849076977021,10:30:49.076,87.1500,100
37850077848803,10:30:50.077,87.1500,100
37942301153664,10:32:22.301,87.1100,50
37942301541687,10:32:22.301,87.1000,22
37942301541687,10:32:22.301,87.1000,78
37942301566396,10:32:22.301,87.1000,22
37944577541849,10:32:24.577,87.0700,100
37952422224798,10:32:32.422,87.0700,2
37952422224798,10:32:32.422,87.0700,72
37952422629222,10:32:32.422,87.0700,19
37952422654604,10:32:32.422,87.0700,9
37952423557579,10:32:32.423,87.0800,5
37957197518502,10:32:37.197,87.0800,95
38006633174395,10:33:26.633,87.0700,77
38017675005054,10:33:37.675,87.0600,11
38040679262717,10:34:00.679,87.1000,100
38095022096632,10:34:55.022,87.1100,11
38095023476429,10:34:55.023,87.1200,100
38104123153675,10:35:04.123,87.1500,5
38107784977670,10:35:07.784,87.1500,100
38120298518217,10:35:20.298,87.1300,57
38120298722999,10:35:20.298,87.1300,43
38121059891242,10:35:21.059,87.1200,6
38121059891242,10:35:21.059,87.1200,100
38134089230854,10:35:34.089,87.1300,61
38135157002819,10:35:35.157,87.1000,100
38135236111382,10:35:35.236,87.1000,100
38223047757202,10:37:03.047,87.1000,100
38226733442324,10:37:06.733,87.0600,100
38256706976074,10:37:36.706,87.0700,100
38271448059471,10:37:51.448,87.0900,3
38271448059471,10:37:51.448,87.0900,5
38271448059471,10:37:51.448,87.0900,8
38271448059471,10:37:51.448,87.0900,100
38271448059471,10:37:51.448,87.0900,100
38271450212443,10:37:51.450,87.1000,100
38271450212443,10:37:51.450,87.1000,23
38271450212443,10:37:51.450,87.1000,77
38271450251741,10:37:51.450,87.1000,23
38271450251741,10:37:51.450,87.1000,100
38274502077354,10:37:54.502,87.0500,100
38274502286775,10:37:54.502,87.0500,2
38274502286775,10:37:54.502,87.0500,93
38274502327745,10:37:54.502,87.0500,7
38274502340121,10:37:54.502,87.0500,19
38280234123014,10:38:00.234,87.0700,10
38280234123014,10:38:00.234,87.0700,37
38280234134452,10:38:00.234,87.0700,63
38310279447602,10:38:30.279,87.0900,1
38310831838881,10:38:30.831,87.1000,36
38310831851034,10:38:30.831,87.1000,114
38310832695273,10:38:30.832,87.1100,100
38316510063096,10:38:36.510,87.1000,3
38341143526463,10:39:01.143,87.1200,55
38341143614875,10:39:01.143,87.1200,45
38355151377907,10:39:15.151,87.1400,100
38421974208811,10:40:21.974,87.1600,2
38423730241360,10:40:23.730,87.1600,100
38441468103090,10:40:41.468,87.1600,100
38446401677395,10:40:46.401,87.1700,50
38446401687324,10:40:46.401,87.1700,15
38446403212372,10:40:46.403,87.1800,29
38465276606715,10:41:05.276,87.1600,20
38499860458976,10:41:39.860,87.1600,21
38500165451450,10:41:40.165,87.1600,79
38505843225068,10:41:45.843,87.1500,66
38527602769718,10:42:07.602,87.1500,54
38527603589477,10:42:07.603,87.1400,100
38527603791929,10:42:07.603,87.1400,4
38527605918794,10:42:07.605,87.1400,92
38580153513866,10:43:00.153,87.1700,100
38580153557573,10:43:00.153,87.1700,14
38580153557573,10:43:00.153,87.1700,14
38580153599090,10:43:00.153,87.1700,14
38659153226619,10:44:19.153,87.1500,4
38659153226619,10:44:19.153,87.1500,1
38659159263823,10:44:19.159,87.1500,8
38674286639902,10:44:34.286,87.1800,100
38760251515823,10:46:00.251,87.1500,98
38760481765759,10:46:00.481,87.1500,2
38760481765759,10:46:00.481,87.1500,100
38760482382898,10:46:00.482,87.1500,11
38792115251111,10:46:32.115,87.1700,71
38792115277002,10:46:32.115,87.1700,29
38792116060429,10:46:32.116,87.1800,3
38797975503429,10:46:37.975,87.1700,5
38797975503429,10:46:37.975,87.1700,100
38803836574199,10:46:43.836,87.1500,74
38803836585554,10:46:43.836,87.1500,26
38803836593034,10:46:43.836,87.1400,19
38829026054464,10:47:09.026,87.1500,100
38835636747832,10:47:15.636,87.1600,100
38835636747832,10:47:15.636,87.1600,100
38835655350348,10:47:15.655,87.1600,100
38839098240973,10:47:19.098,87.1700,200
38849924580900,10:47:29.924,87.1700,34
38889838864622,10:48:09.838,87.1900,100
38902678159414,10:48:22.678,87.2100,69
38914898461216,10:48:34.898,87.2100,57
38914898498046,10:48:34.898,87.2100,43
38914898498046,10:48:34.898,87.2100,3
38914898498046,10:48:34.898,87.2100,4
38914898534621,10:48:34.898,87.2100,96
38966202380209,10:49:26.202,87.2000,100
39009899713290,10:50:09.899,87.1900,100
39009899793324,10:50:09.899,87.1900,100
39017308416745,10:50:17.308,87.1600,46
39040837933378,10:50:40.837,87.2000,13
39040837933378,10:50:40.837,87.2000,87
39062309228788,10:51:02.309,87.1900,100
39075189612878,10:51:15.189,87.2000,13
39075189612878,10:51:15.189,87.2000,87
39097179531262,10:51:37.179,87.1900,100
39098773104847,10:51:38.773,87.1900,100
39098778181386,10:51:38.778,87.1900,100
39109919499515,10:51:49.919,87.1900,46
39109919499515,10:51:49.919,87.1900,54
39120207996586,10:52:00.207,87.1900,46
39120207996586,10:52:00.207,87.1900,104
39120208013079,10:52:00.208,87.1900,39
39120492357812,10:52:00.492,87.2000,100
39120492397940,10:52:00.492,87.2000,14
39130329639219,10:52:10.329,87.2100,100
39130330360997,10:52:10.330,87.2000,4
39180162522614,10:53:00.162,87.1800,100
39180162522614,10:53:00.162,87.1800,100
39181802451553,10:53:01.802,87.1600,100
39186671752597,10:53:06.671,87.1700,100
39186671752597,10:53:06.671,87.1800,100
39192030010067,10:53:12.030,87.1600,18
39230164674982,10:53:50.164,87.1100,21
39233088295969,10:53:53.088,87.1000,18
39233088295969,10:53:53.088,87.0900,82
39234442856369,10:53:54.442,87.0900,18
39242842577901,10:54:02.842,87.1100,100
39242842602745,10:54:02.842,87.1100,100
39262262899789,10:54:22.262,87.1100,100
39262262899789,10:54:22.262,87.1100,100
39274973948058,10:54:34.973,87.0800,100
39290352404268,10:54:50.352,87.0900,4
39290352410560,10:54:50.352,87.0900,39
39290352410560,10:54:50.352,87.0900,30
39290684081254,10:54:50.684,87.1000,100
39320157011992,10:55:20.157,87.1000,4
39320171472881,10:55:20.171,87.1100,25
39320171498340,10:55:20.171,87.1100,1
39320856496362,10:55:20.856,87.1100,25
39321093162263,10:55:21.093,87.1100,49
39321093162263,10:55:21.093,87.1100,51
39321093189254,10:55:21.093,87.1100,49
39321093189254,10:55:21.093,87.1100,51
39321266566760,10:55:21.266,87.1200,100
39321266566760,10:55:21.266,87.1200,100
39321266621847,10:55:21.266,87.1200,100
39321266695294,10:55:21.266,87.1200,100
39321266737433,10:55:21.266,87.1200,100
39321279964707,10:55:21.279,87.1300,10
39321279998883,10:55:21.279,87.1300,50
39349844158666,10:55:49.844,87.1300,39
39349844186797,10:55:49.844,87.1300,61
39354146173926,10:55:54.146,87.1100,72
39354146365453,10:55:54.146,87.1100,28
39354146886902,10:55:54.146,87.1000,100
39355067868317,10:55:55.067,87.1100,100
39355067919884,10:55:55.067,87.1100,100
39355067955757,10:55:55.067,87.1100,100
39368376895146,10:56:08.376,87.0900,4
39368376896377,10:56:08.376,87.0900,4
39368377140268,10:56:08.377,87.0900,4
39414167274769,10:56:54.167,87.0900,100
39414167289462,10:56:54.167,87.0900,100
39414167312887,10:56:54.167,87.0900,72
39414167312887,10:56:54.167,87.0900,28
39414167339185,10:56:54.167,87.0900,10
39415167766265,10:56:55.167,87.1000,100
39415167802344,10:56:55.167,87.1000,3
39415167802344,10:56:55.167,87.1000,56
39415168166117,10:56:55.168,87.1100,100
39416194941070,10:56:56.194,87.1200,100
39417031888505,10:56:57.031,87.1200,100
39417097552683,10:56:57.097,87.1200,100
39417097960398,10:56:57.097,87.1200,100
39417097960398,10:56:57.097,87.1200,100
39422908184378,10:57:02.908,87.1100,27
39427817824919,10:57:07.817,87.1300,100
39427817824919,10:57:07.817,87.1300,12
39427818031165,10:57:07.818,87.1300,88
39427818031165,10:57:07.818,87.1300,40
39427818080349,10:57:07.818,87.1300,60
39437032727429,10:57:17.032,87.1200,100
39437175142163,10:57:17.175,87.1300,100
39444131644644,10:57:24.131,87.1000,100
39469500798287,10:57:49.500,87.1200,100
39479192593818,10:57:59.192,87.1100,100
39479192593818,10:57:59.192,87.1100,100
39479192593818,10:57:59.192,87.1100,100
39482646530299,10:58:02.646,87.0900,100
39482646530299,10:58:02.646,87.0900,12
39482646533268,10:58:02.646,87.0900,88
39482646533268,10:58:02.646,87.0900,12
39482646554136,10:58:02.646,87.0900,7
39482966357677,10:58:02.966,87.0700,200
39488897880704,10:58:08.897,87.0800,100
39489192483852,10:58:09.192,87.0900,100
39489192483852,10:58:09.192,87.0900,100
39489192483852,10:58:09.192,87.0900,100
39489192483852,10:58:09.192,87.0900,100
39489192518419,10:58:09.192,87.0900,100
39493231404542,10:58:13.231,87.1100,100
39502240534746,10:58:22.240,87.1300,100
39502241744320,10:58:22.241,87.1400,100
39504016591640,10:58:24.016,87.1300,100
39508212287171,10:58:28.212,87.1300,57
39508219639838,10:58:28.219,87.1300,8
39508227406229,10:58:28.227,87.1300,35
39508227406229,10:58:28.227,87.1300,65
39508263038722,10:58:28.263,87.1300,35
39508263038722,10:58:28.263,87.1300,65
39508270905456,10:58:28.270,87.1300,35
39508270905456,10:58:28.270,87.1300,100
39508270905456,10:58:28.270,87.1300,65
39508278732018,10:58:28.278,87.1300,35
39508278732018,10:58:28.278,87.1300,100
39532191791249,10:58:52.191,87.1100,2
39532193349566,10:58:52.193,87.1300,100
39532193349566,10:58:52.193,87.1300,100
39532193349566,10:58:52.193,87.1300,100
39532193349566,10:58:52.193,87.1300,100
39532388903287,10:58:52.388,87.1200,100
39535443399239,10:58:55.443,87.1200,3
39539908473141,10:58:59.908,87.1100,91
39555683683472,10:59:15.683,87.0900,100
39555683683472,10:59:15.683,87.0900,51
39555683683472,10:59:15.683,87.0900,49
39558047104155,10:59:18.047,87.0900,6
39575834981505,10:59:35.834,87.1100,200
39575954095784,10:59:35.954,87.1200,100
39575954121638,10:59:35.954,87.1200,84
39575972376279,10:59:35.972,87.1200,16
39575972376279,10:59:35.972,87.1200,84
39575979698740,10:59:35.979,87.1200,16
39575979698740,10:59:35.979,87.1200,100
39575979698740,10:59:35.979,87.1200,84
39575998105977,10:59:35.998,87.1100,100
39580009934726,10:59:40.009,87.1100,45
39581024098045,10:59:41.024,87.0800,100
39581024324348,10:59:41.024,87.0800,100
39597080478012,10:59:57.080,87.0900,61
39597081280303,10:59:57.081,87.1000,100
39604071560144,11:00:04.071,87.1200,100
39622274531656,11:00:22.274,87.1200,100
39622277823018,11:00:22.277,87.1300,100
39622277823018,11:00:22.277,87.1300,100
39626058110125,11:00:26.058,87.1300,43
39632279755126,11:00:32.279,87.1300,57
39632279755126,11:00:32.279,87.1300,100
39632279755126,11:00:32.279,87.1300,43
39646015924584,11:00:46.015,87.1300,100
39646015924584,11:00:46.015,87.1300,100
39658955620340,11:00:58.955,87.1100,200
39662824822093,11:01:02.824,87.1100,58
39662940722687,11:01:02.940,87.1100,42
39662940722687,11:01:02.940,87.1100,16
39662940955808,11:01:02.940,87.1100,84
39663460560279,11:01:03.460,87.1300,5
39663464049245,11:01:03.464,87.1300,5
39663486549002,11:01:03.486,87.1350,6
39663512967027,11:01:03.512,87.1350,58
39663622245255,11:01:03.622,87.1300,26
39663979298820,11:01:03.979,87.1400,100
39663979298820,11:01:03.979,87.1400,11
39665353624060,11:01:05.353,87.1650,100
39667171596134,11:01:07.171,87.1600,12
39667172801745,11:01:07.172,87.1600,23
39678262516331,11:01:18.262,87.1800,100
39713083875317,11:01:53.083,87.1600,100
39713084241794,11:01:53.084,87.1500,100
39713086473520,11:01:53.086,87.1300,46
39713086498397,11:01:53.086,87.1300,54
39724394064172,11:02:04.394,87.1400,3
39724699409874,11:02:04.699,87.1600,5
39724700063970,11:02:04.700,87.1600,5
39726278813177,11:02:06.278,87.1600,90
39764010842199,11:02:44.010,87.1300,44
39764010985075,11:02:44.010,87.1300,56
39764011826627,11:02:44.011,87.1200,100
39780022102720,11:03:00.022,87.1200,6
39780022140127,11:03:00.022,87.1200,1
39780295629699,11:03:00.295,87.1500,100
39780303002019,11:03:00.303,87.1500,43
39780303002019,11:03:00.303,87.1500,100
39780303002019,11:03:00.303,87.1500,57
39785163072008,11:03:05.163,87.1500,98
39785163072008,11:03:05.163,87.1500,2
39785163129975,11:03:05.163,87.1500,100
39785163150146,11:03:05.163,87.1500,6
39785163150146,11:03:05.163,87.1500,37
39785163169474,11:03:05.163,87.1500,63
39785163169474,11:03:05.163,87.1500,43
39785163181100,11:03:05.163,87.1500,7
39803304213423,11:03:23.304,87.1700,77
39845544665568,11:04:05.544,87.1600,100
39846169118579,11:04:06.169,87.1500,3
39846169169026,11:04:06.169,87.1500,18
39864242769024,11:04:24.242,87.1400,3
39882243465144,11:04:42.243,87.1400,97
39882243465144,11:04:42.243,87.1400,100
39882243465144,11:04:42.243,87.1400,100
39882245616902,11:04:42.245,87.1300,100
39892251380883,11:04:52.251,87.1400,30
39892251554922,11:04:52.251,87.1400,70
39892251554922,11:04:52.251,87.1400,100
39892251554922,11:04:52.251,87.1400,6
39892251554922,11:04:52.251,87.1400,35
39892254581007,11:04:52.254,87.1500,100
39911256969039,11:05:11.256,87.1600,100
39927107505620,11:05:27.107,87.1600,100
39927948700967,11:05:27.948,87.1500,100
39928357614355,11:05:28.357,87.1400,100
39928357639062,11:05:28.357,87.1400,100
39928357713510,11:05:28.357,87.1400,100
39928359728144,11:05:28.359,87.1400,62
39948802069511,11:05:48.802,87.1300,100
39955168796441,11:05:55.168,87.1300,69
39957713228551,11:05:57.713,87.1300,100
39957714072308,11:05:57.714,87.1400,100
39957714194440,11:05:57.714,87.1400,5
39957714206763,11:05:57.714,87.1400,95
39957714206763,11:05:57.714,87.1400,12
39957714206763,11:05:57.714,87.1400,12
39957714219755,11:05:57.714,87.1400,88
39957715718878,11:05:57.715,87.1500,100
39980167047345,11:06:20.167,87.1700,15
39980167047345,11:06:20.167,87.1700,20
40015184794171,11:06:55.184,87.1600,100
40016668259115,11:06:56.668,87.1500,100
40016668542056,11:06:56.668,87.1500,4
40016668572294,11:06:56.668,87.1500,96
40016668572294,11:06:56.668,87.1500,100
40016670380436,11:06:56.670,87.1400,19
40035561822482,11:07:15.561,87.1600,13
40048013808691,11:07:28.013,87.1700,100
40071441936160,11:07:51.441,87.1300,100
40081434982143,11:08:01.434,87.1400,97
40081465484319,11:08:01.465,87.1500,100
40082600462622,11:08:02.600,87.1700,100
40091017502643,11:08:11.017,87.1600,100
40122480414514,11:08:42.480,87.1900,33
40171782397774,11:09:31.782,87.1900,100
40172655713216,11:09:32.655,87.1800,100
40172655713216,11:09:32.655,87.1800,28
40172655979184,11:09:32.655,87.1800,72
40172656106764,11:09:32.656,87.1800,100
40181610527867,11:09:41.610,87.1600,100
40181610691115,11:09:41.610,87.1600,100
40182065538791,11:09:42.065,87.1400,4
40182066012764,11:09:42.066,87.1400,100
40186339437977,11:09:46.339,87.1600,100
40186339463331,11:09:46.339,87.1600,100
40194982133412,11:09:54.982,87.1600,13
40195066033530,11:09:55.066,87.1600,87
40205055979433,11:10:05.055,87.1800,62
40205056018928,11:10:05.056,87.1800,38
40205059480599,11:10:05.059,87.1900,200
40205060844190,11:10:05.060,87.1800,100
40205060844190,11:10:05.060,87.1800,100
40205062119306,11:10:05.062,87.1800,100
40206593785652,11:10:06.593,87.1900,100
40206601429059,11:10:06.601,87.1900,100
40208271219683,11:10:08.271,87.1800,100
40225670718967,11:10:25.670,87.2100,10
40225670718967,11:10:25.670,87.2100,71
40239770859313,11:10:39.770,87.2100,100
40246844445589,11:10:46.844,87.2000,100
40246844471485,11:10:46.844,87.2000,100
40248245812670,11:10:48.245,87.2100,200
40249085143411,11:10:49.085,87.2100,100
40250497332930,11:10:50.497,87.2200,100
40252065555153,11:10:52.065,87.2300,19
40252065626607,11:10:52.065,87.2300,19
40252065674069,11:10:52.065,87.2300,19
40252065928207,11:10:52.065,87.2300,43
40278108600668,11:11:18.108,87.2200,100
40278327155511,11:11:18.327,87.2300,50
40278525850284,11:11:18.525,87.2300,50
40278525850284,11:11:18.525,87.2300,50
40278533500608,11:11:18.533,87.2300,50
40278533500608,11:11:18.533,87.2300,50
40296519778599,11:11:36.519,87.2300,50
40296519778599,11:11:36.519,87.2300,50
40296520365992,11:11:36.520,87.2300,50
40298417142095,11:11:38.417,87.2300,135
40298417181991,11:11:38.417,87.2300,100
40298417181991,11:11:38.417,87.2300,65
40302904644873,11:11:42.904,87.2300,100
40302911584579,11:11:42.911,87.2300,100
40309334655343,11:11:49.334,87.1900,20
40309336131302,11:11:49.336,87.1800,66
40313659502319,11:11:53.659,87.1700,66
40317683449219,11:11:57.683,87.1800,10
40358661639770,11:12:38.661,87.1900,100
40359273718643,11:12:39.273,87.1900,100
40364736296301,11:12:44.736,87.1900,15
40364736302827,11:12:44.736,87.1900,24
40364736412258,11:12:44.736,87.1900,14
40391347624524,11:13:11.347,87.1800,27
40394105769452,11:13:14.105,87.1700,100
40394106357770,11:13:14.106,87.1600,18
40394142568132,11:13:14.142,87.1500,100
40399492741048,11:13:19.492,87.1600,100
40399599325221,11:13:19.599,87.1600,9
40425928300615,11:13:45.928,87.1600,15
40435293371786,11:13:55.293,87.1500,100
40435293419180,11:13:55.293,87.1500,2
40435293681362,11:13:55.293,87.1500,1
40435294103650,11:13:55.294,87.1500,97
40439132971765,11:13:59.132,87.1400,74
40442246800779,11:14:02.246,87.1500,100
40442246827410,11:14:02.246,87.1500,22
40445295092929,11:14:05.295,87.1600,100
40455228735419,11:14:15.228,87.1600,100
40475947098929,11:14:35.947,87.1500,100
40475947206236,11:14:35.947,87.1500,4
40497105371478,11:14:57.105,87.1500,105
40497105371478,11:14:57.105,87.1500,44
40497106819440,11:14:57.106,87.1500,53
40497106819440,11:14:57.106,87.1500,647
40502042134631,11:15:02.042,87.1600,44
40502042511509,11:15:02.042,87.1600,40
40507000610111,11:15:07.000,87.1600,72
40507000639282,11:15:07.000,87.1600,28
40531401677094,11:15:31.401,87.1700,28
40539027364195,11:15:39.027,87.1700,27
40539027364195,11:15:39.027,87.1700,73
40539027372992,11:15:39.027,87.1700,27
40539027372992,11:15:39.027,87.1700,83
40539027386708,11:15:39.027,87.1700,17
40572772047007,11:16:12.772,87.1900,49
40582386539806,11:16:22.386,87.2000,100
40582388318564,11:16:22.388,87.1800,72
40582388342337,11:16:22.388,87.1800,28
40582388358798,11:16:22.388,87.1800,18
40582642494500,11:16:22.642,87.1600,1
40583780835319,11:16:23.780,87.1800,10
40594885541364,11:16:34.885,87.1800,100
40594885541364,11:16:34.885,87.1800,100
40605961768962,11:16:45.961,87.1700,3
40615175586630,11:16:55.175,87.1800,100
40616167332066,11:16:56.167,87.1900,8
40647432865007,11:17:27.432,87.2000,100
40668950078314,11:17:48.950,87.1800,100
40694237334831,11:18:14.237,87.1700,100
40694237359820,11:18:14.237,87.1700,31
40707253037358,11:18:27.253,87.1800,69
40707253099332,11:18:27.253,87.1800,38
40716853388481,11:18:36.853,87.1900,100
40716854376565,11:18:36.854,87.1800,38
40720015002674,11:18:40.015,87.1600,21
40720015028749,11:18:40.015,87.1600,79
40720015028749,11:18:40.015,87.1600,3
40725102786696,11:18:45.102,87.1800,100
40745816392930,11:19:05.816,87.1900,45
40745830926661,11:19:05.830,87.1900,100
40789346406468,11:19:49.346,87.2000,200
40789346406468,11:19:49.346,87.2000,100
40789346406468,11:19:49.346,87.2000,47
40800791569796,11:20:00.791,87.2200,100
40815216164704,11:20:15.216,87.2000,52
40815216196433,11:20:15.216,87.2000,19
40815217247023,11:20:15.217,87.1900,100
40815219937428,11:20:15.219,87.1900,100
40817562480924,11:20:17.562,87.2100,11
40828676037721,11:20:28.676,87.2100,3
40846520991342,11:20:46.520,87.1900,100
40846520991342,11:20:46.520,87.1900,100
40847088257386,11:20:47.088,87.2000,100
40847088296537,11:20:47.088,87.2000,100
40847088531302,11:20:47.088,87.2000,100
40850181698517,11:20:50.181,87.2000,100
40854886649363,11:20:54.886,87.2000,100
40861642166114,11:21:01.642,87.1900,43
40866235639080,11:21:06.235,87.1900,4
40866235940462,11:21:06.235,87.1900,17
40866236006493,11:21:06.236,87.1900,79
40876283527913,11:21:16.283,87.2000,100
40880796616713,11:21:20.796,87.1900,100
40909353019403,11:21:49.353,87.1900,100
40909354349322,11:21:49.354,87.1800,3
40909354527222,11:21:49.354,87.1800,55
40909498999622,11:21:49.498,87.1600,100
40909498999622,11:21:49.498,87.1600,58
40909499053075,11:21:49.499,87.1600,42
40913394762355,11:21:53.394,87.1600,100
40913395209862,11:21:53.395,87.1600,100
40944491996329,11:22:24.491,87.2000,44
40956268663568,11:22:36.268,87.2200,38
40956268663568,11:22:36.268,87.2200,62
40959288476456,11:22:39.288,87.2200,32
40999997632249,11:23:19.997,87.2300,83
40999997632249,11:23:19.997,87.2300,17
40999997784854,11:23:19.997,87.2300,83
41004692028627,11:23:24.692,87.2200,72
41004692055527,11:23:24.692,87.2200,28
41007197972232,11:23:27.197,87.2300,100
41017961013638,11:23:37.961,87.2300,10
41017961103050,11:23:37.961,87.2300,22
41017961108374,11:23:37.961,87.2300,50
41017961110994,11:23:37.961,87.2300,18
41017961653056,11:23:37.961,87.2200,100
41017963337167,11:23:37.963,87.2100,31
41041803860266,11:24:01.803,87.2100,100
41063015308146,11:24:23.015,87.2100,100
41069875400827,11:24:29.875,87.2000,45
41069875400827,11:24:29.875,87.2000,55
41069875431644,11:24:29.875,87.2000,45
41070875417971,11:24:30.875,87.2100,43
41070875417971,11:24:30.875,87.2100,41
41070875417971,11:24:30.875,87.2100,44
41070875426205,11:24:30.875,87.2100,56
41117126623626,11:25:17.126,87.2200,100
41117126660444,11:25:17.126,87.2200,100
41139066920877,11:25:39.066,87.2300,36
41172732679863,11:26:12.732,87.2100,2
41173015839176,11:26:13.015,87.2200,11
41232220022555,11:27:12.220,87.2200,22
41232220049384,11:27:12.220,87.2200,78
41235116276375,11:27:15.116,87.2100,100
41240187866448,11:27:20.187,87.2000,100
41240188852822,11:27:20.188,87.1900,100
41247944163773,11:27:27.944,87.1900,100
41247945094472,11:27:27.945,87.1800,100
41248972138554,11:27:28.972,87.2000,1
41294396832893,11:28:14.396,87.2400,100
41296106172411,11:28:16.106,87.2500,100
41296106178467,11:28:16.106,87.2500,100
41302842318041,11:28:22.842,87.2700,19
41302842318041,11:28:22.842,87.2700,81
41302849842449,11:28:22.849,87.2700,19
41307170853789,11:28:27.170,87.2700,100
41315745666513,11:28:35.745,87.2600,100
41317044741984,11:28:37.044,87.2500,100
41317044795017,11:28:37.044,87.2500,82
41317044830762,11:28:37.044,87.2500,82
41317044876396,11:28:37.044,87.2500,36
41318834266582,11:28:38.834,87.2500,200
41318834266582,11:28:38.834,87.2500,100
41318834292078,11:28:38.834,87.2500,100
41356902695365,11:29:16.902,87.2600,100
41358186182405,11:29:18.186,87.2500,100
41362335473535,11:29:22.335,87.2100,100
41398947317593,11:29:58.947,87.2100,100
41404066103546,11:30:04.066,87.2200,100
41404066103546,11:30:04.066,87.2200,50
41404066123621,11:30:04.066,87.2200,50
41404066123621,11:30:04.066,87.2200,2
41404068997855,11:30:04.068,87.2300,100
41416767445681,11:30:16.767,87.2400,100
41426243343346,11:30:26.243,87.2500,10
41426243343346,11:30:26.243,87.2500,90
41437187871631,11:30:37.187,87.2600,100
41437187906441,11:30:37.187,87.2600,39
41451135976842,11:30:51.135,87.2800,15
41451135976842,11:30:51.135,87.2800,85
41451136031439,11:30:51.136,87.2800,15
41453549543826,11:30:53.549,87.2600,39
41453549543826,11:30:53.549,87.2600,100
41453549543826,11:30:53.549,87.2600,15
41453633710279,11:30:53.633,87.2500,100
41453633715233,11:30:53.633,87.2500,100
41453634464713,11:30:53.634,87.2400,100
41454165527969,11:30:54.165,87.2300,100
41454166228293,11:30:54.166,87.2200,44
41454166255922,11:30:54.166,87.2200,8
41472232620916,11:31:12.232,87.2500,45
41513730312218,11:31:53.730,87.2500,100
41513937509088,11:31:53.937,87.2500,71
41513937509088,11:31:53.937,87.2500,39
41513937509088,11:31:53.937,87.2500,90
41513937571308,11:31:53.937,87.2500,10
41520284264075,11:32:00.284,87.2700,100
41523982633535,11:32:03.982,87.2700,72
41556607626119,11:32:36.607,87.2800,100
41585730849397,11:33:05.730,87.2500,72
41585730874018,11:33:05.730,87.2500,28
41585730874018,11:33:05.730,87.2500,100
41589694327573,11:33:09.694,87.2400,2
41595332157036,11:33:15.332,87.2300,100
41615206042587,11:33:35.206,87.1900,100
41628246909752,11:33:48.246,87.1900,100
41653375328016,11:34:13.375,87.1900,100
41687470972067,11:34:47.470,87.1900,17
41687471002924,11:34:47.471,87.1900,83
41693575204356,11:34:53.575,87.1900,100
41721200798566,11:35:21.200,87.2000,6
41721200838706,11:35:21.200,87.2000,52
41721200838706,11:35:21.200,87.2000,4
41721200933669,11:35:21.200,87.2000,96
41760894623449,11:36:00.894,87.2300,46
41760894623449,11:36:00.894,87.2300,12
41761479749231,11:36:01.479,87.2300,100
41761549813470,11:36:01.549,87.2300,200
41761549813470,11:36:01.549,87.2300,100
41761558101054,11:36:01.558,87.2300,200
41761559865228,11:36:01.559,87.2300,100
41761559865228,11:36:01.559,87.2400,100
41764798686622,11:36:04.798,87.2100,4
41788686841198,11:36:28.686,87.2000,100
41788687131705,11:36:28.687,87.1900,80
41788687602726,11:36:28.687,87.1900,6
41794257037655,11:36:34.257,87.1900,100
41794257037655,11:36:34.257,87.1900,100
41795191836325,11:36:35.191,87.1900,100
41855628749028,11:37:35.628,87.1500,72
41855628774593,11:37:35.628,87.1500,28
41855628774593,11:37:35.628,87.1500,52
41855628778029,11:37:35.628,87.1500,51
41855628778029,11:37:35.628,87.1500,81
41855629693047,11:37:35.629,87.1600,100
41855629718515,11:37:35.629,87.1600,100
41882358189332,11:38:02.358,87.1600,59
41889002168912,11:38:09.002,87.1600,41
41889002168912,11:38:09.002,87.1600,100
41890003141811,11:38:10.003,87.1500,100
41917830977877,11:38:37.830,87.1300,100
41918258764112,11:38:38.258,87.1300,100
41920772810095,11:38:40.772,87.1400,100
41920772835975,11:38:40.772,87.1400,100
41937397578200,11:38:57.397,87.1500,106
41937397606234,11:38:57.397,87.1500,94
41937397629536,11:38:57.397,87.1500,94
41956898923932,11:39:16.898,87.1600,38
41956898923932,11:39:16.898,87.1600,62
41956898948828,11:39:16.898,87.1600,38
41968622244022,11:39:28.622,87.1700,66
41971803822812,11:39:31.803,87.1700,100
42003008226942,11:40:03.008,87.1900,40
42003008228913,11:40:03.008,87.1900,60
42003008515619,11:40:03.008,87.1900,100
42014058992141,11:40:14.058,87.1900,4
42014058992141,11:40:14.058,87.1900,100
42056465831906,11:40:56.465,87.1800,90
42071141873613,11:41:11.141,87.2000,100
42089125690130,11:41:29.125,87.1900,100
42095150690177,11:41:35.150,87.1600,76
42095619519732,11:41:35.619,87.1600,10
42108765067174,11:41:48.765,87.1700,100
42109766044612,11:41:49.766,87.1700,100
42125975639175,11:42:05.975,87.1800,100
42139331671649,11:42:19.331,87.1800,34
42163969576490,11:42:43.969,87.2000,58
42192045496813,11:43:12.045,87.2100,100
42195250907426,11:43:15.250,87.2100,100
42195250953275,11:43:15.250,87.2100,100
42227014324835,11:43:47.014,87.2100,100
42235482583489,11:43:55.482,87.2100,100
42297917084505,11:44:57.917,87.2000,100
42310361158337,11:45:10.361,87.2000,19
42310361158337,11:45:10.361,87.2000,100
42318058652439,11:45:18.058,87.1900,100
42318058739318,11:45:18.058,87.1900,3
42324129622690,11:45:24.129,87.1800,54
42324129652301,11:45:24.129,87.1800,38
42324129851931,11:45:24.129,87.1800,8
42338235033714,11:45:38.235,87.1400,50
42361444390048,11:46:01.444,87.1400,32
42363723233426,11:46:03.723,87.1400,68
42372632127572,11:46:12.632,87.1600,42
42378512502041,11:46:18.512,87.1600,58
42382862891408,11:46:22.862,87.1600,10
42395662237827,11:46:35.662,87.1600,100
42402309531863,11:46:42.309,87.1500,100
42402309531863,11:46:42.309,87.1500,36
42402868426736,11:46:42.868,87.1600,100
42422504672458,11:47:02.504,87.1600,72
42425249631022,11:47:05.249,87.1500,1
42463335851388,11:47:43.335,87.1600,72
42465500670864,11:47:45.500,87.1600,53
42465500670864,11:47:45.500,87.1600,27
42465500670864,11:47:45.500,87.1600,100
42465500670864,11:47:45.500,87.1600,20
42466193879968,11:47:46.193,87.1600,85
42466194193113,11:47:46.194,87.1600,38
42466528769536,11:47:46.528,87.1600,6
42485886805093,11:48:05.886,87.1500,72
42485886894194,11:48:05.886,87.1500,27
42485886894194,11:48:05.886,87.1500,100
42485887179637,11:48:05.887,87.1550,100
42485887364732,11:48:05.887,87.1400,86
42500499806669,11:48:20.499,87.1200,100
42531501893086,11:48:51.501,87.1200,100
42546505928067,11:49:06.505,87.1200,100
42566498481537,11:49:26.498,87.1200,32
42566498481537,11:49:26.498,87.1200,26
42567957526750,11:49:27.957,87.1200,100
42568958332669,11:49:28.958,87.1200,42
42595019498820,11:49:55.019,87.1100,100
42595019498820,11:49:55.019,87.1100,57
42595019534635,11:49:55.019,87.1100,43
42595019534635,11:49:55.019,87.1100,63
42595019561446,11:49:55.019,87.1100,1
42595020469690,11:49:55.020,87.1300,100
42595020495252,11:49:55.020,87.1300,13
42595020495252,11:49:55.020,87.1300,5
42617094899910,11:50:17.094,87.1600,4
42624142636146,11:50:24.142,87.1700,100
42624142636146,11:50:24.142,87.1700,14
42624142677088,11:50:24.142,87.1700,86
42624142677088,11:50:24.142,87.1700,6
42624143512821,11:50:24.143,87.1800,10
42631507601405,11:50:31.507,87.1800,100
42631507991366,11:50:31.507,87.1800,93
42631508017855,11:50:31.508,87.1800,7
42631508361901,11:50:31.508,87.1700,1
42631509422097,11:50:31.509,87.1700,92
42645842205598,11:50:45.842,87.1700,21
42645842205598,11:50:45.842,87.1700,38
42645842233213,11:50:45.842,87.1700,59
42648526067616,11:50:48.526,87.1700,100
42654426297872,11:50:54.426,87.1700,60
42694140472201,11:51:34.140,87.1800,100
42695195133064,11:51:35.195,87.1700,100
42695195169257,11:51:35.195,87.1700,2
42695195169257,11:51:35.195,87.1700,98
42695195198609,11:51:35.195,87.1700,2
42695195198609,11:51:35.195,87.1700,45
42695195198609,11:51:35.195,87.1700,100
42706672346680,11:51:46.672,87.1900,100
42706672346680,11:51:46.672,87.1900,59
42706672374591,11:51:46.672,87.1900,41
42706672374591,11:51:46.672,87.1900,1
42706672374591,11:51:46.672,87.1900,37
42706672374591,11:51:46.672,87.1900,67
42706673451339,11:51:46.673,87.2000,100
42706673476666,11:51:46.673,87.2000,26
42706673476666,11:51:46.673,87.2000,100
42732322078874,11:52:12.322,87.2200,100
42732322078874,11:52:12.322,87.2400,100
42732322078874,11:52:12.322,87.2400,6
42745386331922,11:52:25.386,87.2400,5
42764592260241,11:52:44.592,87.2400,89
42764592260241,11:52:44.592,87.2400,11
42764592302443,11:52:44.592,87.2400,89
42764592302443,11:52:44.592,87.2400,1
42767681393598,11:52:47.681,87.2800,100
42836352414198,11:53:56.352,87.2500,200
42840083854081,11:54:00.083,87.2500,106
42840083879347,11:54:00.083,87.2500,94
42840083879347,11:54:00.083,87.2500,100
42846198727152,11:54:06.198,87.2400,72
42846198753666,11:54:06.198,87.2400,28
42860211280366,11:54:20.211,87.2400,100
42872064104005,11:54:32.064,87.2500,50
42889253245328,11:54:49.253,87.2500,100
42927329057796,11:55:27.329,87.2500,100
42927329057796,11:55:27.329,87.2500,100
42942782888135,11:55:42.782,87.2600,100
42942782888135,11:55:42.782,87.2600,6
42942782933815,11:55:42.782,87.2600,21
42942782937720,11:55:42.782,87.2600,21
42950457254546,11:55:50.457,87.2700,100
42950457280003,11:55:50.457,87.2700,100
42959555523452,11:55:59.555,87.2500,100
42960125492794,11:56:00.125,87.2500,5
43042400754791,11:57:22.400,87.2500,100
43058179419436,11:57:38.179,87.2600,35
43058179419436,11:57:38.179,87.2600,65
43066156353419,11:57:46.156,87.2500,100
43066157461556,11:57:46.157,87.2400,100
43080308080981,11:58:00.308,87.2200,100
43080308080981,11:58:00.308,87.2200,100
43080308080981,11:58:00.308,87.2200,100
43080510492414,11:58:00.510,87.2200,100
43099867967687,11:58:19.867,87.2000,100
43140107276092,11:59:00.107,87.1800,43
43160114942670,11:59:20.114,87.1700,59
43160117162676,11:59:20.117,87.1800,6
43160117162676,11:59:20.117,87.1800,94
43160117170682,11:59:20.117,87.1800,6
43175860398955,11:59:35.860,87.2000,100
43175860441841,11:59:35.860,87.2000,69
43175860441841,11:59:35.860,87.2000,35
43184708658736,11:59:44.708,87.2000,30
43184714344901,11:59:44.714,87.2100,2
43184739510345,11:59:44.739,87.2100,98
43197166228054,11:59:57.166,87.1900,68
43204345938959,12:00:04.345,87.1900,100
43213312021463,12:00:13.312,87.1900,141
43231131229577,12:00:31.131,87.2000,8
43231131229577,12:00:31.131,87.2000,30
43231131229577,12:00:31.131,87.2000,67
43231131291187,12:00:31.131,87.2000,33
43265463765038,12:01:05.463,87.2000,100
43320010035235,12:02:00.010,87.1800,74
43330837045209,12:02:10.837,87.2000,28
43343857378170,12:02:23.857,87.2100,100
43343857378170,12:02:23.857,87.2100,46
43343857409144,12:02:23.857,87.2100,54
43343858445411,12:02:23.858,87.2000,100
43356658291613,12:02:36.658,87.2000,54
43356658874305,12:02:36.658,87.2000,5
43361956600639,12:02:41.956,87.2000,5
43361956600639,12:02:41.956,87.2000,6
43395000200490,12:03:15.000,87.1800,100
43406403084808,12:03:26.403,87.1500,100
43406403084808,12:03:26.403,87.1500,100
43406403084808,12:03:26.403,87.1500,100
43421319063375,12:03:41.319,87.1700,22
43421319063375,12:03:41.319,87.1700,8
43421319533360,12:03:41.319,87.1800,10
43421319605098,12:03:41.319,87.1800,100
43421321029415,12:03:41.321,87.1800,100
43428664334619,12:03:48.664,87.1700,100
43475887273869,12:04:35.887,87.1500,100
43476361618569,12:04:36.361,87.1500,1
43476361645642,12:04:36.361,87.1500,99
43476361645642,12:04:36.361,87.1500,100
43480223943609,12:04:40.223,87.1500,100
43492566774698,12:04:52.566,87.1600,44
43493689152700,12:04:53.689,87.1500,9
43500103707382,12:05:00.103,87.1600,37
43500104116272,12:05:00.104,87.1600,19
43500104116272,12:05:00.104,87.1600,56
43500104116272,12:05:00.104,87.1600,25
43500104145792,12:05:00.104,87.1600,17
43500104145792,12:05:00.104,87.1600,100
43543077845157,12:05:43.077,87.1900,100
43543077845157,12:05:43.077,87.1900,68
43568145169697,12:06:08.145,87.1800,100
43568145193785,12:06:08.145,87.1800,4
43626781404907,12:07:06.781,87.1900,100
43657357878391,12:07:37.357,87.1900,45
43657357904310,12:07:37.357,87.1900,55
43659002741215,12:07:39.002,87.1800,100
43659002804718,12:07:39.002,87.1800,100
43659003102082,12:07:39.003,87.1700,100
43659004659980,12:07:39.004,87.1600,17
43668136731960,12:07:48.136,87.1500,100
43676407652321,12:07:56.407,87.1500,1
43676407679056,12:07:56.407,87.1500,99
43676407679056,12:07:56.407,87.1500,100
43676438257865,12:07:56.438,87.1500,100
43681391338371,12:08:01.391,87.1500,100
43682539498467,12:08:02.539,87.1600,17
43682539498467,12:08:02.539,87.1600,51
43682640302453,12:08:02.640,87.1500,50
43698980119456,12:08:18.980,87.1600,100
43752240666004,12:09:12.240,87.1500,100
43752240666004,12:09:12.240,87.1500,97
43752240698433,12:09:12.240,87.1500,3
43752249533064,12:09:12.249,87.1400,68
43755267959123,12:09:15.267,87.1500,100
43760670512227,12:09:20.670,87.1400,32
43761671474717,12:09:21.671,87.1200,100
43769942705094,12:09:29.942,87.1300,100
43786324132466,12:09:46.324,87.1400,50
43856765794724,12:10:56.765,87.1600,100
43856765821578,12:10:56.765,87.1600,100
43856765821578,12:10:56.765,87.1600,1
43856765821578,12:10:56.765,87.1600,100
43863287716079,12:11:03.287,87.1600,100
43868382611860,12:11:08.382,87.1600,100
43868382611860,12:11:08.382,87.1600,55
43924591171469,12:12:04.591,87.2000,10
43924591221554,12:12:04.591,87.2000,72
43924591247360,12:12:04.591,87.2000,18
43934285396982,12:12:14.285,87.1800,100
43934285396982,12:12:14.285,87.1800,5
43953027286434,12:12:33.027,87.1600,100
43953029049289,12:12:33.029,87.1600,100
43953029790855,12:12:33.029,87.1600,44
43953030225768,12:12:33.030,87.1600,19
43955430439308,12:12:35.430,87.1700,84
43955430465435,12:12:35.430,87.1700,16
43955430465435,12:12:35.430,87.1700,100
43995525672339,12:13:15.525,87.1900,100
44008387661925,12:13:28.387,87.1700,100
44018597442854,12:13:38.597,87.1900,100
44030665613999,12:13:50.665,87.1700,100
44030673428227,12:13:50.673,87.1700,100
44034745170750,12:13:54.745,87.2000,100
44043260007899,12:14:03.260,87.1900,100
44043507114031,12:14:03.507,87.1900,100
44045422152287,12:14:05.422,87.1900,100
44060753857969,12:14:20.753,87.2000,100
44060774934626,12:14:20.774,87.2100,20
44110538082043,12:15:10.538,87.2100,68
44111536015966,12:15:11.536,87.2000,100
44111536062810,12:15:11.536,87.2000,34
44111536062810,12:15:11.536,87.2000,66
44111536110209,12:15:11.536,87.2000,34
44111536110209,12:15:11.536,87.2000,100
44111536570571,12:15:11.536,87.1900,100
44111536928338,12:15:11.536,87.1900,5
44114161909592,12:15:14.161,87.1800,100
44121146118610,12:15:21.146,87.1800,100
44121146118610,12:15:21.146,87.1800,5
44127326202570,12:15:27.326,87.1800,30
44172591796319,12:16:12.591,87.2000,100
44172596724505,12:16:12.596,87.2200,10
44200442996651,12:16:40.442,87.2100,100
44257578482016,12:17:37.578,87.2000,100
44290869632361,12:18:10.869,87.2100,100
44317229748333,12:18:37.229,87.2000,33
44325668623677,12:18:45.668,87.2000,1
44326975093938,12:18:46.975,87.2000,4
44326975093938,12:18:46.975,87.1900,100
44326975093938,12:18:46.975,87.1900,5
44326975093938,12:18:46.975,87.1900,32
44326975435049,12:18:46.975,87.1900,4
44334298418536,12:18:54.298,87.2100,200
44334298418536,12:18:54.298,87.2100,100
44334312815695,12:18:54.312,87.2100,100
44334339139840,12:18:54.339,87.2100,100
44337006692178,12:18:57.006,87.2300,100
44337014645767,12:18:57.014,87.2300,100
44337034007097,12:18:57.034,87.2400,10
44337034007097,12:18:57.034,87.2400,79
44337034061116,12:18:57.034,87.2400,21
44362589168259,12:19:22.589,87.2000,100
44425229187676,12:20:25.229,87.1800,68
44425229187676,12:20:25.229,87.1800,4
44466941722727,12:21:06.941,87.1900,100
44466941888915,12:21:06.941,87.1900,4
44466943593770,12:21:06.943,87.1900,96
44491290355759,12:21:31.290,87.1900,19
44498623241403,12:21:38.623,87.2000,87
44498623241403,12:21:38.623,87.2100,1
44498623272695,12:21:38.623,87.2100,99
44498623272695,12:21:38.623,87.2100,38
44515672551449,12:21:55.672,87.2200,2
44541404293211,12:22:21.404,87.1700,100
44541404303722,12:22:21.404,87.1700,5
44571196985662,12:22:51.196,87.1600,9
44571197586407,12:22:51.197,87.1600,27
44610153713159,12:23:30.153,87.1400,100
44610154133769,12:23:30.154,87.1300,100
44610154133769,12:23:30.154,87.1300,44
44654722694720,12:24:14.722,87.0800,100
44689066238268,12:24:49.066,87.0500,100
44689066936741,12:24:49.066,87.0500,5
44689602774663,12:24:49.602,87.0500,14
44689602791385,12:24:49.602,87.0500,14
44689602823574,12:24:49.602,87.0500,86
44690215492376,12:24:50.215,87.0300,7
44690217368043,12:24:50.217,87.0400,4
44690217404631,12:24:50.217,87.0400,65
44704618499313,12:25:04.618,87.0500,100
44707967871755,12:25:07.967,87.0500,6
44723787415125,12:25:23.787,87.0500,13
44723787580813,12:25:23.787,87.0500,74
44755498759210,12:25:55.498,87.0300,100
44764834342618,12:26:04.834,87.0300,100
44764834377730,12:26:04.834,87.0300,77
44773301568013,12:26:13.301,87.0600,22
44773460691074,12:26:13.460,87.1000,2
44773460691074,12:26:13.460,87.1000,98
44773468040035,12:26:13.468,87.1000,2
44773468040035,12:26:13.468,87.1000,100
44773524171168,12:26:13.524,87.1100,20
44773524171168,12:26:13.524,87.1200,80
44773531475404,12:26:13.531,87.1100,100
44773902428801,12:26:13.902,87.1300,100
44773902887508,12:26:13.902,87.1300,80
44773910400041,12:26:13.910,87.1300,20
44773921515657,12:26:13.921,87.1400,20
44773924688428,12:26:13.924,87.1400,100
44773924688428,12:26:13.924,87.1400,80
44773924744048,12:26:13.924,87.1400,20
44773981226853,12:26:13.981,87.1500,20
44773981226853,12:26:13.981,87.1600,20
44773981226853,12:26:13.981,87.1600,60
44773982277828,12:26:13.982,87.1300,10
44774528720646,12:26:14.528,87.1200,8
44784272879393,12:26:24.272,87.1400,10
44784272879393,12:26:24.272,87.1400,90
44790007443486,12:26:30.007,87.1100,100
44791276751103,12:26:31.276,87.1000,22
44885972717918,12:28:05.972,87.0700,4
44885972761113,12:28:05.972,87.0700,96
44889690525758,12:28:09.690,87.0800,100
44889690528095,12:28:09.690,87.0800,66
44889690562657,12:28:09.690,87.0800,100
44889690660526,12:28:09.690,87.0800,24
44916545506822,12:28:36.545,87.0600,100
44925557563597,12:28:45.557,87.0300,100
44938484222815,12:28:58.484,87.0400,44
44938484233756,12:28:58.484,87.0400,56
44938484233756,12:28:58.484,87.0400,44
44938484256982,12:28:58.484,87.0400,12
44938507960768,12:28:58.507,87.0500,100
44961048777028,12:29:21.048,87.0300,3
44961048777028,12:29:21.048,87.0300,97
44961048782207,12:29:21.048,87.0300,3
44969201782667,12:29:29.201,87.0300,7
44999657174669,12:29:59.657,87.0000,40
44999658033190,12:29:59.658,86.9900,100
45013413716028,12:30:13.413,87.0000,2
45056930101845,12:30:56.930,86.9400,8
45056930531833,12:30:56.930,86.9500,100
45061093144436,12:31:01.093,86.9400,10
45090162250822,12:31:30.162,86.9600,100
45090162287047,12:31:30.162,86.9600,51
45090162315301,12:31:30.162,86.9600,49
45090165730045,12:31:30.165,86.9700,100
45127729128528,12:32:07.729,86.9800,100
45129014861310,12:32:09.014,86.9600,100
45170237372472,12:32:50.237,86.9500,33
45170237372472,12:32:50.237,86.9500,67
45170237829463,12:32:50.237,86.9500,4
45170237856597,12:32:50.237,86.9500,29
45171632421906,12:32:51.632,86.9400,32
45171632421906,12:32:51.632,86.9400,8
45171634580000,12:32:51.634,86.9200,100
45171649885908,12:32:51.649,86.9300,91
45190001062296,12:33:10.001,86.9400,100
45190002157828,12:33:10.002,86.9500,22
45190002157828,12:33:10.002,86.9500,10
45190002427183,12:33:10.002,86.9500,30
45224965545621,12:33:44.965,87.0000,10
45234790081533,12:33:54.790,87.0000,32
45234790135849,12:33:54.790,87.0000,68
45234790135849,12:33:54.790,87.0000,8
45235522652980,12:33:55.522,87.0200,1
45241098350729,12:34:01.098,87.0100,100
45241098364854,12:34:01.098,87.0100,18
45241099639614,12:34:01.099,87.0000,100
45314699304829,12:35:14.699,86.9700,100
45314699304829,12:35:14.699,86.9700,51
45314699332734,12:35:14.699,86.9700,49
45314699332734,12:35:14.699,86.9700,2
45314699391383,12:35:14.699,86.9700,50
45314699422248,12:35:14.699,86.9700,25
45314700871904,12:35:14.700,86.9600,10
45340165707333,12:35:40.165,86.9400,100
45340165707333,12:35:40.165,86.9400,100
45406198386165,12:36:46.198,86.9500,100
45417911726921,12:36:57.911,86.9700,9
45417912258530,12:36:57.912,86.9800,100
45429056662574,12:37:09.056,86.9600,10
45454439463353,12:37:34.439,86.9400,100
45454439463353,12:37:34.439,86.9400,2
45454439463353,12:37:34.439,86.9400,100
45471259823867,12:37:51.259,86.9500,100
45532408780324,12:38:52.408,86.9700,41
45532408806014,12:38:52.408,86.9700,59
45534054348345,12:38:54.054,86.9800,4
45536966969896,12:38:56.966,86.9600,8
45541549158492,12:39:01.549,86.9300,200
45580243722673,12:39:40.243,86.9100,60
45601340309693,12:40:01.340,86.9000,100
45648849773668,12:40:48.849,86.9400,50
45658425852430,12:40:58.425,86.9600,100
45680473342798,12:41:20.473,86.9700,49
45680473368252,12:41:20.473,86.9700,51
45708545835573,12:41:48.545,86.9500,100
45709076428478,12:41:49.076,86.9400,100
45724641765676,12:42:04.641,86.9500,35
45725525530117,12:42:05.525,86.9300,100
45725525784837,12:42:05.525,86.9300,100
45830013986023,12:43:50.013,86.9400,1
45830013986023,12:43:50.013,86.9400,15
45873637926816,12:44:33.637,86.9300,10
45899567691003,12:44:59.567,86.9100,100
45899567722013,12:44:59.567,86.9100,53
45899567722013,12:44:59.567,86.9100,200
45934537645140,12:45:34.537,86.9000,8
45982271217132,12:46:22.271,86.8800,100
45982273309539,12:46:22.273,86.9000,100
46023872358431,12:47:03.872,86.8700,16
46035043306891,12:47:15.043,86.8500,10
46035043306891,12:47:15.043,86.8500,90
46035043605562,12:47:15.043,86.8500,10
46035043605562,12:47:15.043,86.8500,74
46035043632991,12:47:15.043,86.8500,26
46050356740028,12:47:30.356,86.8800,100
46070018768662,12:47:50.018,86.8800,100
46107283276285,12:48:27.283,86.8600,200
46107283276285,12:48:27.283,86.8600,100
46107283276285,12:48:27.283,86.8600,100
46141557926289,12:49:01.557,86.8900,4
46141557926289,12:49:01.557,86.8900,59
46141559741603,12:49:01.559,86.9100,100
46167268170881,12:49:27.268,86.9300,20
46168715260750,12:49:28.715,86.9400,10
46169710076853,12:49:29.710,86.9400,100
46197864587913,12:49:57.864,86.9500,1
46212996331050,12:50:12.996,86.9600,10
46222074882388,12:50:22.074,86.9600,51
46222075772212,12:50:22.075,86.9600,49
46222075772212,12:50:22.075,86.9600,51
46222075798154,12:50:22.075,86.9600,49
46271149747973,12:51:11.149,86.9800,69
46271150055758,12:51:11.150,86.9800,31
46271151768800,12:51:11.151,86.9800,33
46279149360265,12:51:19.149,86.9900,10
46281410187243,12:51:21.410,86.9800,85
46281410213077,12:51:21.410,86.9800,15
46281411327590,12:51:21.411,86.9700,17
46306859077690,12:51:46.859,86.9800,10
46306859077690,12:51:46.859,86.9800,90
46306859091590,12:51:46.859,86.9800,10
46306859679699,12:51:46.859,86.9600,75
46358632737982,12:52:38.632,86.9500,6
46358633711775,12:52:38.633,86.9500,4
46386218022627,12:53:06.218,86.9300,10
46386218022627,12:53:06.218,86.9300,13
46414985411363,12:53:34.985,86.9100,24
46442800064659,12:54:02.800,86.9200,100
46442800064659,12:54:02.800,86.9200,30
46494285043087,12:54:54.285,86.9300,60
46494285043087,12:54:54.285,86.9300,15
46503445662790,12:55:03.445,86.9200,10
46575982032133,12:56:15.982,86.9400,72
46575982060589,12:56:15.982,86.9400,28
46601772895610,12:56:41.772,86.9200,40
46612393093499,12:56:52.393,86.9100,10
46612393093499,12:56:52.393,86.9100,14
46639901030373,12:57:19.901,86.9000,100
46639901402501,12:57:19.901,86.9000,5
46736630668746,12:58:56.630,86.8900,1
46736630668746,12:58:56.630,86.9000,5
46742389885449,12:59:02.389,86.8700,100
46742390901106,12:59:02.390,86.8600,72
46742390928432,12:59:02.390,86.8600,28
46746532150407,12:59:06.532,86.8500,100
46746532150407,12:59:06.532,86.8500,1
46809354558830,13:00:09.354,86.8500,100
46871713403756,13:01:11.713,86.8600,20
46893581516440,13:01:33.581,86.8500,12
46907148387379,13:01:47.148,86.8600,8
46907148387379,13:01:47.148,86.8600,25
46911402962378,13:01:51.402,86.8600,24
46917655619693,13:01:57.655,86.8400,43
46917655643760,13:01:57.655,86.8400,57
46948642403808,13:02:28.642,86.8300,11
46948642403808,13:02:28.642,86.8300,62
46948642521034,13:02:28.642,86.8300,38
46950004795041,13:02:30.004,86.8200,100
46971239513929,13:02:51.239,86.8100,100
46971239513929,13:02:51.239,86.8100,100
46976729861033,13:02:56.729,86.8100,35
47014668652367,13:03:34.668,86.8200,100
47027160479950,13:03:47.160,86.8300,100
47051477876018,13:04:11.477,86.8400,16
47101209172921,13:05:01.209,86.8300,3
47161024273751,13:06:01.024,86.8300,58
47175344002958,13:06:15.344,86.8200,200
47175344002958,13:06:15.344,86.8200,12
47175344002958,13:06:15.344,86.8200,9
47175347179077,13:06:15.347,86.8100,100
47214898776886,13:06:54.898,86.8100,100
47214898802634,13:06:54.898,86.8100,10
47214898818263,13:06:54.898,86.8100,10
47214898841002,13:06:54.898,86.8100,10
47214899286096,13:06:54.899,86.8100,58
47215281260960,13:06:55.281,86.8200,100
47278193274125,13:07:58.193,86.8300,22
47278193274125,13:07:58.193,86.8300,14
47278750376905,13:07:58.750,86.8500,100
47341094616721,13:09:01.094,86.8600,8
47341094616721,13:09:01.094,86.8600,92
47341094647121,13:09:01.094,86.8600,8
47353253346159,13:09:13.253,86.8700,41
47367854073331,13:09:27.854,86.8500,100
47397705741510,13:09:57.705,86.8500,44
47485384933441,13:11:25.384,86.8300,34
47485384933441,13:11:25.384,86.8300,100
47540361137276,13:12:20.361,86.8300,1
47548308818522,13:12:28.308,86.8400,77
47597163619616,13:13:17.163,86.8500,3
47597163619616,13:13:17.163,86.8500,10
47597271699060,13:13:17.271,86.8500,48
47597271738830,13:13:17.271,86.8500,42
47600218861787,13:13:20.218,86.8500,6
47616830060431,13:13:36.830,86.8200,12
47616830060431,13:13:36.830,86.8200,13
47616830060431,13:13:36.830,86.8200,75
47616830129172,13:13:36.830,86.8200,25
47697455874677,13:14:57.455,86.8300,1
47697455874677,13:14:57.455,86.8300,6
47705284708760,13:15:05.284,86.8300,4
47737105560157,13:15:37.105,86.8400,10
47761431524562,13:16:01.431,86.8500,2
47761461937059,13:16:01.461,86.8500,31
47766142069414,13:16:06.142,86.8500,100
47766163168079,13:16:06.163,86.8500,8
47768842285581,13:16:08.842,86.8400,3
47768842285581,13:16:08.842,86.8400,11
47768842285581,13:16:08.842,86.8400,42
47768842317911,13:16:08.842,86.8400,58
47849619126258,13:17:29.619,86.8200,48
47849619158259,13:17:29.619,86.8200,49
47849619264759,13:17:29.619,86.8200,3
47849619264759,13:17:29.619,86.8200,97
47849619278693,13:17:29.619,86.8200,3
47849619278693,13:17:29.619,86.8200,2
47895776487462,13:18:15.776,86.8000,13
47895778976160,13:18:15.778,86.8000,100
47960373770811,13:19:20.373,86.7700,2
47960373770811,13:19:20.373,86.7700,100
47973986480894,13:19:33.986,86.7800,100
47973986480894,13:19:33.986,86.7800,100
47973986480894,13:19:33.986,86.7800,16
47973991523446,13:19:33.991,86.7900,1
47973991523446,13:19:33.991,86.7900,100
48023126162365,13:20:23.126,86.8100,14
48029043700675,13:20:29.043,86.8100,100
48029044350795,13:20:29.044,86.8000,100
48029044350795,13:20:29.044,86.8000,28
48030247240003,13:20:30.247,86.7900,100
48044447543295,13:20:44.447,86.7800,12
48045750354072,13:20:45.750,86.7700,100
48045750512597,13:20:45.750,86.7700,100
48062078272153,13:21:02.078,86.7900,100
48066656668778,13:21:06.656,86.8000,8
48117284612895,13:21:57.284,86.7700,100
48117285342349,13:21:57.285,86.7600,100
48117286493660,13:21:57.286,86.7500,100
48130860902283,13:22:10.860,86.7600,100
48130860902283,13:22:10.860,86.7600,2
48130860902283,13:22:10.860,86.7600,10
48132159962186,13:22:12.159,86.8000,13
48132160391060,13:22:12.160,86.8100,100
48132160391060,13:22:12.160,86.8100,20
48137413433987,13:22:17.413,86.7700,100
48137424181306,13:22:17.424,86.7600,100
48138205197494,13:22:18.205,86.7500,13
48139437858992,13:22:19.437,86.7300,200
48139437888484,13:22:19.437,86.7300,72
48140365326213,13:22:20.365,86.7400,100
48140366470805,13:22:20.366,86.7400,100
48151556013182,13:22:31.556,86.7700,100
48151560835896,13:22:31.560,86.7900,10
48199309325778,13:23:19.309,86.7900,100
48242897229303,13:24:02.897,86.7800,8
48275209038941,13:24:35.209,86.8000,20
48275209038941,13:24:35.209,86.8000,1
48275226138658,13:24:35.226,86.8100,10
48304975990277,13:25:04.975,86.7900,12
48305002167108,13:25:05.002,86.7800,24
48305002240610,13:25:05.002,86.7800,24
48305002387139,13:25:05.002,86.7800,48
48305002553799,13:25:05.002,86.7800,48
48305002601593,13:25:05.002,86.7800,48
48305002660202,13:25:05.002,86.7800,8
48305005914597,13:25:05.005,86.7600,24
48305025308743,13:25:05.025,86.7700,24
48305025606652,13:25:05.025,86.7700,24
48305027835527,13:25:05.027,86.7700,24
48305028477552,13:25:05.028,86.7700,28
48305028477552,13:25:05.028,86.7700,20
48305032571152,13:25:05.032,86.7700,24
48305044130935,13:25:05.044,86.7700,48
48305045777378,13:25:05.045,86.7700,8
48305045777378,13:25:05.045,86.7600,16
48307241462511,13:25:07.241,86.7600,60
48354039653393,13:25:54.039,86.7600,100
48354039742102,13:25:54.039,86.7600,100
48354041831219,13:25:54.041,86.7600,100
48354041831219,13:25:54.041,86.7600,100
48390061687787,13:26:30.061,86.7700,100
48404205766026,13:26:44.205,86.7800,19
48488533543720,13:28:08.533,86.7600,200
48488533875978,13:28:08.533,86.7600,50
48488533875978,13:28:08.533,86.7600,13
48500265451237,13:28:20.265,86.7400,100
48577044449119,13:29:37.044,86.7500,100
48594727609346,13:29:54.727,86.7500,100
48594740215867,13:29:54.740,86.7400,58
48594740382567,13:29:54.740,86.7400,42
48649670484282,13:30:49.670,86.7300,100
48667590252864,13:31:07.590,86.7200,142
48667590264746,13:31:07.590,86.7200,28
48667590295129,13:31:07.590,86.7200,30
48677724574800,13:31:17.724,86.7100,8
48682217262775,13:31:22.217,86.7000,100
48682217288692,13:31:22.217,86.7000,12
48687480074188,13:31:27.480,86.7200,100
48687480101853,13:31:27.480,86.7200,6
48693138934613,13:31:33.138,86.7200,44
48693138972239,13:31:33.138,86.7200,56
48693143217136,13:31:33.143,86.7200,100
48693159132832,13:31:33.159,86.7300,200
48693159132832,13:31:33.159,86.7300,100
48693267903939,13:31:33.267,86.7400,100
48693267966411,13:31:33.267,86.7400,100
48693268033488,13:31:33.268,86.7400,100
48706082681536,13:31:46.082,86.7200,1
48740393818696,13:32:20.393,86.7200,100
48775358273796,13:32:55.358,86.7200,64
48818141090548,13:33:38.141,86.7000,26
48818142062667,13:33:38.142,86.7000,74
48818142062667,13:33:38.142,86.7000,26
48818142072550,13:33:38.142,86.7000,74
48818142072550,13:33:38.142,86.7000,100
48821511663800,13:33:41.511,86.6800,4
48821512449440,13:33:41.512,86.6800,9
48830117026503,13:33:50.117,86.6500,2
48830117026503,13:33:50.117,86.6500,32
48864277219781,13:34:24.277,86.6500,100
48875703322308,13:34:35.703,86.6400,13
48908853357376,13:35:08.853,86.6500,11
48958048217386,13:35:58.048,86.6500,79
48958048232831,13:35:58.048,86.6500,21
48958048973276,13:35:58.048,86.6600,100
48968060913572,13:36:08.060,86.6600,13
48968060913572,13:36:08.060,86.6600,100
49049005092211,13:37:29.005,86.6900,16
49069033440496,13:37:49.033,86.6800,2
49070285113120,13:37:50.285,86.6600,100
49139327369853,13:38:59.327,86.6500,15
49139327487432,13:38:59.327,86.6500,100
49139327487432,13:38:59.327,86.6500,38
49139327562411,13:38:59.327,86.6500,62
49139332387834,13:38:59.332,86.6500,12
49155613815754,13:39:15.613,86.6700,28
49155613842739,13:39:15.613,86.6700,72
49183225806431,13:39:43.225,86.6800,13
49183226418289,13:39:43.226,86.6800,28
49183226418289,13:39:43.226,86.6800,72
49183226428306,13:39:43.226,86.6800,28
49183226428306,13:39:43.226,86.6800,79
49210334709694,13:40:10.334,86.6800,5
49231785582924,13:40:31.785,86.6700,100
49271095334605,13:41:11.095,86.6700,36
49326986690323,13:42:06.986,86.6700,14
49330769012627,13:42:10.769,86.6700,100
49338378361476,13:42:18.378,86.6700,54
49338378390683,13:42:18.378,86.6700,17
49338379188658,13:42:18.379,86.6700,29
49338381823658,13:42:18.381,86.6600,100
49385888511976,13:43:05.888,86.6900,100
49385940861530,13:43:05.940,86.7000,20
49385941381305,13:43:05.941,86.7000,100
49465805632100,13:44:25.805,86.6900,100
49465805632100,13:44:25.805,86.6900,10
49465805632100,13:44:25.805,86.6900,100
49465805632100,13:44:25.805,86.6900,100
49501284200659,13:45:01.284,86.6800,100
49515833895272,13:45:15.833,86.6600,100
49515853318329,13:45:15.853,86.6600,72
49515853365285,13:45:15.853,86.6600,28
49518437387873,13:45:18.437,86.6500,11
49540860496547,13:45:40.860,86.6600,100
49651333569396,13:47:31.333,86.6300,72
49651333711275,13:47:31.333,86.6300,28
49651333711275,13:47:31.333,86.6300,21
49651334274778,13:47:31.334,86.6200,100
49651334333544,13:47:31.334,86.6200,100
49672035906498,13:47:52.035,86.6100,2
49686349375239,13:48:06.349,86.6000,13
49686349375239,13:48:06.349,86.6000,80
49690360354978,13:48:10.360,86.6100,1
49693789930078,13:48:13.789,86.6100,45
49757258537691,13:49:17.258,86.6200,30
49757260629754,13:49:17.260,86.6300,100
49757262654360,13:49:17.262,86.6400,100
49761875474801,13:49:21.875,86.6300,14
49765266202163,13:49:25.266,86.6100,72
49779995363006,13:49:39.995,86.6000,41
49839888745874,13:50:39.888,86.6000,100
49872493864562,13:51:12.493,86.6100,13
49897888978989,13:51:37.888,86.6200,100
49992553555679,13:53:12.553,86.6300,100
49992564437149,13:53:12.564,86.6500,100
49992566084776,13:53:12.566,86.6400,14
50001091081968,13:53:21.091,86.6500,13
50001091144612,13:53:21.091,86.6500,20
50001095418188,13:53:21.095,86.6600,20
50003269456433,13:53:23.269,86.6600,45
50010017167306,13:53:30.017,86.6400,100
50010017193378,13:53:30.017,86.6400,13
50010017512493,13:53:30.017,86.6400,100
50010017512493,13:53:30.017,86.6400,100
50010017512493,13:53:30.017,86.6400,100
50010017512493,13:53:30.017,86.6500,200
50010044047465,13:53:30.044,86.6400,100
50034297221987,13:53:54.297,86.6200,100
50049133815771,13:54:09.133,86.6200,15
50053190291782,13:54:13.190,86.6200,5
50055925412417,13:54:15.925,86.6200,12
50055925412417,13:54:15.925,86.6200,100
50055933585459,13:54:15.933,86.6100,100
50056034098084,13:54:16.034,86.6200,100
50064965977462,13:54:24.965,86.6200,100
50064966020253,13:54:24.966,86.6200,49
50064966036223,13:54:24.966,86.6200,51
50064966554335,13:54:24.966,86.6100,2
50073002291042,13:54:33.002,86.6300,100
50073003501608,13:54:33.003,86.6200,100
50073003631641,13:54:33.003,86.6200,5
50085764028457,13:54:45.764,86.6300,10
50086016856012,13:54:46.016,86.6300,100
50086016856012,13:54:46.016,86.6300,100
50091428429612,13:54:51.428,86.6100,100
50103500782521,13:55:03.500,86.6000,72
50103501553468,13:55:03.501,86.6000,28
50105980558421,13:55:05.980,86.5900,94
50105980733588,13:55:05.980,86.5900,6
50129273947445,13:55:29.273,86.6100,100
50155000365207,13:55:55.000,86.6100,100
50162940925757,13:56:02.940,86.6200,100
50162941707529,13:56:02.941,86.6300,100
50216589671260,13:56:56.589,86.6200,14
50216589671260,13:56:56.589,86.6200,6
50240278528614,13:57:20.278,86.6500,20
50240278865234,13:57:20.278,86.6500,20
50244164538750,13:57:24.164,86.6400,100
50244164576823,13:57:24.164,86.6400,192
50266620091999,13:57:46.620,86.6200,94
50266620091999,13:57:46.620,86.6200,6
50266620133456,13:57:46.620,86.6200,94
50331672596433,13:58:51.672,86.6000,14
50340056033319,13:59:00.056,86.6200,100
50361396911566,13:59:21.396,86.6200,1
50361423004786,13:59:21.423,86.6200,1
50367375295109,13:59:27.375,86.6400,2
50378063241590,13:59:38.063,86.6500,1
50392375517033,13:59:52.375,86.6600,20
50392375517033,13:59:52.375,86.6600,50
50392375517033,13:59:52.375,86.6700,30
50402679041354,14:00:02.679,86.6700,70
50402679176753,14:00:02.679,86.6800,1
50402679176753,14:00:02.679,86.6800,3
50402680317997,14:00:02.680,86.6800,7
50402686944949,14:00:02.686,86.6700,10
50402688849721,14:00:02.688,86.6600,90
50402690478560,14:00:02.690,86.6600,10
50402690883491,14:00:02.690,86.6500,100
50402690883491,14:00:02.690,86.6500,63
50402705335175,14:00:02.705,86.6800,10
50402705335175,14:00:02.705,86.6800,10
50402705335175,14:00:02.705,86.6800,10
50402705335175,14:00:02.705,86.6800,10
50402711709458,14:00:02.711,86.6900,10
50402711865771,14:00:02.711,86.6700,40
50403149867131,14:00:03.149,86.6900,20
50403150921081,14:00:03.150,86.7000,20
50403906202313,14:00:03.906,86.6600,40
50406727695533,14:00:06.727,86.7100,10
50406727695533,14:00:06.727,86.7100,10
50407380272901,14:00:07.380,86.7300,3
50407380310235,14:00:07.380,86.7300,7
50407380310235,14:00:07.380,86.7300,10
50407471048944,14:00:07.471,86.7500,2
50407471875139,14:00:07.471,86.7500,18
50408535657386,14:00:08.535,86.7700,10
50409015349434,14:00:09.015,86.7800,20
50409029561784,14:00:09.029,86.8000,1
50409963056101,14:00:09.963,86.8100,10
50413009278798,14:00:13.009,86.8200,10
50413009905383,14:00:13.009,86.8200,20
50413012165610,14:00:13.012,86.8200,80
50413012165610,14:00:13.012,86.8300,20
50413014087754,14:00:13.014,86.8400,20
50413014087754,14:00:13.014,86.8500,81
50413049636852,14:00:13.049,86.8500,1
50413067101698,14:00:13.067,86.8600,20
50413067601139,14:00:13.067,86.8700,12
50419517663762,14:00:19.517,86.8500,100
50419517663762,14:00:19.517,86.8500,100
50419517700257,14:00:19.517,86.8400,14
50419517734707,14:00:19.517,86.8400,86
50423321216200,14:00:23.321,86.8500,100
50423321347905,14:00:23.321,86.8400,22
50423327157370,14:00:23.327,86.8400,78
50423330672442,14:00:23.330,86.8400,78
50442132296206,14:00:42.132,86.8600,100
50442133029386,14:00:42.133,86.8600,100
50442137206925,14:00:42.137,86.8700,3
50444863024907,14:00:44.863,86.8800,37
50457643906854,14:00:57.643,86.9400,100
50460731628865,14:01:00.731,86.9100,100
50471391849101,14:01:11.391,86.9000,46
50471391969002,14:01:11.391,86.9000,54
50471391969002,14:01:11.391,86.9000,23
50471957683344,14:01:11.957,86.9100,100
50471959569964,14:01:11.959,86.9200,100
50471961659118,14:01:11.961,86.9200,100
50471965684317,14:01:11.965,86.9200,100
50471965877702,14:01:11.965,86.9200,100
50471994145196,14:01:11.994,86.9500,100
50475699901074,14:01:15.699,86.9400,100
50480346139642,14:01:20.346,86.9500,40
50480346151656,14:01:20.346,86.9500,60
50497151571706,14:01:37.151,86.9900,26
50497151587027,14:01:37.151,86.9900,46
50497151763215,14:01:37.151,86.9900,28
50497151763215,14:01:37.151,86.9900,172
50497151808081,14:01:37.151,86.9900,28
50530119283091,14:02:10.119,87.0000,19
50537074292787,14:02:17.074,86.9300,11
50551252778815,14:02:31.252,86.9200,100
50557453697779,14:02:37.453,86.9300,33
50558683655625,14:02:38.683,86.9000,10
50562737014268,14:02:42.737,86.9500,100
50603921304735,14:03:23.921,87.0400,100
50678361311579,14:04:38.361,87.0600,16
50678361320936,14:04:38.361,87.0600,25
50678361498992,14:04:38.361,87.0600,59
50678381571159,14:04:38.381,87.0700,9
50691373409605,14:04:51.373,87.0900,100
50695318156520,14:04:55.318,87.0700,100
50696671120061,14:04:56.671,87.0700,100
50732377025224,14:05:32.377,87.0600,5
50732377037160,14:05:32.377,87.0600,46
50732377051673,14:05:32.377,87.0600,49
50748230513862,14:05:48.230,87.0900,18
50748230513862,14:05:48.230,87.0900,25
50748230701380,14:05:48.230,87.1000,18
50754691135952,14:05:54.691,87.1100,13
50802844255465,14:06:42.844,87.0900,5
50833658326377,14:07:13.658,87.0650,100
50869443381056,14:07:49.443,87.0700,2
50905034477188,14:08:25.034,87.0700,100
50915120171744,14:08:35.120,87.0500,100
50919387269029,14:08:39.387,87.0800,2
50919391311218,14:08:39.391,87.0900,162
50919393456000,14:08:39.393,87.1000,100
50967689486029,14:09:27.689,87.0900,3
50967689502603,14:09:27.689,87.0900,97
50967689502603,14:09:27.689,87.0900,17
50967689517581,14:09:27.689,87.0900,23
50978030919177,14:09:38.030,87.0600,22
50978030947066,14:09:38.030,87.0600,20
50984724361166,14:09:44.724,87.0500,20
50986744415820,14:09:46.744,87.0800,100
50986744415820,14:09:46.744,87.0800,11
51016710208284,14:10:16.710,87.1300,8
51016710298942,14:10:16.710,87.1200,200
51016710298942,14:10:16.710,87.1200,100
51016710479313,14:10:16.710,87.1300,100
51018066950799,14:10:18.066,87.0800,11
51033072102231,14:10:33.072,87.0600,19
51059271854397,14:10:59.271,87.0800,2
51059271858966,14:10:59.271,87.0900,46
51059271960810,14:10:59.271,87.0900,2
51063125833435,14:11:03.125,87.0800,10
51063125833435,14:11:03.125,87.0800,10
51063125833435,14:11:03.125,87.0900,80
51063912880904,14:11:03.912,87.0900,20
51063913618467,14:11:03.913,87.1000,11
51065071782730,14:11:05.071,87.0900,5
51067207787690,14:11:07.207,87.0900,25
51067207787690,14:11:07.207,87.0900,17
51067207795624,14:11:07.207,87.0900,62
51067207889025,14:11:07.207,87.0900,21
51071258284786,14:11:11.258,87.0600,100
51080711470159,14:11:20.711,87.0900,100
51140278462725,14:12:20.278,87.1500,100
51151851735884,14:12:31.851,87.1500,33
51151851772399,14:12:31.851,87.1500,45
51151851798267,14:12:31.851,87.1500,22
51159969188356,14:12:39.969,87.1600,17
51159969188356,14:12:39.969,87.1800,83
51159969225665,14:12:39.969,87.1800,17
51164114637252,14:12:44.114,87.1300,25
51177050582240,14:12:57.050,87.2000,72
51177100068231,14:12:57.100,87.1800,200
51185112691023,14:13:05.112,87.1500,100
51199092839094,14:13:19.092,87.1900,21
51199120729668,14:13:19.120,87.2100,10
51200031658937,14:13:20.031,87.2000,100
51222304797597,14:13:42.304,87.2000,100
51222309044306,14:13:42.309,87.2000,65
51222309090106,14:13:42.309,87.2000,35
51222313070803,14:13:42.313,87.2000,200
51256395404512,14:14:16.395,87.2300,23
51256395404512,14:14:16.395,87.2400,68
51256396382843,14:14:16.396,87.2400,432
51256396382843,14:14:16.396,87.2400,1
51260109426800,14:14:20.109,87.2200,60
51275408387315,14:14:35.408,87.2100,100
51285777185303,14:14:45.777,87.2600,100
51291893838156,14:14:51.893,87.2400,200
51291893864612,14:14:51.893,87.2400,100
51295775784634,14:14:55.775,87.2600,91
51295775810874,14:14:55.775,87.2600,9
51295778904419,14:14:55.778,87.2600,9
51295778904419,14:14:55.778,87.2600,200
51295778989664,14:14:55.778,87.2600,32
51299244990081,14:14:59.244,87.2500,17
51299244990081,14:14:59.244,87.2500,83
51299245018287,14:14:59.245,87.2500,17
51299245018287,14:14:59.245,87.2500,24
51299248806526,14:14:59.248,87.2600,100
51299248806526,14:14:59.248,87.2600,100
51300169705135,14:15:00.169,87.2400,11
51300213363670,14:15:00.213,87.2700,100
51300215308693,14:15:00.215,87.2700,35
51300215320723,14:15:00.215,87.2800,100
51300236209380,14:15:00.236,87.2400,100
51300236209380,14:15:00.236,87.2400,100
51300277936812,14:15:00.277,87.2400,100
51300282145962,14:15:00.282,87.2400,100
51300311993425,14:15:00.311,87.2300,100
51300313172000,14:15:00.313,87.2300,100
51300313172505,14:15:00.313,87.2300,100
51300390415838,14:15:00.390,87.2400,100
51300556701175,14:15:00.556,87.2300,100
51300566572118,14:15:00.566,87.2500,80
51307015930026,14:15:07.015,87.2600,100
51307024779351,14:15:07.024,87.2600,100
51307124909039,14:15:07.124,87.2600,100
51307129514845,14:15:07.129,87.2600,100
51311052024052,14:15:11.052,87.2600,100
51316005514507,14:15:16.005,87.2600,100
51316012428473,14:15:16.012,87.2700,100
51316012472009,14:15:16.012,87.2700,23
51316012511155,14:15:16.012,87.2700,77
51316012581695,14:15:16.012,87.2700,23
51316013048069,14:15:16.013,87.2800,23
51316013676843,14:15:16.013,87.2700,20
51316013705663,14:15:16.013,87.2700,80
51317005509218,14:15:17.005,87.2600,100
51317005509218,14:15:17.005,87.2600,100
51317006591508,14:15:17.006,87.2600,100
51318266965618,14:15:18.266,87.2600,80
51318266996338,14:15:18.266,87.2600,20
51318271330007,14:15:18.271,87.2600,100
51348387814450,14:15:48.387,87.2900,72
51348387849731,14:15:48.387,87.2900,28
51381555601072,14:16:21.555,87.2800,100
51385484558335,14:16:25.484,87.2800,100
51385490039655,14:16:25.490,87.2900,100
51397671812098,14:16:37.671,87.2800,61
51398517470264,14:16:38.517,87.3100,30
51398517507535,14:16:38.517,87.3100,100
51398517514412,14:16:38.517,87.3100,43
51398517532161,14:16:38.517,87.3100,27
51398517532161,14:16:38.517,87.3100,19
51398518056688,14:16:38.518,87.3200,100
51398518062414,14:16:38.518,87.3200,99
51400411144147,14:16:40.411,87.3800,5
51432145499124,14:17:12.145,87.4050,100
51441066399399,14:17:21.066,87.3600,79
51506214113854,14:18:26.214,87.3400,5
51506214113854,14:18:26.214,87.3300,48
51506214113854,14:18:26.214,87.3300,95
51506214492121,14:18:26.214,87.3300,5
51506214492121,14:18:26.214,87.3200,10
51531292837267,14:18:51.292,87.3400,100
51557936667758,14:19:17.936,87.3700,80
51557936683547,14:19:17.936,87.3700,20
51572552233424,14:19:32.552,87.3700,9
51572554504019,14:19:32.554,87.3900,6
51577707691588,14:19:37.707,87.4100,1
51584316469152,14:19:44.316,87.4100,2
51584560095520,14:19:44.560,87.4100,45
51584560228187,14:19:44.560,87.4100,46
51584560306656,14:19:44.560,87.4100,6
51591735918268,14:19:51.735,87.4000,9
51595575604515,14:19:55.575,87.3700,100
51607043307398,14:20:07.043,87.3600,15
51630300566451,14:20:30.300,87.3500,10
51635740715000,14:20:35.740,87.3400,100
51635740779218,14:20:35.740,87.3400,100
51653999547307,14:20:53.999,87.3800,100
51654000066927,14:20:54.000,87.3800,158
51713614846420,14:21:53.614,87.4600,100
51713615187462,14:21:53.615,87.4600,100
51713667928183,14:21:53.667,87.4600,2
51713667928183,14:21:53.667,87.4600,98
51713668017762,14:21:53.668,87.4600,2
51718188417744,14:21:58.188,87.4700,47
51718188417744,14:21:58.188,87.4700,53
51718188471703,14:21:58.188,87.4700,147
51734391788548,14:22:14.391,87.4400,27
51734391818931,14:22:14.391,87.4400,14
51734393384904,14:22:14.393,87.4300,100
51734395096911,14:22:14.395,87.4200,200
51759076739603,14:22:39.076,87.4900,45
51759076739603,14:22:39.076,87.4900,100
51759093982336,14:22:39.093,87.5000,39
51759094362755,14:22:39.094,87.5000,43
51759103392225,14:22:39.103,87.4900,20
51759141547499,14:22:39.141,87.5000,18
51759141547499,14:22:39.141,87.5000,82
51759141584981,14:22:39.141,87.5000,218
51759207063796,14:22:39.207,87.4900,100
51759384141445,14:22:39.384,87.4900,100
51759384148422,14:22:39.384,87.4900,100
51759561609217,14:22:39.561,87.5000,100
51807217411995,14:23:27.217,87.5200,100
51825300875439,14:23:45.300,87.5100,5
51825300875439,14:23:45.300,87.4900,83
51825300883786,14:23:45.300,87.4900,12
51825300903504,14:23:45.300,87.4900,5
51845256227732,14:24:05.256,87.4400,7
51880211112824,14:24:40.211,87.4900,100
51880211112824,14:24:40.211,87.4900,100
51880211687173,14:24:40.211,87.4700,200
51881808362298,14:24:41.808,87.4900,100
51881808362298,14:24:41.808,87.4900,100
51895358748642,14:24:55.358,87.4900,31
51915079518470,14:25:15.079,87.4400,8
51915079545792,14:25:15.079,87.4400,192
51927287496813,14:25:27.287,87.4300,48
51927287508616,14:25:27.287,87.4300,45
51927287526145,14:25:27.287,87.4300,7
51938156049700,14:25:38.156,87.4900,24
51938156049700,14:25:38.156,87.4900,100
51961036403379,14:26:01.036,87.4300,100
52015302535294,14:26:55.302,87.4400,5
52015304207560,14:26:55.304,87.4300,19
52015304207560,14:26:55.304,87.4300,81
52015376868788,14:26:55.376,87.4300,19
52022673505774,14:27:02.673,87.4500,100
52044488789830,14:27:24.488,87.3700,33
52044488789830,14:27:24.488,87.3700,100
52062023677347,14:27:42.023,87.3800,100
52079710365620,14:27:59.710,87.4200,72
52079710423111,14:27:59.710,87.4200,93
52079710423111,14:27:59.710,87.4200,7
52079710462834,14:27:59.710,87.4200,2
52080347911767,14:28:00.347,87.4200,16
52080351749308,14:28:00.351,87.4200,15
52100135441900,14:28:20.135,87.3800,7
52115303999856,14:28:35.303,87.3600,43
52132962469503,14:28:52.962,87.3500,12
52132962538664,14:28:52.962,87.3500,88
52165236786925,14:29:25.236,87.3100,28
52165238187805,14:29:25.238,87.3200,10
52167253515054,14:29:27.253,87.3100,10
52176616941448,14:29:36.616,87.3300,100
52204050551734,14:30:04.050,87.3200,2
52210842198889,14:30:10.842,87.3400,100
52216852151455,14:30:16.852,87.3700,100
52240437929241,14:30:40.437,87.3600,5
52257580325777,14:30:57.580,87.3500,100
52257834313110,14:30:57.834,87.3700,40
52257834323279,14:30:57.834,87.3700,60
52257834425334,14:30:57.834,87.3700,100
52257834474059,14:30:57.834,87.3800,100
52257835680333,14:30:57.835,87.3800,34
52257837549175,14:30:57.837,87.3800,2
52257838756828,14:30:57.838,87.3800,2
52257844123581,14:30:57.844,87.3700,100
52260209868201,14:31:00.209,87.3700,100
52260209992867,14:31:00.209,87.3700,100
52260210452476,14:31:00.210,87.3800,62
52260210452476,14:31:00.210,87.3800,38
52260210561226,14:31:00.210,87.3800,20
52260265686561,14:31:00.265,87.3700,42
52260265686561,14:31:00.265,87.3600,58
52260265874583,14:31:00.265,87.3600,42
52260269291576,14:31:00.269,87.3900,65
52265143348708,14:31:05.143,87.3600,10
52265143377093,14:31:05.143,87.3600,35
52265143377093,14:31:05.143,87.3600,11
52267992686007,14:31:07.992,87.3400,60
52267992716873,14:31:07.992,87.3400,37
52267992716873,14:31:07.992,87.3400,29
52280960654871,14:31:20.960,87.3400,52
52280960654871,14:31:20.960,87.3300,26
52280960806108,14:31:20.960,87.3300,174
52280960806108,14:31:20.960,87.3300,100
52309664710029,14:31:49.664,87.3100,26
52309664733753,14:31:49.664,87.3100,74
52309664793563,14:31:49.664,87.3000,2
52328031343011,14:32:08.031,87.3000,100
52328042960387,14:32:08.042,87.3100,100
52352125815238,14:32:32.125,87.2800,100
52352125815238,14:32:32.125,87.2800,100
52362325042093,14:32:42.325,87.2700,100
52362325069893,14:32:42.325,87.2700,71
52362325069893,14:32:42.325,87.2700,12
52362325612336,14:32:42.325,87.2600,88
52363198138591,14:32:43.198,87.2600,12
52382677336467,14:33:02.677,87.2400,44
52382677351096,14:33:02.677,87.2400,78
52382677360432,14:33:02.677,87.2400,78
52385724049692,14:33:05.724,87.2200,100
52387636524488,14:33:07.636,87.2400,32
52387636559173,14:33:07.636,87.2500,100
52387636576684,14:33:07.636,87.2500,24
52387636576684,14:33:07.636,87.2500,76
52387636588649,14:33:07.636,87.2500,24
52387636588649,14:33:07.636,87.2500,100
52397203743593,14:33:17.203,87.2400,7
52424541704589,14:33:44.541,87.2500,2
52428939718087,14:33:48.939,87.2600,100
52456604825356,14:34:16.604,87.2900,78
52456604840034,14:34:16.604,87.2900,22
52456610269205,14:34:16.610,87.2900,100
52456658196023,14:34:16.658,87.3000,100
52456658626590,14:34:16.658,87.3000,100
52463995139592,14:34:23.995,87.2900,76
52463995782148,14:34:23.995,87.2900,5
52463995817400,14:34:23.995,87.2900,19
52516533544873,14:35:16.533,87.2800,100
52541727495142,14:35:41.727,87.2800,35
52541727577619,14:35:41.727,87.2800,100
52541727577619,14:35:41.727,87.2800,100
52541727577619,14:35:41.727,87.2800,100
52541728038106,14:35:41.728,87.2800,100
52541732047307,14:35:41.732,87.2800,20
52542016432084,14:35:42.016,87.2700,100
52544932151227,14:35:44.932,87.2600,100
52571048766166,14:36:11.048,87.2500,13
52571048766166,14:36:11.048,87.2500,59
52571048910072,14:36:11.048,87.2500,41
52572537457298,14:36:12.537,87.2400,100
52572537913562,14:36:12.537,87.2400,5
52573445876616,14:36:13.445,87.2400,95
52578443252994,14:36:18.443,87.2400,100
52578443253644,14:36:18.443,87.2400,100
52578969243241,14:36:18.969,87.2500,100
52578969272380,14:36:18.969,87.2500,100
52578969272380,14:36:18.969,87.2500,8
52587072047427,14:36:27.072,87.2700,13
52593374482298,14:36:33.374,87.2500,5
52593383800608,14:36:33.383,87.2300,118
52593383800608,14:36:33.383,87.2300,47
52629373435872,14:37:09.373,87.2100,41
52629373503315,14:37:09.373,87.2100,59
52629373503315,14:37:09.373,87.2100,41
52629373547618,14:37:09.373,87.2100,44
52629373567394,14:37:09.373,87.2100,100
52629373606177,14:37:09.373,87.2100,15
52637210404710,14:37:17.210,87.2100,100
52637210443800,14:37:17.210,87.2100,100
52637211539180,14:37:17.211,87.2200,29
52645999636400,14:37:25.999,87.2500,20
52646000108733,14:37:26.000,87.2600,100
52646000108733,14:37:26.000,87.2600,100
52667789887583,14:37:47.789,87.2600,100
52667789921479,14:37:47.789,87.2600,100
52677197848871,14:37:57.197,87.2600,41
52677197880408,14:37:57.197,87.2600,44
52684738155488,14:38:04.738,87.2500,70
52684772715041,14:38:04.772,87.2500,13
52688232089562,14:38:08.232,87.2600,72
52688232128142,14:38:08.232,87.2600,28
52690026168023,14:38:10.026,87.2700,100
52692650474868,14:38:12.650,87.2600,100
52704291279942,14:38:24.291,87.2700,58
52705167427358,14:38:25.167,87.2700,58
52710929668398,14:38:30.929,87.2500,100
52710930284454,14:38:30.930,87.2500,45
52716593844163,14:38:36.593,87.2600,100
52719291091358,14:38:39.291,87.2600,25
52720015585576,14:38:40.015,87.2700,100
52720017373017,14:38:40.017,87.2700,100
52722246357881,14:38:42.246,87.2800,100
52722246357881,14:38:42.246,87.2800,10
52722246357881,14:38:42.246,87.2800,22
52722246385284,14:38:42.246,87.2800,78
52722246389126,14:38:42.246,87.2800,78
52722246847892,14:38:42.246,87.2800,22
52722246847892,14:38:42.246,87.2800,100
52728318198663,14:38:48.318,87.2900,10
52729044194346,14:38:49.044,87.3000,10
52730686521145,14:38:50.686,87.3100,10
52747031629841,14:39:07.031,87.2900,58
52747031961895,14:39:07.031,87.2900,100
52762366812439,14:39:22.366,87.2600,100
52791331010060,14:39:51.331,87.2900,100
52791331112230,14:39:51.331,87.2900,71
52791331183718,14:39:51.331,87.2900,29
52801571349514,14:40:01.571,87.2800,100
52801575295678,14:40:01.575,87.2700,100
52812350370679,14:40:12.350,87.2700,5
52812350370679,14:40:12.350,87.2600,13
52812350370679,14:40:12.350,87.2600,36
52812350707357,14:40:12.350,87.2600,5
52812370353965,14:40:12.370,87.2400,78
52834720672758,14:40:34.720,87.2300,4
52835025895420,14:40:35.025,87.2300,96
52835025895420,14:40:35.025,87.2300,4
52835329781580,14:40:35.329,87.2300,100
52835329879196,14:40:35.329,87.2300,25
52849094547853,14:40:49.094,87.2100,46
52857944522513,14:40:57.944,87.2200,200
52857944522513,14:40:57.944,87.2200,100
52893036243812,14:41:33.036,87.2000,100
52893036278475,14:41:33.036,87.2000,44
52893036285355,14:41:33.036,87.2000,15
52933615141180,14:42:13.615,87.2100,100
52933615141180,14:42:13.615,87.2100,10
52939822788703,14:42:19.822,87.2200,51
52956130373302,14:42:36.130,87.1900,100
52956130373302,14:42:36.130,87.1900,13
52956130373302,14:42:36.130,87.1900,36
52958998164318,14:42:38.998,87.1800,72
52958998206950,14:42:38.998,87.1800,28
52958998206950,14:42:38.998,87.1800,42
52966583160559,14:42:46.583,87.1900,8
52966583167106,14:42:46.583,87.1900,92
52980026942802,14:43:00.026,87.1800,100
52985563286495,14:43:05.563,87.1600,200
52996025357680,14:43:16.025,87.1400,2
53006789889009,14:43:26.789,87.1500,100
53006789889009,14:43:26.789,87.1500,100
53006789889009,14:43:26.789,87.1500,100
53006794450637,14:43:26.794,87.1700,100
53007825809149,14:43:27.825,87.1800,100
53037253433228,14:43:57.253,87.1800,2
53041554840946,14:44:01.554,87.2100,20
53041555274481,14:44:01.555,87.2200,79
53041555627336,14:44:01.555,87.2200,21
53041555627336,14:44:01.555,87.2200,20
53041560230085,14:44:01.560,87.2200,47
53042864160863,14:44:02.864,87.2300,20
53042864235812,14:44:02.864,87.2300,100
53042864263427,14:44:02.864,87.2300,100
53042864263427,14:44:02.864,87.2300,100
53043307650815,14:44:03.307,87.2100,72
53043307677369,14:44:03.307,87.2100,28
53043307677369,14:44:03.307,87.2100,13
53071388107295,14:44:31.388,87.2100,100
53071393685759,14:44:31.393,87.2200,200
53071393685759,14:44:31.393,87.2200,100
53071393685759,14:44:31.393,87.2200,100
53075283753390,14:44:35.283,87.2000,72
53075283865888,14:44:35.283,87.2000,28
53075283865888,14:44:35.283,87.2000,59
53098089426415,14:44:58.089,87.1800,59
53098600905241,14:44:58.600,87.1800,41
53098600905241,14:44:58.600,87.1800,3
53098601741919,14:44:58.601,87.1800,100
53098601805832,14:44:58.601,87.1800,97
53098601805832,14:44:58.601,87.1800,3
53098601912891,14:44:58.601,87.1800,44
53098601972631,14:44:58.601,87.1800,41
53098602008534,14:44:58.602,87.1800,12
53098602008534,14:44:58.602,87.1800,44
53098602820869,14:44:58.602,87.1600,41
53098602884727,14:44:58.602,87.1600,41
53098602979750,14:44:58.602,87.1600,18
53098602979750,14:44:58.602,87.1600,23
53098603036465,14:44:58.603,87.1600,36
53098603069186,14:44:58.603,87.1600,5
53098603102036,14:44:58.603,87.1600,31
53098604940529,14:44:58.604,87.1600,5
53098607028306,14:44:58.607,87.1700,23
53106622806131,14:45:06.622,87.1900,100
53106622838421,14:45:06.622,87.1900,100
53106622838421,14:45:06.622,87.1900,137
53124344938347,14:45:24.344,87.1900,100
53124344938347,14:45:24.344,87.1900,100
53124345490830,14:45:24.345,87.1800,5
53124345517476,14:45:24.345,87.1800,95
53126819809903,14:45:26.819,87.1700,100
53163267343960,14:46:03.267,87.1800,100
53166693623328,14:46:06.693,87.1700,24
53166693823376,14:46:06.693,87.1700,76
53166693823376,14:46:06.693,87.1700,100
53166693823376,14:46:06.693,87.1700,15
53179741268966,14:46:19.741,87.1500,44
53180026177262,14:46:20.026,87.1500,56
53180026177262,14:46:20.026,87.1500,44
53180026537453,14:46:20.026,87.1500,44
53180026588367,14:46:20.026,87.1500,12
53181404635937,14:46:21.404,87.1600,3
53181404909297,14:46:21.404,87.1600,100
53189254793909,14:46:29.254,87.1700,16
53189259392407,14:46:29.259,87.1700,84
53189259392407,14:46:29.259,87.1800,100
53189259392407,14:46:29.259,87.1800,16
53189260456976,14:46:29.260,87.1800,84
53189260456976,14:46:29.260,87.1800,48
53189337650931,14:46:29.337,87.2000,72
53189337679598,14:46:29.337,87.2000,28
53215762312375,14:46:55.762,87.2200,20
53228492662029,14:47:08.492,87.2300,200
53228493281559,14:47:08.493,87.2400,12
53228493306404,14:47:08.493,87.2400,88
53228493306404,14:47:08.493,87.2400,2
53229964892091,14:47:09.964,87.2400,100
53229964892091,14:47:09.964,87.2400,100
53230740988902,14:47:10.740,87.2500,100
53230741047070,14:47:10.741,87.2500,100
53230741151222,14:47:10.741,87.2600,10
53230759891426,14:47:10.759,87.2700,10
53231927425319,14:47:11.927,87.2700,44
53231927515117,14:47:11.927,87.2700,72
53240405330345,14:47:20.405,87.2800,10
53244434851524,14:47:24.434,87.2500,46
53291003878621,14:48:11.003,87.2500,100
53291006915896,14:48:11.006,87.2500,100
53293366059911,14:48:13.366,87.2500,100
53298646880838,14:48:18.646,87.2400,71
53298646880838,14:48:18.646,87.2400,1
53298647510279,14:48:18.647,87.2400,31
53298647703415,14:48:18.647,87.2400,68
53298647703415,14:48:18.647,87.2400,32
53298647729658,14:48:18.647,87.2400,52
53298648048950,14:48:18.648,87.2300,100
53298648090045,14:48:18.648,87.2200,100
53300159245964,14:48:20.159,87.2300,100
53300159245964,14:48:20.159,87.2300,4
53300159271574,14:48:20.159,87.2300,196
53307454597826,14:48:27.454,87.2300,72
53358080314381,14:49:18.080,87.2400,40
53360337527876,14:49:20.337,87.2400,60
53361291943974,14:49:21.291,87.2400,100
53361291969324,14:49:21.291,87.2400,100
53407293528422,14:50:07.293,87.2600,13
53417702703231,14:50:17.702,87.2700,100
53417702703231,14:50:17.702,87.2700,9
53422571144838,14:50:22.571,87.2700,100
53425335597022,14:50:25.335,87.2600,100
53434600268520,14:50:34.600,87.2400,43
53434600434260,14:50:34.600,87.2500,100
53434600434260,14:50:34.600,87.2500,100
53434600434260,14:50:34.600,87.2500,100
53434600434260,14:50:34.600,87.2500,100
53435773610051,14:50:35.773,87.2500,5
53446763597521,14:50:46.763,87.2500,48
53446767771040,14:50:46.767,87.2500,30
53446787063718,14:50:46.787,87.2400,47
53446787063718,14:50:46.787,87.2400,53
53446787133890,14:50:46.787,87.2400,47
53451535271086,14:50:51.535,87.2500,100
53451535271086,14:50:51.535,87.2500,100
53466551780659,14:51:06.551,87.2600,50
53466551793809,14:51:06.551,87.2600,50
53470331155438,14:51:10.331,87.2400,46
53470331155438,14:51:10.331,87.2400,100
53470360943727,14:51:10.360,87.2300,95
53470360967918,14:51:10.360,87.2300,62
53470361828199,14:51:10.361,87.2200,100
53471725384569,14:51:11.725,87.2200,45
53501975894362,14:51:41.975,87.1900,200
53501977116640,14:51:41.977,87.2000,20
53504992013067,14:51:44.992,87.2100,100
53511095330057,14:51:51.095,87.2300,100
53511100389854,14:51:51.100,87.2400,100
53511105132129,14:51:51.105,87.2500,100
53511105132129,14:51:51.105,87.2500,48
53511106580952,14:51:51.106,87.2500,52
53511891430299,14:51:51.891,87.2500,23
53511891439803,14:51:51.891,87.2500,77
53511891439803,14:51:51.891,87.2500,23
53511891443635,14:51:51.891,87.2500,13
53522816839860,14:52:02.816,87.2600,50
53540950599500,14:52:20.950,87.2800,146
53540950603305,14:52:20.950,87.2800,54
53540951757775,14:52:20.951,87.2900,100
53542003054435,14:52:22.003,87.3000,100
53542020101175,14:52:22.020,87.3100,100
53542159457292,14:52:22.159,87.3200,10
53542159457292,14:52:22.159,87.3200,10
53546148130506,14:52:26.148,87.3100,100
53549100457529,14:52:29.100,87.3100,100
53553310147615,14:52:33.310,87.3000,12
53553310315086,14:52:33.310,87.2900,38
53572192116917,14:52:52.192,87.3300,20
53572192116917,14:52:52.192,87.3300,52
53572192178596,14:52:52.192,87.3300,100
53572192204169,14:52:52.192,87.3300,48
53574496710798,14:52:54.496,87.3400,20
53574533548820,14:52:54.533,87.3500,58
53574543146261,14:52:54.543,87.3500,42
53576506183981,14:52:56.506,87.3400,53
53576506846692,14:52:56.506,87.3300,72
53576506871853,14:52:56.506,87.3300,28
53585020397257,14:53:05.020,87.3400,100
53590169276458,14:53:10.169,87.3300,100
53590169276458,14:53:10.169,87.3300,26
53590169288650,14:53:10.169,87.3300,73
53590169293874,14:53:10.169,87.3300,1
53590169293874,14:53:10.169,87.3300,19
53590169295553,14:53:10.169,87.3300,74
53590169302709,14:53:10.169,87.3300,7
53595487797991,14:53:15.487,87.3400,100
53595488443517,14:53:15.488,87.3500,96
53595490515061,14:53:15.490,87.3500,32
53597076633871,14:53:17.076,87.3600,20
53597077464210,14:53:17.077,87.3700,20
53597107963276,14:53:17.107,87.3700,100
53597138083106,14:53:17.138,87.3700,100
53597138083106,14:53:17.138,87.3600,100
53603379408357,14:53:23.379,87.3600,100
53608470347506,14:53:28.470,87.3500,200
53608470347506,14:53:28.470,87.3500,100
53609639145932,14:53:29.639,87.3400,97
53609639457894,14:53:29.639,87.3400,3
53614539831915,14:53:34.539,87.3500,138
53615643691430,14:53:35.643,87.3700,100
53615643691430,14:53:35.643,87.3700,100
53615644007908,14:53:35.644,87.3700,100
53615644092467,14:53:35.644,87.3700,100
53619272870040,14:53:39.272,87.3800,20
53619456553283,14:53:39.456,87.3800,100
53625613211371,14:53:45.613,87.3900,20
53625615895229,14:53:45.615,87.3900,20
53625616117854,14:53:45.616,87.3900,20
53625629222268,14:53:45.629,87.4000,10
53625685613380,14:53:45.685,87.4100,49
53625881710242,14:53:45.881,87.4000,100
53639851403421,14:53:59.851,87.4100,100
53639851445850,14:53:59.851,87.4100,100
53639851445850,14:53:59.851,87.4100,100
53646157311351,14:54:06.157,87.4300,100
53646184549307,14:54:06.184,87.4300,100
53646215396866,14:54:06.215,87.4400,2
53653169363913,14:54:13.169,87.4600,100
53653169363913,14:54:13.169,87.4500,100
53653169389898,14:54:13.169,87.4600,100
53653169391223,14:54:13.169,87.4500,100
53654066327213,14:54:14.066,87.4400,100
53654066327213,14:54:14.066,87.4400,12
53654067440904,14:54:14.067,87.4300,100
53655750330232,14:54:15.750,87.4100,100
53655750360922,14:54:15.750,87.4100,100
53655750519924,14:54:15.750,87.4000,85
53655750534857,14:54:15.750,87.4000,15
53656420074501,14:54:16.420,87.4100,100
53679169825804,14:54:39.169,87.4200,100
53679169825804,14:54:39.169,87.4200,100
53679169914434,14:54:39.169,87.4100,100
53679169930023,14:54:39.169,87.4100,100
53690918354120,14:54:50.918,87.3800,60
53690918366939,14:54:50.918,87.3800,40
53690918423464,14:54:50.918,87.3700,100
53695583224125,14:54:55.583,87.3800,200
53696084738016,14:54:56.084,87.4100,43
53696084821338,14:54:56.084,87.4100,14
53696084854746,14:54:56.084,87.4100,29
53696084898150,14:54:56.084,87.4100,14
53702341072812,14:55:02.341,87.4000,100
53702341072812,14:55:02.341,87.4000,65
53717194658906,14:55:17.194,87.3900,100
53720847324829,14:55:20.847,87.3900,100
53721494113726,14:55:21.494,87.4100,3
53736706057073,14:55:36.706,87.3700,13
