timestamp,time,price,volume
34200375729306,09:30:00.375,0.0000,0
34350004989882,09:32:30.004,23.2900,1
34350005876834,09:32:30.005,23.2800,100
34350005876834,09:32:30.005,23.2800,100
34350006231530,09:32:30.006,23.2700,100
34350717821314,09:32:30.717,23.2900,100
34422582859674,09:33:42.582,23.2300,100
34489103277780,09:34:49.103,23.1500,6
34500875943044,09:35:00.875,23.1000,1
34672500637907,09:37:52.500,23.0700,101
34672500637907,09:37:52.500,23.0700,101
34672500637907,09:37:52.500,23.0700,120
34672500637907,09:37:52.500,23.0700,78
34672500749267,09:37:52.500,23.0700,42
34672501812918,09:37:52.501,23.0900,9
34872977175652,09:41:12.977,23.0900,122
34976675755760,09:42:56.675,23.0700,100
34976675784925,09:42:56.675,23.0700,1
34978810898522,09:42:58.810,23.0400,222
34978810898522,09:42:58.810,23.0400,100
34979522808105,09:42:59.522,23.0400,100
34979522860257,09:42:59.522,23.0400,1
34980054010594,09:43:00.054,23.0400,100
35039560185498,09:43:59.560,23.0200,1
35042234000632,09:44:02.234,23.0200,100
35074508912432,09:44:34.508,22.9900,100
35074508912432,09:44:34.508,22.9900,222
35074509037264,09:44:34.509,23.0000,9
35095973728778,09:44:55.973,22.9900,15
35121152538856,09:45:21.152,23.0100,221
35121152538856,09:45:21.152,23.0100,100
35121154361294,09:45:21.154,23.0200,300
35124620887889,09:45:24.620,23.0300,9
35197480585957,09:46:37.480,23.0500,100
35233382951729,09:47:13.382,23.0500,1
35250858532607,09:47:30.858,23.0300,100
35258045592723,09:47:38.045,23.0300,221
35258045592723,09:47:38.045,23.0300,221
35258045592723,09:47:38.045,23.0300,100
35258045592723,09:47:38.045,23.0300,200
35258045619290,09:47:38.045,23.0300,100
35258046274716,09:47:38.046,23.0400,700
35258046274716,09:47:38.046,23.0400,100
35258046274716,09:47:38.046,23.0400,100
35267525498380,09:47:47.525,23.0300,81
35267526876949,09:47:47.526,23.0300,19
35267526876949,09:47:47.526,23.0300,1
35303304193590,09:48:23.304,23.0100,232
35303304631791,09:48:23.304,23.0100,100
35303305529682,09:48:23.305,23.0100,100
35315572207613,09:48:35.572,23.0000,61
35497195352836,09:51:37.195,22.9500,100
35497407524645,09:51:37.407,22.9600,1
35497407550455,09:51:37.407,22.9600,99
35497407550455,09:51:37.407,22.9600,100
35497407550455,09:51:37.407,22.9600,100
35497407550455,09:51:37.407,22.9600,100
35497407550455,09:51:37.407,22.9600,100
35497407550455,09:51:37.407,22.9600,100
35497407550455,09:51:37.407,22.9600,100
35497448947607,09:51:37.448,22.9700,1
35497448973662,09:51:37.448,22.9700,8
35497448973662,09:51:37.448,22.9700,400
35497448973662,09:51:37.448,22.9700,100
35497464328623,09:51:37.464,22.9800,1
35497464355024,09:51:37.464,22.9800,8
35497464355024,09:51:37.464,22.9800,100
35497473474891,09:51:37.473,22.9800,1
35588729816416,09:53:08.729,22.9500,100
35604444221888,09:53:24.444,22.9400,81
35604444253410,09:53:24.444,22.9400,19
35604444263474,09:53:24.444,22.9400,19
35604444277960,09:53:24.444,22.9400,100
35604444421192,09:53:24.444,22.9400,81
35604444471522,09:53:24.444,22.9400,19
35725378594370,09:55:25.378,22.9600,100
35730005077947,09:55:30.005,22.9600,100
35741880386189,09:55:41.880,22.9700,200
35778940517528,09:56:18.940,22.9700,400
35815343018484,09:56:55.343,22.9600,9
35966186844989,09:59:26.186,22.9800,100
35966186844989,09:59:26.186,22.9800,85
35966187057192,09:59:26.187,22.9800,15
35985558037887,09:59:45.558,23.0000,300
35987561468484,09:59:47.561,23.0100,100
36059587800756,10:00:59.587,23.0300,90
36059587829743,10:00:59.587,23.0300,10
36059631049036,10:00:59.631,23.0300,74
36059631086611,10:00:59.631,23.0300,26
36059697147083,10:00:59.697,23.0400,3
36101852079082,10:01:41.852,23.0300,100
36101852079082,10:01:41.852,23.0300,1
36128731701542,10:02:08.731,23.0300,100
36128731725770,10:02:08.731,23.0300,2
36169929495862,10:02:49.929,23.0100,100
36169929524455,10:02:49.929,23.0100,2
36270134333349,10:04:30.134,23.0300,100
36270628640881,10:04:30.628,23.0200,100
36314992352282,10:05:14.992,23.0100,18
36314992656409,10:05:14.992,23.0100,8
36314992866860,10:05:14.992,23.0100,62
36314993372148,10:05:14.993,23.0100,12
36314997426095,10:05:14.997,23.0000,36
36314997560759,10:05:14.997,23.0000,60
36315001484149,10:05:15.001,23.0050,2
36361014646547,10:06:01.014,23.0000,4
36361014646547,10:06:01.014,23.0000,96
36408000717918,10:06:48.000,23.0100,100
36427798580613,10:07:07.798,23.0000,4
36538707660995,10:08:58.707,23.0400,100
36538727473198,10:08:58.727,23.0300,80
36538727498609,10:08:58.727,23.0300,20
36538727498609,10:08:58.727,23.0300,100
36546112500381,10:09:06.112,23.0300,100
36549954078140,10:09:09.954,23.0200,67
36611837838117,10:10:11.837,23.0100,100
36625571652617,10:10:25.571,23.0100,100
36650946068402,10:10:50.946,23.0200,100
36650946068402,10:10:50.946,23.0200,28
36650946071372,10:10:50.946,23.0200,172
36650946071372,10:10:50.946,23.0200,100
36650967026874,10:10:50.967,23.0200,300
36650967026874,10:10:50.967,23.0200,100
36650967026874,10:10:50.967,23.0200,172
36650967026874,10:10:50.967,23.0200,100
36650967026874,10:10:50.967,23.0200,100
36650967026874,10:10:50.967,23.0200,100
36650992872177,10:10:50.992,23.0200,100
36650992993697,10:10:50.992,23.0200,36
36651000617218,10:10:51.000,23.0200,100
36652866737079,10:10:52.866,23.0200,100
36652870517656,10:10:52.870,23.0200,100
36652870517656,10:10:52.870,23.0200,100
36652870517656,10:10:52.870,23.0200,100
36657619284655,10:10:57.619,23.0100,100
36665565066311,10:11:05.565,23.0100,100
36665565066311,10:11:05.565,23.0100,100
36679958224332,10:11:19.958,23.0100,25
36679958249700,10:11:19.958,23.0100,75
36679958723944,10:11:19.958,23.0100,100
36691675645045,10:11:31.675,23.0300,86
36700671429201,10:11:40.671,23.0350,1
36724252057331,10:12:04.252,23.0600,100
36724252697886,10:12:04.252,23.0600,100
36750717600918,10:12:30.717,23.1000,191
36775235195941,10:12:55.235,23.1100,100
36775235195941,10:12:55.235,23.1100,100
36806249509068,10:13:26.249,23.1200,18
36806250127061,10:13:26.250,23.1200,145
36811469027617,10:13:31.469,23.1300,260
36901604656525,10:15:01.604,23.1800,100
36907023337873,10:15:07.023,23.1800,100
36927676721937,10:15:27.676,23.1700,90
36927676746298,10:15:27.676,23.1700,10
36927678285637,10:15:27.678,23.1600,70
36927678332647,10:15:27.678,23.1600,30
36927679310410,10:15:27.679,23.1600,86
36927680361608,10:15:27.680,23.1600,2
36934172389161,10:15:34.172,23.1600,12
36934172389161,10:15:34.172,23.1600,100
36934172389161,10:15:34.172,23.1600,100
37022063471378,10:17:02.063,23.1500,100
37052117224257,10:17:32.117,23.1200,100
37058037440159,10:17:38.037,23.1000,100
37058037442351,10:17:38.037,23.0900,195
37061432517935,10:17:41.432,23.0900,2
37099731203034,10:18:19.731,23.0900,35
37151097766449,10:19:11.097,23.1100,53
37156152298803,10:19:16.152,23.0800,100
37217819260936,10:20:17.819,23.0800,624
37217819266284,10:20:17.819,23.0800,33
37217819266284,10:20:17.819,23.0800,100
37217819266284,10:20:17.819,23.0800,3
37240433571183,10:20:40.433,23.1100,100
37274721231955,10:21:14.721,23.1100,2
37336533628498,10:22:16.533,23.1200,100
37336533628498,10:22:16.533,23.1200,100
37336533628498,10:22:16.533,23.1200,100
37360499964428,10:22:40.499,23.1100,100
37360499964428,10:22:40.499,23.1100,100
37360501010836,10:22:40.501,23.1000,100
37360504217516,10:22:40.504,23.0900,2
37394592341958,10:23:14.592,23.0800,100
37413273683754,10:23:33.273,23.0800,100
37413273683754,10:23:33.273,23.0800,100
37413273683754,10:23:33.273,23.0800,95
37413848646346,10:23:33.848,23.0800,33
37452361588446,10:24:12.361,23.0900,100
37452361588446,10:24:12.361,23.0900,100
37452361588446,10:24:12.361,23.0900,100
37452361588446,10:24:12.361,23.0900,4
37569340962765,10:26:09.340,23.0800,100
37569341722631,10:26:09.341,23.0800,95
37572446315991,10:26:12.446,23.0800,96
37572446343183,10:26:12.446,23.0800,4
37572446343183,10:26:12.446,23.0800,100
37572446343183,10:26:12.446,23.0800,100
37590386908713,10:26:30.386,23.0800,24
37590387023471,10:26:30.387,23.0800,52
37590387575816,10:26:30.387,23.0800,24
37597506738091,10:26:37.506,23.0700,72
37597506854954,10:26:37.506,23.0700,28
37597523289706,10:26:37.523,23.0600,100
37599237499652,10:26:39.237,23.0600,100
37663377392957,10:27:43.377,23.0900,100
37718744356634,10:28:38.744,23.0800,100
37735962998734,10:28:55.962,23.0700,40
37738323677384,10:28:58.323,23.0600,86
37740458735838,10:29:00.458,23.0600,90
37740458964502,10:29:00.458,23.0600,10
37800072882788,10:30:00.072,23.0700,72
37852524706111,10:30:52.524,23.1300,100
37939143926638,10:32:19.143,23.1400,100
37940426599462,10:32:20.426,23.1300,86
37940426660420,10:32:20.426,23.1300,14
37940428166522,10:32:20.428,23.1200,26
37940428282982,10:32:20.428,23.1200,54
37940428599773,10:32:20.428,23.1200,20
37940429017176,10:32:20.429,23.1200,100
37940434291170,10:32:20.434,23.1100,100
37940434291170,10:32:20.434,23.1100,42
37940435727484,10:32:20.435,23.1100,58
37940435727484,10:32:20.435,23.1100,28
37953128135483,10:32:33.128,23.1200,90
37953128162903,10:32:33.128,23.1200,10
38081023313409,10:34:41.023,23.1300,100
38081023313409,10:34:41.023,23.1300,100
38081023313409,10:34:41.023,23.1300,94
38081023346052,10:34:41.023,23.1300,6
38081023346052,10:34:41.023,23.1300,100
38081023346052,10:34:41.023,23.1300,100
38153172452044,10:35:53.172,23.1300,100
38153172461584,10:35:53.172,23.1200,95
38153174913854,10:35:53.174,23.1100,26
38153174986851,10:35:53.174,23.1100,12
38153177225074,10:35:53.177,23.1100,100
38153177225074,10:35:53.177,23.1100,100
38154181559699,10:35:54.181,23.0900,60
38154212582120,10:35:54.212,23.0900,40
38154212582120,10:35:54.212,23.0900,200
38154212582120,10:35:54.212,23.0900,100
38163000674285,10:36:03.000,23.0900,100
38163351697193,10:36:03.351,23.0800,100
38211307121585,10:36:51.307,23.0800,97
38211307124439,10:36:51.307,23.0800,298
38211307153314,10:36:51.307,23.0800,573
38211307153314,10:36:51.307,23.0800,100
38211307153314,10:36:51.307,23.0800,100
38211308216311,10:36:51.308,23.0900,100
38211310467646,10:36:51.310,23.1000,100
38211323888130,10:36:51.323,23.1000,100
38211323888130,10:36:51.323,23.1000,100
38239901257689,10:37:19.901,23.1000,100
38239901257689,10:37:19.901,23.1000,100
38250663746334,10:37:30.663,23.1100,100
38250664296278,10:37:30.664,23.1100,100
38250664296278,10:37:30.664,23.1100,100
38274240476204,10:37:54.240,23.1200,100
38274240476204,10:37:54.240,23.1200,100
38274240476204,10:37:54.240,23.1200,100
38315834845830,10:38:35.834,23.1500,100
38315834845830,10:38:35.834,23.1500,100
38315834845830,10:38:35.834,23.1500,100
38321429982434,10:38:41.429,23.1400,100
38321430813075,10:38:41.430,23.1300,79
38321430818076,10:38:41.430,23.1300,21
38350690902731,10:39:10.690,23.1400,100
38410618562570,10:40:10.618,23.1500,100
38410621954731,10:40:10.621,23.1400,50
38410621984788,10:40:10.621,23.1400,50
38411059550984,10:40:11.059,23.1500,100
38413822706042,10:40:13.822,23.1600,100
38413824329957,10:40:13.824,23.1700,100
38413824329957,10:40:13.824,23.1700,100
38413824329957,10:40:13.824,23.1700,100
38413824329957,10:40:13.824,23.1700,100
38422926953939,10:40:22.926,23.1700,6
38422926979038,10:40:22.926,23.1700,94
38422926979038,10:40:22.926,23.1700,100
38423040097697,10:40:23.040,23.1600,2
38423040121610,10:40:23.040,23.1600,98
38495231266913,10:41:35.231,23.1700,100
38495231293911,10:41:35.231,23.1700,100
38498845715443,10:41:38.845,23.1600,100
38498845715443,10:41:38.845,23.1600,100
38498845715443,10:41:38.845,23.1600,95
38498845770395,10:41:38.845,23.1500,100
38498845770395,10:41:38.845,23.1500,98
38498850595061,10:41:38.850,23.1400,2
38498850834657,10:41:38.850,23.1400,86
38498851083099,10:41:38.851,23.1400,86
38498855354608,10:41:38.855,23.1400,126
38498855354608,10:41:38.855,23.1400,100
38498855354608,10:41:38.855,23.1400,100
38498855354608,10:41:38.855,23.1400,100
38498855546134,10:41:38.855,23.1300,48
38498855643249,10:41:38.855,23.1300,52
38498855643249,10:41:38.855,23.1300,100
38498855643249,10:41:38.855,23.1300,95
38599743614186,10:43:19.743,23.1000,100
38617014392560,10:43:37.014,23.1000,100
38617014392560,10:43:37.014,23.1000,23
38617014747041,10:43:37.014,23.1000,77
38617014747041,10:43:37.014,23.1000,100
38617014747041,10:43:37.014,23.1000,1823
38617014777117,10:43:37.014,23.1000,449
38617014780338,10:43:37.014,23.1000,173
38617014780338,10:43:37.014,23.1000,100
38617014780338,10:43:37.014,23.1000,100
38657435102359,10:44:17.435,23.1100,100
38657435102359,10:44:17.435,23.1100,2
38657435102359,10:44:17.435,23.1100,100
38657435102359,10:44:17.435,23.1100,100
38659030396070,10:44:19.030,23.1200,100
38659030420476,10:44:19.030,23.1200,100
38659030420476,10:44:19.030,23.1200,13
38659030464810,10:44:19.030,23.1200,87
38659031473183,10:44:19.031,23.1300,100
38659040058861,10:44:19.040,23.1300,100
38659040058861,10:44:19.040,23.1300,100
38713490225683,10:45:13.490,23.1100,36
38713490310458,10:45:13.490,23.1100,64
38713491089885,10:45:13.491,23.1100,26
38778059351612,10:46:18.059,23.1100,8
38778059351612,10:46:18.059,23.1100,100
38778063166912,10:46:18.063,23.1200,100
38810406283814,10:46:50.406,23.1300,100
38810407854273,10:46:50.407,23.1300,100
38822321514389,10:47:02.321,23.1200,100
38825863464613,10:47:05.863,23.1200,100
38828057359454,10:47:08.057,23.1100,59
38847123164453,10:47:27.123,23.1100,57
38847123164453,10:47:27.123,23.1100,43
38851114473671,10:47:31.114,23.1100,57
38851119489590,10:47:31.119,23.1000,60
38851119586048,10:47:31.119,23.1000,40
38851119586048,10:47:31.119,23.1000,80
38851119741851,10:47:31.119,23.1000,20
38851148029779,10:47:31.148,23.0900,8
38851148865225,10:47:31.148,23.0900,2
38851150348890,10:47:31.150,23.0900,8
38851151242699,10:47:31.151,23.0900,2
38861263670532,10:47:41.263,23.0900,100
38872772554600,10:47:52.772,23.0900,100
38872772554600,10:47:52.772,23.0900,100
38872772554600,10:47:52.772,23.0900,100
38886848930060,10:48:06.848,23.0800,100
38910877937642,10:48:30.877,23.0700,100
38910877937642,10:48:30.877,23.0700,100
38930092231075,10:48:50.092,23.0800,170
38930158312589,10:48:50.158,23.0700,8
38930159352347,10:48:50.159,23.0700,2
38932195098154,10:48:52.195,23.0600,100
38932195388406,10:48:52.195,23.0600,100
38932195388406,10:48:52.195,23.0600,100
38932195388406,10:48:52.195,23.0600,100
38933906520100,10:48:53.906,23.0600,100
38933906520100,10:48:53.906,23.0600,100
38933906520100,10:48:53.906,23.0600,100
38935417278132,10:48:55.417,23.0800,100
38935417278132,10:48:55.417,23.0800,100
38972729133474,10:49:32.729,23.0900,100
39006156763398,10:50:06.156,23.0800,100
39022183917915,10:50:22.183,23.0600,100
39022183917915,10:50:22.183,23.0600,100
39036736020965,10:50:36.736,23.0700,100
39053795424668,10:50:53.795,23.0700,100
39053796116689,10:50:53.796,23.0700,100
39136218356780,10:52:16.218,23.0600,86
39163878838378,10:52:43.878,23.0600,100
39163880059514,10:52:43.880,23.0500,82
39163880546008,10:52:43.880,23.0500,38
39163880669558,10:52:43.880,23.0500,10
39163881340912,10:52:43.881,23.0500,70
39244529433950,10:54:04.529,23.0500,100
39259276356321,10:54:19.276,23.0700,100
39326900830768,10:55:26.900,23.0900,120
39326901021181,10:55:26.901,23.0900,28
39326902219791,10:55:26.902,23.0900,20
39326905502166,10:55:26.905,23.0800,2
39326906861552,10:55:26.906,23.0800,28
39326907872768,10:55:26.907,23.0800,2
39330386013166,10:55:30.386,23.0800,37
39330386708520,10:55:30.386,23.0800,63
39330386708520,10:55:30.386,23.0800,100
39406235498490,10:56:46.235,23.0800,100
39415887028306,10:56:55.887,23.0900,100
39421221911602,10:57:01.221,23.0900,100
39430270153262,10:57:10.270,23.0900,100
39450123392183,10:57:30.123,23.0800,100
39450123392183,10:57:30.123,23.0800,100
39454463305468,10:57:34.463,23.0800,10
39454463305468,10:57:34.463,23.0800,100
39454463305468,10:57:34.463,23.0800,100
39466531530099,10:57:46.531,23.0800,86
39466531548484,10:57:46.531,23.0800,14
39466531548484,10:57:46.531,23.0800,86
39466531554086,10:57:46.531,23.0800,14
39466531560833,10:57:46.531,23.0800,100
39466531561396,10:57:46.531,23.0800,14
39466531589893,10:57:46.531,23.0800,100
39466531604109,10:57:46.531,23.0800,14
39466531766092,10:57:46.531,23.0800,62
39467306027194,10:57:47.306,23.0600,100
39467306027194,10:57:47.306,23.0600,100
39467308119275,10:57:47.308,23.0600,100
39467308119275,10:57:47.308,23.0600,100
39467308119275,10:57:47.308,23.0600,100
39467308119275,10:57:47.308,23.0600,100
39467308119275,10:57:47.308,23.0600,100
39475309461494,10:57:55.309,23.0600,100
39475309461494,10:57:55.309,23.0600,7
39576408800084,10:59:36.408,23.0600,100
39576408800084,10:59:36.408,23.0600,100
39640006809930,11:00:40.006,23.0700,4
39646159394632,11:00:46.159,23.0700,196
39646159394632,11:00:46.159,23.0700,100
39646159394632,11:00:46.159,23.0700,33
39646159420643,11:00:46.159,23.0700,67
39646159420643,11:00:46.159,23.0700,33
39646159443550,11:00:46.159,23.0700,167
39646159875976,11:00:46.159,23.0800,100
39646159942573,11:00:46.159,23.0800,100
39646160518938,11:00:46.160,23.0800,100
39647434351135,11:00:47.434,23.0800,3
39663465911334,11:01:03.465,23.0800,97
39663465911334,11:01:03.465,23.0800,100
39663465911334,11:01:03.465,23.0800,100
39663841402633,11:01:03.841,23.0900,100
39666849002130,11:01:06.849,23.0900,100
39666849002130,11:01:06.849,23.0900,100
39702314442970,11:01:42.314,23.0800,100
39702314885430,11:01:42.314,23.0800,100
39702314885430,11:01:42.314,23.0800,100
39702314885430,11:01:42.314,23.0800,100
39702314885430,11:01:42.314,23.0800,100
39702314885430,11:01:42.314,23.0800,100
39702314885430,11:01:42.314,23.0800,100
39702314885430,11:01:42.314,23.0800,100
39769367910191,11:02:49.367,23.0800,10
39789763524032,11:03:09.763,23.0800,2
39789764303147,11:03:09.764,23.0800,2
39883906513001,11:04:43.906,23.0700,100
39883906513001,11:04:43.906,23.0700,200
39883906513001,11:04:43.906,23.0700,100
39883906513001,11:04:43.906,23.0700,100
39883908573345,11:04:43.908,23.0800,100
39883908573345,11:04:43.908,23.0800,100
39888720438376,11:04:48.720,23.0700,10
39902677076077,11:05:02.677,23.0800,100
39902677076077,11:05:02.677,23.0800,100
39902677076077,11:05:02.677,23.0800,100
39919137052400,11:05:19.137,23.0800,35
39919137726015,11:05:19.137,23.0800,365
39919137726015,11:05:19.137,23.0800,100
39919137821635,11:05:19.137,23.0800,400
39919137967488,11:05:19.137,23.0800,100
39919137967488,11:05:19.137,23.0800,100
39919137967488,11:05:19.137,23.0800,15
40032728158504,11:07:12.728,23.0800,32
40032728177116,11:07:12.728,23.0800,53
40032728177116,11:07:12.728,23.0800,100
40032728177116,11:07:12.728,23.0800,100
40032738066706,11:07:12.738,23.0900,100
40079396986700,11:07:59.396,23.1000,100
40118388491723,11:08:38.388,23.1100,1
40118388500301,11:08:38.388,23.1100,99
40118388500301,11:08:38.388,23.1100,100
40147271066054,11:09:07.271,23.1300,100
40225020662942,11:10:25.020,23.1400,200
40225021475104,11:10:25.021,23.1400,100
40225021531006,11:10:25.021,23.1400,300
40225021531006,11:10:25.021,23.1400,100
40225024874459,11:10:25.024,23.1400,100
40232501099773,11:10:32.501,23.1300,100
40234319798976,11:10:34.319,23.1300,100
40235024663984,11:10:35.024,23.1300,100
40235024663984,11:10:35.024,23.1300,100
40273625778553,11:11:13.625,23.1300,100
40273625778553,11:11:13.625,23.1300,100
40281458565082,11:11:21.458,23.1400,100
40281458565082,11:11:21.458,23.1400,100
40331106246202,11:12:11.106,23.1600,100
40382691210850,11:13:02.691,23.1500,86
40382691897655,11:13:02.691,23.1500,14
40382693850777,11:13:02.693,23.1400,86
40382693927819,11:13:02.693,23.1400,14
40382693927819,11:13:02.693,23.1400,86
40382695576679,11:13:02.695,23.1400,100
40382695640742,11:13:02.695,23.1400,14
40385214942050,11:13:05.214,23.1300,30
40385215423814,11:13:05.215,23.1300,16
40385216316200,11:13:05.216,23.1300,54
40404395777470,11:13:24.395,23.1300,100
40410991594112,11:13:30.991,23.1300,2
40410991619000,11:13:30.991,23.1300,98
40436433721967,11:13:56.433,23.1300,100
40436436680628,11:13:56.436,23.1300,100
40436436680628,11:13:56.436,23.1300,100
40449869768873,11:14:09.869,23.1300,100
40449869780710,11:14:09.869,23.1300,100
40472659448006,11:14:32.659,23.1300,8
40534310126831,11:15:34.310,23.1400,100
40534315150743,11:15:34.315,23.1500,100
40620009731820,11:17:00.009,23.1400,100
40620009731820,11:17:00.009,23.1400,100
40620009762940,11:17:00.009,23.1400,100
40632096614596,11:17:12.096,23.1500,100
40632096777684,11:17:12.096,23.1500,100
40632096777684,11:17:12.096,23.1500,100
40643647765672,11:17:23.647,23.1400,10
40643647789907,11:17:23.647,23.1400,90
40643757009310,11:17:23.757,23.1300,37
40643757009310,11:17:23.757,23.1300,63
40694175421356,11:18:14.175,23.1300,100
40728350490800,11:18:48.350,23.1300,100
40728356021856,11:18:48.356,23.1300,100
40740450902484,11:19:00.450,23.1400,100
40782736762833,11:19:42.736,23.1300,22
40782737169971,11:19:42.737,23.1300,24
40785585487370,11:19:45.585,23.1200,100
40785585487370,11:19:45.585,23.1200,100
40785585487370,11:19:45.585,23.1200,48
40785585631216,11:19:45.585,23.1200,52
40785585631216,11:19:45.585,23.1200,100
40785585631216,11:19:45.585,23.1200,100
40785586588967,11:19:45.586,23.1100,300
40785586588967,11:19:45.586,23.1100,100
40785586588967,11:19:45.586,23.1100,100
40785586588967,11:19:45.586,23.1100,102
40785587674414,11:19:45.587,23.1100,86
40785588973136,11:19:45.588,23.1100,14
40785588973136,11:19:45.588,23.1100,98
40823828359385,11:20:23.828,23.1000,100
40846474354235,11:20:46.474,23.1000,100
40846474354235,11:20:46.474,23.1000,100
40935020088922,11:22:15.020,23.0900,86
40935020121653,11:22:15.020,23.0900,86
40935020139414,11:22:15.020,23.0900,73
40935020139414,11:22:15.020,23.0900,122
40935020817741,11:22:15.020,23.0800,95
40935020820895,11:22:15.020,23.0800,5
40935020820895,11:22:15.020,23.0800,100
40935020820895,11:22:15.020,23.0800,100
40935020820895,11:22:15.020,23.0800,81
40937605964757,11:22:17.605,23.0700,100
40937605964757,11:22:17.605,23.0700,100
40960560264627,11:22:40.560,23.0700,100
41020079068791,11:23:40.079,23.0800,100
41020079068791,11:23:40.079,23.0800,26
41020079070854,11:23:40.079,23.0800,74
41080459273552,11:24:40.459,23.0800,100
41092805496907,11:24:52.805,23.0900,89
41092805504755,11:24:52.805,23.0900,11
41092806498237,11:24:52.806,23.1000,100
41092807066235,11:24:52.807,23.1000,100
41141343322489,11:25:41.343,23.0900,100
41141343322489,11:25:41.343,23.0900,100
41141343322489,11:25:41.343,23.0900,100
41141351839216,11:25:41.351,23.0800,100
41143249196476,11:25:43.249,23.0500,100
41144490318080,11:25:44.490,23.0600,60
41163474613412,11:26:03.474,23.0600,40
41184795691027,11:26:24.795,23.0700,100
41197429293404,11:26:37.429,23.0850,100
41197429363316,11:26:37.429,23.0850,50
41197429363316,11:26:37.429,23.0850,50
41197429366940,11:26:37.429,23.0850,100
41197429426415,11:26:37.429,23.0800,100
41268401462242,11:27:48.401,23.0700,100
41268401462242,11:27:48.401,23.0700,18
41268402056662,11:27:48.402,23.0700,82
41268402056662,11:27:48.402,23.0700,82
41294539835019,11:28:14.539,23.0700,14
41294539835019,11:28:14.539,23.0700,100
41340582141149,11:29:00.582,23.0800,100
41340585558281,11:29:00.585,23.0700,100
41340585558281,11:29:00.585,23.0700,2
41357699827817,11:29:17.699,23.0600,100
41372207419955,11:29:32.207,23.0700,100
41389449331464,11:29:49.449,23.0800,100
41430149429886,11:30:30.149,23.0900,100
41442184822755,11:30:42.184,23.0900,100
41442184822755,11:30:42.184,23.0900,100
41442184822755,11:30:42.184,23.0900,300
41511875971091,11:31:51.875,23.0800,100
41519145643311,11:31:59.145,23.0750,200
41519146149332,11:31:59.146,23.0750,100
41566065595273,11:32:46.065,23.0800,100
41566065595273,11:32:46.065,23.0800,100
41566065595273,11:32:46.065,23.0800,100
41587336213398,11:33:07.336,23.0900,70
41587336241815,11:33:07.336,23.0900,30
41592356160839,11:33:12.356,23.0800,82
41613514127609,11:33:33.514,23.0800,86
41632021762774,11:33:52.021,23.0800,100
41787912105508,11:36:27.912,23.0700,200
41787912105508,11:36:27.912,23.0700,100
41787912105508,11:36:27.912,23.0700,100
41788415126330,11:36:28.415,23.0600,100
41793388039741,11:36:33.388,23.0650,88
41793388136661,11:36:33.388,23.0600,12
41793390564193,11:36:33.390,23.0500,100
41793390564193,11:36:33.390,23.0500,25
41793390875721,11:36:33.390,23.0500,75
41793390875721,11:36:33.390,23.0500,100
41793390875721,11:36:33.390,23.0500,9
41793391106028,11:36:33.391,23.0500,91
41793392244863,11:36:33.392,23.0500,100
41794398373939,11:36:34.398,23.0450,245
41794398373939,11:36:34.398,23.0450,55
41794398940783,11:36:34.398,23.0450,67
41794400245689,11:36:34.400,23.0400,100
41794400245689,11:36:34.400,23.0400,100
41794410253118,11:36:34.410,23.0400,100
41794410253118,11:36:34.410,23.0400,75
41835484699315,11:37:15.484,23.0500,31
41835484728454,11:37:15.484,23.0500,69
41835484728454,11:37:15.484,23.0500,100
41835484728454,11:37:15.484,23.0500,100
41835484728454,11:37:15.484,23.0500,100
41835484728454,11:37:15.484,23.0500,100
41835484728454,11:37:15.484,23.0500,100
41863885546937,11:37:43.885,23.0700,100
41889959856992,11:38:09.959,23.0700,100
41953215072546,11:39:13.215,23.0500,100
41990003825141,11:39:50.003,23.0500,100
42005003787251,11:40:05.003,23.0600,100
42125027363853,11:42:05.027,23.0900,100
42125027363853,11:42:05.027,23.0900,300
42125027363853,11:42:05.027,23.0900,100
42125027363853,11:42:05.027,23.0900,100
42138961669882,11:42:18.961,23.0900,100
42138961669882,11:42:18.961,23.0900,100
42138962161163,11:42:18.962,23.0900,100
42182837799278,11:43:02.837,23.0800,1
42182837824133,11:43:02.837,23.0800,99
42188618615252,11:43:08.618,23.0900,1
42309458470784,11:45:09.458,23.0900,100
42309458533533,11:45:09.458,23.0900,100
42330540528250,11:45:30.540,23.0900,100
42400003969875,11:46:40.003,23.0900,100
42400003969875,11:46:40.003,23.0900,100
42400003969875,11:46:40.003,23.0900,100
42513748105816,11:48:33.748,23.1100,100
42513748105816,11:48:33.748,23.1100,100
42513757623540,11:48:33.757,23.1100,100
42531666507832,11:48:51.666,23.1200,100
42592395073173,11:49:52.395,23.1300,36
42592410099626,11:49:52.410,23.1300,2
42609565013353,11:50:09.565,23.1300,90
42609565037989,11:50:09.565,23.1300,10
42716534647338,11:51:56.534,23.1000,100
42808034420387,11:53:28.034,23.1000,100
42830003965182,11:53:50.003,23.1200,100
42830003965182,11:53:50.003,23.1200,100
42920498898297,11:55:20.498,23.1100,100
42920498898297,11:55:20.498,23.1100,100
42920498898297,11:55:20.498,23.1100,1
42942424830359,11:55:42.424,23.1000,30
42942424858413,11:55:42.424,23.1000,70
43028592638600,11:57:08.592,23.1100,100
43041296817404,11:57:21.296,23.1100,100
43041297575476,11:57:21.297,23.1100,100
43041319155853,11:57:21.319,23.1100,15
43042441841497,11:57:22.441,23.1100,70
43049887331380,11:57:29.887,23.1000,100
43049887331380,11:57:29.887,23.1000,100
43088766698558,11:58:08.766,23.0800,100
43088766698558,11:58:08.766,23.0800,100
43209373614131,12:00:09.373,23.0900,100
43209374515437,12:00:09.374,23.0900,100
43209374515437,12:00:09.374,23.0900,100
43217887393289,12:00:17.887,23.0900,100
43217891861584,12:00:17.891,23.0900,100
43217891861584,12:00:17.891,23.0900,100
43217891861584,12:00:17.891,23.0900,100
43230660416911,12:00:30.660,23.0800,100
43230888944690,12:00:30.888,23.0850,200
43231431446198,12:00:31.431,23.0850,100
43231431960160,12:00:31.431,23.0850,34
43231433308130,12:00:31.433,23.0800,100
43231433308130,12:00:31.433,23.0800,100
43236887631230,12:00:36.887,23.0700,100
43236887631230,12:00:36.887,23.0700,100
43236887631230,12:00:36.887,23.0700,1
43296524347339,12:01:36.524,23.0600,100
43296528992509,12:01:36.528,23.0600,100
43316707550749,12:01:56.707,23.0600,100
43453009769516,12:04:13.009,23.0700,55
43453009824426,12:04:13.009,23.0700,45
43453009824426,12:04:13.009,23.0700,100
43474836426602,12:04:34.836,23.0600,100
43511486732517,12:05:11.486,23.0700,32
43511486736427,12:05:11.486,23.0700,10
43511486782650,12:05:11.486,23.0700,58
43527025496853,12:05:27.025,23.0700,100
43527025496853,12:05:27.025,23.0700,100
43534913301387,12:05:34.913,23.0600,100
43545342652810,12:05:45.342,23.0500,100
43545347292379,12:05:45.347,23.0500,100
43627312731507,12:07:07.312,23.0600,100
43627312731507,12:07:07.312,23.0600,200
43627312731507,12:07:07.312,23.0600,100
43650005391618,12:07:30.005,23.0700,100
43743357053362,12:09:03.357,23.0700,100
43743482830232,12:09:03.482,23.0700,100
43823816360289,12:10:23.816,23.0900,100
43823816360289,12:10:23.816,23.0800,100
43823816360289,12:10:23.816,23.0800,100
43823816360289,12:10:23.816,23.0800,100
43823816360289,12:10:23.816,23.0800,100
43823816360289,12:10:23.816,23.0800,100
43824584767343,12:10:24.584,23.0900,100
43824584767343,12:10:24.584,23.0900,100
43824594489194,12:10:24.594,23.0900,200
43824899860007,12:10:24.899,23.0900,100
43839552253700,12:10:39.552,23.0900,100
43839887241204,12:10:39.887,23.0900,100
44000649896649,12:13:20.649,23.1000,100
44046610504532,12:14:06.610,23.1000,100
44046610504532,12:14:06.610,23.1000,100
44046610504532,12:14:06.610,23.1000,100
44048119600181,12:14:08.119,23.0900,100
44051569870104,12:14:11.569,23.0900,64
44051580824249,12:14:11.580,23.0900,36
44054909977501,12:14:14.909,23.0900,1
44054910023939,12:14:14.910,23.0900,100
44054910062475,12:14:14.910,23.0900,100
44057715554359,12:14:17.715,23.0900,100
44072062056355,12:14:32.062,23.0750,100
44072062573227,12:14:32.062,23.0750,100
44072062689579,12:14:32.062,23.0750,100
44072062755321,12:14:32.062,23.0750,100
44072063016868,12:14:32.063,23.0750,20
44112899813199,12:15:12.899,23.0800,10
44113867455046,12:15:13.867,23.0700,100
44113867455046,12:15:13.867,23.0700,100
44113888812517,12:15:13.888,23.0700,100
44116887009355,12:15:16.887,23.0700,100
44146290084443,12:15:46.290,23.0700,100
44146290084443,12:15:46.290,23.0700,200
44146290084443,12:15:46.290,23.0700,100
44158372647528,12:15:58.372,23.0600,200
44163062789016,12:16:03.062,23.0500,100
44163062789016,12:16:03.062,23.0500,100
44163062789016,12:16:03.062,23.0500,100
44163062789016,12:16:03.062,23.0500,100
44163062789016,12:16:03.062,23.0500,300
44163062789016,12:16:03.062,23.0500,200
44163062789016,12:16:03.062,23.0500,100
44163062789016,12:16:03.062,23.0500,300
44163565453496,12:16:03.565,23.0400,100
44164093514606,12:16:04.093,23.0350,100
44197860973751,12:16:37.860,23.0400,100
44197860973751,12:16:37.860,23.0400,100
44197861576513,12:16:37.861,23.0400,100
44197861576513,12:16:37.861,23.0400,200
44197861576513,12:16:37.861,23.0400,100
44197861603913,12:16:37.861,23.0400,100
44316525040337,12:18:36.525,23.0700,100
44316525360777,12:18:36.525,23.0700,100
44316525360777,12:18:36.525,23.0700,100
44319491717686,12:18:39.491,23.0700,100
44319491717686,12:18:39.491,23.0700,100
44319491717686,12:18:39.491,23.0700,100
44450641943400,12:20:50.641,23.0800,100
44450641943400,12:20:50.641,23.0800,100
44500687942183,12:21:40.687,23.0700,100
44500687942183,12:21:40.687,23.0700,100
44500687942183,12:21:40.687,23.0700,100
44500687942183,12:21:40.687,23.0700,100
44500687942183,12:21:40.687,23.0700,100
44504037507961,12:21:44.037,23.0650,100
44506413489020,12:21:46.413,23.0700,100
44508521270190,12:21:48.521,23.0700,200
44508521270190,12:21:48.521,23.0700,100
44508521270190,12:21:48.521,23.0700,100
44519074225236,12:21:59.074,23.0650,100
44553930939677,12:22:33.930,23.0600,100
44692873610716,12:24:52.873,23.0550,200
44780014064355,12:26:20.014,23.0600,100
44895004723332,12:28:15.004,23.0600,200
44895004747935,12:28:15.004,23.0600,100
44895004747935,12:28:15.004,23.0600,15
44895004759252,12:28:15.004,23.0600,85
45071951352727,12:31:11.951,23.0700,1
45072286436851,12:31:12.286,23.0600,15
45072286732237,12:31:12.286,23.0600,258
45072286829040,12:31:12.286,23.0600,427
45072286829040,12:31:12.286,23.0600,100
45072286829040,12:31:12.286,23.0600,100
45281941352368,12:34:41.941,23.0600,26
45314875201512,12:35:14.875,23.0600,16
45348855438351,12:35:48.855,23.0600,15
45349887779427,12:35:49.887,23.0500,100
45349887779427,12:35:49.887,23.0500,100
45349887779427,12:35:49.887,23.0500,300
45349887779427,12:35:49.887,23.0500,100
45349887779427,12:35:49.887,23.0500,100
45349887779427,12:35:49.887,23.0500,400
45349887779427,12:35:49.887,23.0500,100
45349890409803,12:35:49.890,23.0300,100
45349890409803,12:35:49.890,23.0300,100
45349890409803,12:35:49.890,23.0300,32
45349890518831,12:35:49.890,23.0300,68
45350840074581,12:35:50.840,23.0300,100
45350840074581,12:35:50.840,23.0300,100
45350840074581,12:35:50.840,23.0300,29
45350840074581,12:35:50.840,23.0300,100
45350840074581,12:35:50.840,23.0300,100
45350840074581,12:35:50.840,23.0300,400
45350840074581,12:35:50.840,23.0300,100
45353887865465,12:35:53.887,23.0300,90
45353887895914,12:35:53.887,23.0300,10
45356341399450,12:35:56.341,23.0250,100
45356341399450,12:35:56.341,23.0300,100
45356341399450,12:35:56.341,23.0300,100
45356341399450,12:35:56.341,23.0300,100
45359090648802,12:35:59.090,23.0300,100
45359090964524,12:35:59.090,23.0300,100
45359090964524,12:35:59.090,23.0300,100
45359090964524,12:35:59.090,23.0300,100
45364593398294,12:36:04.593,23.0400,100
45364593398294,12:36:04.593,23.0400,100
45364593398294,12:36:04.593,23.0400,100
45364593398294,12:36:04.593,23.0400,100
45367345274863,12:36:07.345,23.0500,100
45370099869564,12:36:10.099,23.0600,100
45370099869564,12:36:10.099,23.0600,100
45370099869564,12:36:10.099,23.0600,217
45484473316611,12:38:04.473,23.0700,100
45484473334932,12:38:04.473,23.0700,167
45484473390930,12:38:04.473,23.0700,33
45553751183116,12:39:13.751,23.0700,100
45553751183116,12:39:13.751,23.0700,300
45575558202777,12:39:35.558,23.0700,100
45575558202777,12:39:35.558,23.0700,100
45575558229051,12:39:35.558,23.0700,100
45631693260590,12:40:31.693,23.0700,100
45673814060400,12:41:13.814,23.0700,100
45673814060400,12:41:13.814,23.0700,93
45673814090923,12:41:13.814,23.0700,7
45680469842580,12:41:20.469,23.0700,100
45697547139579,12:41:37.547,23.0600,300
45703769223088,12:41:43.769,23.0500,500
45703769223088,12:41:43.769,23.0500,100
45703769223088,12:41:43.769,23.0500,100
45703891175957,12:41:43.891,23.0400,100
45708568825814,12:41:48.568,23.0400,100
45717014481996,12:41:57.014,23.0300,100
45717014481996,12:41:57.014,23.0300,100
45764444112145,12:42:44.444,23.0400,100
45880305818544,12:44:40.305,23.0400,100
45898227315763,12:44:58.227,23.0400,100
45911640735785,12:45:11.640,23.0400,1
46006646061584,12:46:46.646,23.0500,100
46006646061584,12:46:46.646,23.0500,800
46006646061584,12:46:46.646,23.0500,100
46068016759974,12:47:48.016,23.0500,500
46068016759974,12:47:48.016,23.0500,100
46068192745886,12:47:48.192,23.0500,100
46198263466337,12:49:58.263,23.0500,24
46198263467790,12:49:58.263,23.0500,76
46209507906935,12:50:09.507,23.0600,100
46209507906935,12:50:09.507,23.0500,700
46217279703363,12:50:17.279,23.0500,100
46217279703363,12:50:17.279,23.0500,200
46218045051814,12:50:18.045,23.0500,100
46291095243343,12:51:31.095,23.0600,100
46291095243343,12:51:31.095,23.0600,100
46323741992364,12:52:03.741,23.0700,23
46323741994895,12:52:03.741,23.0700,77
46323741994895,12:52:03.741,23.0700,600
46389899064446,12:53:09.899,23.0700,100
46389899064446,12:53:09.899,23.0700,100
46445151580131,12:54:05.151,23.0600,200
46534073673636,12:55:34.073,23.0500,100
46534073673636,12:55:34.073,23.0500,127
46534073673636,12:55:34.073,23.0500,100
46534999611362,12:55:34.999,23.0400,100
46636311725676,12:57:16.311,23.0500,100
46636311725676,12:57:16.311,23.0500,26
46636312004972,12:57:16.312,23.0500,74
46636312004972,12:57:16.312,23.0500,100
46636312004972,12:57:16.312,23.0500,100
46686502508323,12:58:06.502,23.0550,200
46686502564103,12:58:06.502,23.0500,100
46792343785891,12:59:52.343,23.0500,100
46792343785891,12:59:52.343,23.0500,100
46792343785891,12:59:52.343,23.0500,200
46792343785891,12:59:52.343,23.0500,100
46796736842743,12:59:56.736,23.0700,100
46796737008802,12:59:56.737,23.0700,100
46796737008802,12:59:56.737,23.0700,100
46805314322103,13:00:05.314,23.0600,100
46805314322103,13:00:05.314,23.0600,200
46805314322103,13:00:05.314,23.0600,100
46806335884718,13:00:06.335,23.0600,100
46806335884718,13:00:06.335,23.0600,100
46806335884718,13:00:06.335,23.0600,100
46806336528994,13:00:06.336,23.0600,900
46818150785392,13:00:18.150,23.0500,100
46825126803993,13:00:25.126,23.0500,33
46852391701523,13:00:52.391,23.0500,38
46852391731254,13:00:52.391,23.0500,162
46852391761680,13:00:52.391,23.0500,100
46854950076827,13:00:54.950,23.0500,100
46856868763082,13:00:56.868,23.0500,100
46896327783075,13:01:36.327,23.0400,100
46896327783075,13:01:36.327,23.0400,300
46896327783075,13:01:36.327,23.0400,100
46969525485042,13:02:49.525,23.0400,29
46969525511317,13:02:49.525,23.0400,100
47205004081439,13:06:45.004,23.0500,100
47205004081439,13:06:45.004,23.0500,100
47299797765409,13:08:19.797,23.0500,100
47299797836231,13:08:19.797,23.0500,100
47299931912362,13:08:19.931,23.0500,100
47315520790987,13:08:35.520,23.0500,22
47315520868908,13:08:35.520,23.0500,2
47397713585544,13:09:57.713,23.0500,76
47397713585544,13:09:57.713,23.0500,180
47397713585544,13:09:57.713,23.0500,200
47397713585544,13:09:57.713,23.0500,100
47398036105058,13:09:58.036,23.0500,300
47398036105058,13:09:58.036,23.0500,100
47398036528777,13:09:58.036,23.0500,100
47398036528777,13:09:58.036,23.0500,100
47722998842365,13:15:22.998,23.0500,100
47870003729653,13:17:50.003,23.0600,100
47870003729653,13:17:50.003,23.0600,100
48059059635049,13:20:59.059,23.0500,100
48059059635049,13:20:59.059,23.0500,100
48059059635049,13:20:59.059,23.0500,100
48097612817757,13:21:37.612,23.0500,100
48145077291859,13:22:25.077,23.0500,100
48313962049924,13:25:13.962,23.0450,100
48313962049924,13:25:13.962,23.0450,100
48345198278514,13:25:45.198,23.0400,100
48345198278514,13:25:45.198,23.0400,100
48345205777394,13:25:45.205,23.0300,100
48391720795463,13:26:31.720,23.0300,200
48391720795463,13:26:31.720,23.0300,100
48397095761018,13:26:37.095,23.0400,100
48458784297900,13:27:38.784,23.0300,100
48458784297900,13:27:38.784,23.0300,100
48594996800546,13:29:54.996,23.0100,100
48594996800546,13:29:54.996,23.0100,100
48594996800546,13:29:54.996,23.0100,200
48594996801551,13:29:54.996,23.0100,400
48594997010136,13:29:54.997,23.0100,200
48601770035770,13:30:01.770,23.0050,100
48601770035770,13:30:01.770,23.0050,100
48601770035770,13:30:01.770,23.0100,500
48601770035770,13:30:01.770,23.0100,100
48603501278574,13:30:03.501,23.0100,100
48603501278574,13:30:03.501,23.0100,100
48603501278574,13:30:03.501,23.0100,100
48603980121836,13:30:03.980,23.0100,100
48603980121836,13:30:03.980,23.0100,100
48603980121836,13:30:03.980,23.0100,100
48603980121836,13:30:03.980,23.0100,100
48603980121836,13:30:03.980,23.0100,300
48603980121836,13:30:03.980,23.0100,100
48605038855403,13:30:05.038,23.0050,100
48605038855403,13:30:05.038,23.0100,100
48605038855403,13:30:05.038,23.0100,100
48605038855403,13:30:05.038,23.0100,100
48605038855403,13:30:05.038,23.0100,400
48605450679374,13:30:05.450,23.0100,100
48605450679374,13:30:05.450,23.0100,500
48605450679374,13:30:05.450,23.0100,100
48605450679374,13:30:05.450,23.0100,100
48608306284947,13:30:08.306,23.0100,100
48656683033342,13:30:56.683,23.0100,100
48695005522278,13:31:35.005,23.0100,100
48790107975516,13:33:10.107,23.0200,100
48790108001172,13:33:10.108,23.0200,400
48790108001172,13:33:10.108,23.0200,100
48906586133906,13:35:06.586,23.0300,100
48906586133906,13:35:06.586,23.0300,200
48906586133906,13:35:06.586,23.0300,100
48906586133906,13:35:06.586,23.0300,100
48906590123949,13:35:06.590,23.0200,100
48906590123949,13:35:06.590,23.0200,16
48906609942648,13:35:06.609,23.0200,100
48906609942648,13:35:06.609,23.0200,100
49053606844977,13:37:33.606,23.0000,12
49053606873090,13:37:33.606,23.0000,488
49053606873090,13:37:33.606,23.0000,100
49053606873090,13:37:33.606,23.0000,200
49054501672310,13:37:34.501,22.9800,100
49060342286509,13:37:40.342,22.9700,100
49060342286509,13:37:40.342,22.9700,100
49060342286509,13:37:40.342,22.9700,100
49237893957558,13:40:37.893,22.9600,4
49237893957558,13:40:37.893,22.9600,100
49237893957558,13:40:37.893,22.9600,150
49349116336299,13:42:29.116,22.9500,200
49349116336299,13:42:29.116,22.9500,100
49349116336299,13:42:29.116,22.9500,200
49349116336299,13:42:29.116,22.9500,89
49349116336299,13:42:29.116,22.9500,100
49349116336299,13:42:29.116,22.9500,200
49349116336299,13:42:29.116,22.9500,100
49352999660462,13:42:32.999,22.9400,100
49352999660462,13:42:32.999,22.9400,200
49353000079309,13:42:33.000,22.9400,100
49353000102373,13:42:33.000,22.9400,100
49353000340950,13:42:33.000,22.9400,200
49353000340950,13:42:33.000,22.9400,100
49353196035932,13:42:33.196,22.9400,200
49371297128902,13:42:51.297,22.9500,100
49371297128902,13:42:51.297,22.9500,100
49371297128902,13:42:51.297,22.9500,100
49371297128902,13:42:51.297,22.9500,800
49371297128902,13:42:51.297,22.9500,100
49371297128902,13:42:51.297,22.9500,100
49371297128902,13:42:51.297,22.9500,100
49450682649369,13:44:10.682,22.9600,100
49450783717345,13:44:10.783,22.9700,100
49450783717345,13:44:10.783,22.9700,100
49456247991593,13:44:16.247,22.9750,2
49460357494339,13:44:20.357,22.9750,1
49462472906861,13:44:22.472,22.9750,1
49495005589201,13:44:55.005,22.9800,100
49555834419745,13:45:55.834,22.9800,51
49560063998897,13:46:00.063,22.9850,26
49656414224622,13:47:36.414,22.9900,100
49810584973792,13:50:10.584,22.9900,100
49810688270841,13:50:10.688,22.9900,100
49834120526692,13:50:34.120,22.9900,100
49834225056699,13:50:34.225,22.9900,100
49843264394833,13:50:43.264,22.9900,100
49843264394833,13:50:43.264,22.9800,100
49843264394833,13:50:43.264,22.9800,167
49843264394833,13:50:43.264,22.9800,309
49843264394833,13:50:43.264,22.9800,100
49843264394833,13:50:43.264,22.9800,100
49843264394833,13:50:43.264,22.9800,100
49843264394833,13:50:43.264,22.9800,100
49912222576232,13:51:52.222,22.9800,100
49912222905550,13:51:52.222,22.9800,300
49912222905550,13:51:52.222,22.9800,100
49912222905550,13:51:52.222,22.9800,100
49912222905550,13:51:52.222,22.9800,100
50084803453306,13:54:44.803,22.9700,156
50084803453306,13:54:44.803,22.9700,100
50090330358487,13:54:50.330,22.9700,200
50090330358487,13:54:50.330,22.9700,100
50090330358487,13:54:50.330,22.9700,600
50091988198679,13:54:51.988,22.9700,100
50091988198679,13:54:51.988,22.9700,29
50244602053980,13:57:24.602,22.9700,100
50273937049971,13:57:53.937,22.9600,100
50274996446724,13:57:54.996,22.9600,78
50274996446724,13:57:54.996,22.9600,100
50353998396154,13:59:13.998,22.9600,171
50353998551352,13:59:13.998,22.9600,7
50364996098352,13:59:24.996,22.9500,200
50364996098352,13:59:24.996,22.9500,200
50364996098352,13:59:24.996,22.9500,300
50364996098352,13:59:24.996,22.9500,400
50364996098352,13:59:24.996,22.9500,500
50364997042355,13:59:24.997,22.9400,100
50364997042355,13:59:24.997,22.9400,100
50365311672995,13:59:25.311,22.9400,100
50367997169691,13:59:27.997,22.9300,100
50371996393830,13:59:31.996,22.9300,100
50371996564108,13:59:31.996,22.9300,100
50384439224235,13:59:44.439,22.9300,100
50384439224235,13:59:44.439,22.9300,100
50395996421940,13:59:55.996,22.9300,100
50400996975428,14:00:00.996,22.9300,100
50402691069363,14:00:02.691,22.9300,200
50402691069363,14:00:02.691,22.9300,100
50402691069363,14:00:02.691,22.9300,100
50402698399448,14:00:02.698,22.9300,100
50408990803895,14:00:08.990,22.9400,100
50408997443837,14:00:08.997,22.9500,38
50409000168564,14:00:09.000,22.9500,62
50413054272956,14:00:13.054,22.9600,100
50453044545982,14:00:53.044,22.9500,46
50466710367393,14:01:06.710,22.9500,71
50466727700757,14:01:06.727,22.9400,80
50512533291719,14:01:52.533,22.9400,107
50512533291719,14:01:52.533,22.9400,100
50512533291719,14:01:52.533,22.9400,100
50512556024323,14:01:52.556,22.9300,14
50513006955493,14:01:53.006,22.9300,86
50513006955493,14:01:53.006,22.9300,14
50513006957819,14:01:53.006,22.9300,86
50513007152394,14:01:53.007,22.9200,100
50513007152394,14:01:53.007,22.9200,100
50513306393712,14:01:53.306,22.9300,100
50528571778618,14:02:08.571,22.9250,100
50528571778618,14:02:08.571,22.9300,100
50528571778618,14:02:08.571,22.9300,44
50528571778618,14:02:08.571,22.9300,56
50528572234677,14:02:08.572,22.9300,44
50528572234677,14:02:08.572,22.9300,56
50528572312786,14:02:08.572,22.9300,44
50535890754977,14:02:15.890,22.9350,100
50535890754977,14:02:15.890,22.9400,100
50535890754977,14:02:15.890,22.9400,100
50535890754977,14:02:15.890,22.9400,100
50536362557065,14:02:16.362,22.9350,100
50537473060947,14:02:17.473,22.9350,200
50537473060947,14:02:17.473,22.9400,86
50537473060947,14:02:17.473,22.9400,100
50537473060947,14:02:17.473,22.9400,41
50537473060947,14:02:17.473,22.9400,273
50559036870324,14:02:39.036,22.9350,200
50559036870324,14:02:39.036,22.9400,100
50559036870324,14:02:39.036,22.9400,100
50559504053059,14:02:39.504,22.9350,100
50559504607856,14:02:39.504,22.9400,100
50572271873893,14:02:52.271,22.9450,100
50576397285884,14:02:56.397,22.9450,200
50576397285884,14:02:56.397,22.9500,100
50636346771942,14:03:56.346,22.9650,200
50636346779356,14:03:56.346,22.9700,100
50652624605213,14:04:12.624,22.9750,200
50652624605213,14:04:12.624,22.9800,200
50652628107460,14:04:12.628,22.9800,200
50652633675037,14:04:12.633,22.9800,100
50652633675037,14:04:12.633,22.9800,300
50652633675037,14:04:12.633,22.9800,300
50652633675037,14:04:12.633,22.9800,100
50652633675037,14:04:12.633,22.9800,100
50654531253166,14:04:14.531,22.9750,100
50654531253166,14:04:14.531,22.9800,400
50701619120266,14:05:01.619,22.9800,158
50712931245311,14:05:12.931,22.9800,300
50712931245311,14:05:12.931,22.9800,100
50736411919387,14:05:36.411,22.9700,100
50736411919387,14:05:36.411,22.9700,92
50736411925937,14:05:36.411,22.9700,95
50736411925937,14:05:36.411,22.9700,100
50736411925937,14:05:36.411,22.9700,28
50736411936725,14:05:36.411,22.9700,45
50736411936725,14:05:36.411,22.9700,100
50759243182031,14:05:59.243,22.9700,72
50759243182031,14:05:59.243,22.9700,28
50759244787721,14:05:59.244,22.9700,100
50759245269292,14:05:59.245,22.9700,23
50759245269292,14:05:59.245,22.9700,77
50759245660200,14:05:59.245,22.9700,123
50759245660200,14:05:59.245,22.9700,100
50759245660200,14:05:59.245,22.9700,100
50759766148093,14:05:59.766,22.9700,300
50759766148093,14:05:59.766,22.9700,218
50759766148093,14:05:59.766,22.9700,182
50759766320047,14:05:59.766,22.9700,36
50766781041454,14:06:06.781,22.9800,100
50808378675225,14:06:48.378,22.9800,12
50808378755814,14:06:48.378,22.9800,12
50825339245926,14:07:05.339,22.9800,176
50825339245926,14:07:05.339,22.9800,100
50825339245926,14:07:05.339,22.9800,224
50825339336328,14:07:05.339,22.9800,76
50825339485104,14:07:05.339,22.9800,14
50825339750704,14:07:05.339,22.9800,286
50825339773858,14:07:05.339,22.9800,286
50825723197865,14:07:05.723,22.9800,100
50825727951053,14:07:05.727,22.9800,300
50825727951053,14:07:05.727,22.9800,500
50826103591639,14:07:06.103,22.9800,200
50838790623155,14:07:18.790,22.9800,100
50838790623155,14:07:18.790,22.9800,83
50857165540711,14:07:37.165,22.9800,517
50857165540711,14:07:37.165,22.9800,100
50857165540711,14:07:37.165,22.9800,183
50880989552029,14:08:00.989,22.9800,100
50941504844034,14:09:01.504,22.9800,200
50941504844034,14:09:01.504,22.9800,504
50941504844034,14:09:01.504,22.9800,696
50941504929513,14:09:01.504,22.9800,4
50941512989576,14:09:01.512,22.9800,100
50941589799755,14:09:01.589,22.9800,200
50941741634770,14:09:01.741,22.9800,200
50941745613018,14:09:01.745,22.9800,200
50941745613018,14:09:01.745,22.9800,200
50941747876664,14:09:01.747,22.9800,200
50941747876664,14:09:01.747,22.9800,200
50941757052252,14:09:01.757,22.9800,200
50941757052252,14:09:01.757,22.9800,200
50941837233681,14:09:01.837,22.9800,100
50941842527252,14:09:01.842,22.9800,100
50941852154079,14:09:01.852,22.9800,600
50941855065632,14:09:01.855,22.9800,22
50941997429950,14:09:01.997,22.9800,78
50941997429950,14:09:01.997,22.9800,200
50942194059860,14:09:02.194,22.9800,200
50942194059860,14:09:02.194,22.9800,22
50945368116101,14:09:05.368,22.9800,78
50947836141680,14:09:07.836,22.9900,62
50952985658846,14:09:12.985,22.9900,15
50968226870003,14:09:28.226,22.9800,100
50968226933235,14:09:28.226,22.9800,100
50968226933235,14:09:28.226,22.9800,100
50968226952136,14:09:28.226,22.9800,62
50981329102767,14:09:41.329,22.9800,100
50981329102767,14:09:41.329,22.9800,100
50999707574336,14:09:59.707,22.9800,100
50999707574336,14:09:59.707,22.9800,189
51034820547192,14:10:34.820,22.9900,100
51034820547192,14:10:34.820,22.9900,100
51040573224944,14:10:40.573,23.0000,100
51040573224944,14:10:40.573,23.0000,100
51065135984584,14:11:05.135,23.0100,100
51079337834215,14:11:19.337,23.0100,100
51090009801956,14:11:30.009,23.0200,200
51154206645291,14:12:34.206,23.0300,100
51156960603867,14:12:36.960,23.0250,200
51195008461592,14:13:15.008,23.0300,100
51195008461592,14:13:15.008,23.0300,100
51195008461592,14:13:15.008,23.0300,100
51242811759070,14:14:02.811,23.0400,100
51256659524053,14:14:16.659,23.0400,100
51256665709809,14:14:16.665,23.0400,100
51280010417930,14:14:40.010,23.0500,200
51300162210344,14:15:00.162,23.0400,100
51300162210344,14:15:00.162,23.0400,100
51300179483605,14:15:00.179,23.0400,49
51300183563185,14:15:00.183,23.0400,48
51300208947747,14:15:00.208,23.0300,100
51300208947747,14:15:00.208,23.0300,100
51300208947747,14:15:00.208,23.0300,100
51300210491170,14:15:00.210,23.0300,100
51345783443373,14:15:45.783,23.0200,100
51345783783141,14:15:45.783,23.0200,100
51346802038546,14:15:46.802,23.0200,100
51346802038546,14:15:46.802,23.0200,100
51366181376198,14:16:06.181,23.0200,200
51427675175117,14:17:07.675,23.0300,100
51427675175117,14:17:07.675,23.0300,100
51427675175117,14:17:07.675,23.0300,23
51427675182600,14:17:07.675,23.0300,77
51430041729716,14:17:10.041,23.0400,100
51481903660917,14:18:01.903,23.0500,90
51495741039899,14:18:15.741,23.0500,110
51495741039899,14:18:15.741,23.0500,190
51508507468802,14:18:28.507,23.0550,100
51510284523322,14:18:30.284,23.0600,100
51515846717661,14:18:35.846,23.0600,100
51515846717661,14:18:35.846,23.0600,200
51558333926753,14:19:18.333,23.0600,300
51563387223981,14:19:23.387,23.0700,100
51564729514408,14:19:24.729,23.0700,117
51564729581169,14:19:24.729,23.0700,183
51564729581169,14:19:24.729,23.0700,600
51565850759099,14:19:25.850,23.0700,100
51594155910187,14:19:54.155,23.0700,100
51594155910187,14:19:54.155,23.0700,100
51594156316527,14:19:54.156,23.0700,100
51635664400839,14:20:35.664,23.0600,100
51635664400839,14:20:35.664,23.0600,100
51637996770851,14:20:37.996,23.0500,100
51637996770851,14:20:37.996,23.0500,100
51660000570821,14:21:00.000,23.0500,12
51660000605515,14:21:00.000,23.0500,88
51660000605515,14:21:00.000,23.0500,372
51660000674392,14:21:00.000,23.0500,8
51660000699054,14:21:00.000,23.0500,20
51662706545433,14:21:02.706,23.0600,100
51662706545433,14:21:02.706,23.0600,400
51662706545433,14:21:02.706,23.0700,200
51662706545433,14:21:02.706,23.0700,300
51662706545433,14:21:02.706,23.0700,100
51662706545433,14:21:02.706,23.0800,100
51662706545433,14:21:02.706,23.0800,141
51662711821177,14:21:02.711,23.0900,100
51662711821177,14:21:02.711,23.0900,400
51662718482339,14:21:02.718,23.0900,100
51664842286164,14:21:04.842,23.0900,100
51715218805663,14:21:55.218,23.0900,23
51715218975444,14:21:55.218,23.0900,77
51715270498510,14:21:55.270,23.1000,100
51715270498510,14:21:55.270,23.1000,100
51866066845240,14:24:26.066,23.1000,100
51866066845240,14:24:26.066,23.1000,100
51872996572145,14:24:32.996,23.0900,100
51875993344499,14:24:35.993,23.0900,100
51877047999392,14:24:37.047,23.0900,100
51917951657077,14:25:17.951,23.1100,100
51956833435045,14:25:56.833,23.1100,100
52009085196825,14:26:49.085,23.1100,44
52009085224826,14:26:49.085,23.1100,56
52009085224826,14:26:49.085,23.1100,100
52009087285867,14:26:49.087,23.1000,100
52009087285867,14:26:49.087,23.1000,46
52009087393955,14:26:49.087,23.1000,54
52009087393955,14:26:49.087,23.1000,100
52042448711135,14:27:22.448,23.0900,100
52085277429699,14:28:05.277,23.0900,400
52085277544386,14:28:05.277,23.0900,100
52085277544386,14:28:05.277,23.0900,200
52085277544386,14:28:05.277,23.0900,100
52104646757815,14:28:24.646,23.0900,300
52104665383980,14:28:24.665,23.0900,573
52109018833286,14:28:29.018,23.0900,27
52109018833286,14:28:29.018,23.0900,90
52245004633796,14:30:45.004,23.0900,200
52274782567530,14:31:14.782,23.0900,200
52290769585015,14:31:30.769,23.1000,18
52290769585015,14:31:30.769,23.1000,100
52290770084214,14:31:30.770,23.1000,100
52294987986184,14:31:34.987,23.0900,100
52294987986184,14:31:34.987,23.0900,100
52307280418889,14:31:47.280,23.0900,200
52307280448126,14:31:47.280,23.0900,200
52335361596376,14:32:15.361,23.1000,100
52335361596376,14:32:15.361,23.1000,100
52335361596376,14:32:15.361,23.1000,100
52356019968047,14:32:36.019,23.1000,100
52356019968047,14:32:36.019,23.1000,200
52356023604852,14:32:36.023,23.0900,100
52356023604852,14:32:36.023,23.0900,100
52356023604852,14:32:36.023,23.0900,100
52356040456147,14:32:36.040,23.1000,600
52356040456147,14:32:36.040,23.1000,100
52356040456147,14:32:36.040,23.1000,100
52356040456147,14:32:36.040,23.1000,100
52356040456147,14:32:36.040,23.1000,200
52356040456147,14:32:36.040,23.1000,100
52356040456147,14:32:36.040,23.1000,100
52364286397686,14:32:44.286,23.1100,100
52364286397686,14:32:44.286,23.1100,100
52364299733083,14:32:44.299,23.1100,100
52364589246812,14:32:44.589,23.1000,100
52364589246812,14:32:44.589,23.1000,200
52364589903773,14:32:44.589,23.1000,100
52364589903773,14:32:44.589,23.1000,262
52377427491085,14:32:57.427,23.1000,100
52394908097061,14:33:14.908,23.1100,100
52438295394234,14:33:58.295,23.1200,100
52438295394234,14:33:58.295,23.1200,100
52438295394234,14:33:58.295,23.1200,100
52476987361714,14:34:36.987,23.1200,900
52480996667768,14:34:40.996,23.1100,200
52480996667768,14:34:40.996,23.1100,100
52562031342208,14:36:02.031,23.1000,100
52562031342208,14:36:02.031,23.1000,100
52567286518367,14:36:07.286,23.0800,100
52578370703433,14:36:18.370,23.0800,100
52578370703433,14:36:18.370,23.0800,100
52578370703433,14:36:18.370,23.0800,100
52578370703433,14:36:18.370,23.0800,100
52579126586071,14:36:19.126,23.0900,45
52611030054645,14:36:51.030,23.0800,100
52611030054645,14:36:51.030,23.0800,100
52611773652048,14:36:51.773,23.0800,200
52617997785914,14:36:57.997,23.0700,100
52617997785914,14:36:57.997,23.0700,100
52617997785914,14:36:57.997,23.0700,200
52617997855927,14:36:57.997,23.0700,17
52644691328590,14:37:24.691,23.0700,200
52644692913203,14:37:24.692,23.0800,100
52655266468413,14:37:35.266,23.0800,50
52655266468413,14:37:35.266,23.0800,50
52655266468413,14:37:35.266,23.0800,67
52655266468413,14:37:35.266,23.0800,33
52666467791157,14:37:46.467,23.0800,100
52666467791157,14:37:46.467,23.0800,100
52682107374632,14:38:02.107,23.0900,100
52682107374632,14:38:02.107,23.0900,200
52690907577789,14:38:10.907,23.1000,100
52722111008223,14:38:42.111,23.1050,100
52722111008223,14:38:42.111,23.1000,100
52722111008223,14:38:42.111,23.1000,100
52722111008223,14:38:42.111,23.1000,300
52722216498215,14:38:42.216,23.1000,100
52740348297678,14:39:00.348,23.1100,300
52740348297678,14:39:00.348,23.1100,100
52740750128931,14:39:00.750,23.1100,100
52740750128931,14:39:00.750,23.1100,100
52758239687663,14:39:18.239,23.1000,100
52758239687663,14:39:18.239,23.1000,124
52758239720166,14:39:18.239,23.1000,76
52763233598189,14:39:23.233,23.1000,100
52781655717006,14:39:41.655,23.1000,90
52781655782291,14:39:41.655,23.1000,10
52831784219483,14:40:31.784,23.1000,300
52832023953381,14:40:32.023,23.0900,100
52832023953381,14:40:32.023,23.0900,300
52832023953381,14:40:32.023,23.0900,100
52858209958531,14:40:58.209,23.0900,197
52858209960497,14:40:58.209,23.0900,103
52858209960497,14:40:58.209,23.0900,100
52858215491767,14:40:58.215,23.1000,300
52858216713557,14:40:58.216,23.1000,400
52873250957664,14:41:13.250,23.1000,100
52895937896773,14:41:35.937,23.0900,89
52919341174460,14:41:59.341,23.1000,64
52919341215276,14:41:59.341,23.1000,100
52919430662375,14:41:59.430,23.1000,100
52919430707360,14:41:59.430,23.1000,36
52927215552265,14:42:07.215,23.1100,100
52958443181664,14:42:38.443,23.1100,100
52976998081269,14:42:56.998,23.0900,100
52983430085259,14:43:03.430,23.0900,100
52983430085259,14:43:03.430,23.0900,14
52983430085259,14:43:03.430,23.0900,400
52983430085259,14:43:03.430,23.0900,400
52987932496953,14:43:07.932,23.0950,100
52995934511774,14:43:15.934,23.0900,46
52995934541184,14:43:15.934,23.0900,154
52995934541184,14:43:15.934,23.0900,100
52996697960137,14:43:16.697,23.0800,33
52996697986682,14:43:16.697,23.0800,67
52996697986682,14:43:16.697,23.0800,100
52996697986682,14:43:16.697,23.0800,100
52996697986682,14:43:16.697,23.0800,100
52996697986682,14:43:16.697,23.0800,100
52996697986682,14:43:16.697,23.0800,100
52996698032405,14:43:16.698,23.0800,100
53033965795341,14:43:53.965,23.0800,100
53033965795341,14:43:53.965,23.0800,2
53033965795341,14:43:53.965,23.0800,100
53033965904976,14:43:53.965,23.0800,80
53065269041069,14:44:25.269,23.1000,100
53065269066909,14:44:25.269,23.1000,200
53065269066909,14:44:25.269,23.1000,100
53066493533881,14:44:26.493,23.1100,100
53067581068584,14:44:27.581,23.1100,100
53073184580309,14:44:33.184,23.1100,100
53112212694578,14:45:12.212,23.1050,100
53112212694578,14:45:12.212,23.1000,100
53189285903221,14:46:29.285,23.1000,100
53189285903221,14:46:29.285,23.1000,100
53189285903221,14:46:29.285,23.1000,13
53189285904640,14:46:29.285,23.1000,187
53189285904640,14:46:29.285,23.1000,25
53189286015583,14:46:29.286,23.1000,175
53189286016333,14:46:29.286,23.1000,45
53189286027699,14:46:29.286,23.1000,175
53189286658699,14:46:29.286,23.1000,100
53189287970698,14:46:29.287,23.1000,100
53189289182532,14:46:29.289,23.1000,100
53189289227483,14:46:29.289,23.1000,26
53189289511077,14:46:29.289,23.1000,175
53189303239562,14:46:29.303,23.1000,179
53190269903677,14:46:30.269,23.1100,100
53190269903677,14:46:30.269,23.1100,100
53190269903677,14:46:30.269,23.1100,300
53191071007417,14:46:31.071,23.1100,9
53192383416241,14:46:32.383,23.1100,91
53192383416241,14:46:32.383,23.1100,100
53278709391006,14:47:58.709,23.1000,100
53278709391006,14:47:58.709,23.1000,100
53278709391006,14:47:58.709,23.1000,100
53278709391006,14:47:58.709,23.1000,100
53278709391006,14:47:58.709,23.1000,100
53281771814301,14:48:01.771,23.1100,300
53281771814301,14:48:01.771,23.1100,200
53281771814301,14:48:01.771,23.1100,1
53281771814301,14:48:01.771,23.1100,17
53281771841372,14:48:01.771,23.1100,283
53281771866430,14:48:01.771,23.1100,283
53281772068218,14:48:01.772,23.1100,200
53281772068218,14:48:01.772,23.1100,200
53281772244976,14:48:01.772,23.1100,100
53281772244976,14:48:01.772,23.1100,100
53281772244976,14:48:01.772,23.1100,100
53281772244976,14:48:01.772,23.1100,17
53281911031611,14:48:01.911,23.1200,100
53301121045326,14:48:21.121,23.1200,100
53301121045326,14:48:21.121,23.1200,200
53302042443358,14:48:22.042,23.1200,100
53302042443358,14:48:22.042,23.1200,200
53318505805505,14:48:38.505,23.1300,100
53318510546027,14:48:38.510,23.1300,100
53318510546027,14:48:38.510,23.1300,100
53318510546027,14:48:38.510,23.1300,200
53318511001261,14:48:38.511,23.1300,105
53318511014727,14:48:38.511,23.1300,95
53319012753374,14:48:39.012,23.1300,50
53320799548927,14:48:40.799,23.1300,100
53321297290532,14:48:41.297,23.1300,100
53321297290532,14:48:41.297,23.1300,100
53352143479793,14:49:12.143,23.1500,100
53355010498823,14:49:15.010,23.1500,94
53391091147059,14:49:51.091,23.1500,100
53425927229247,14:50:25.927,23.1450,100
53425927229247,14:50:25.927,23.1450,100
53425931206732,14:50:25.931,23.1450,100
53425931307250,14:50:25.931,23.1450,100
53451013731893,14:50:51.013,23.1450,328
53451013731893,14:50:51.013,23.1400,72
53451013758518,14:50:51.013,23.1400,28
53451013758518,14:50:51.013,23.1400,100
53451013758518,14:50:51.013,23.1400,100
53458438793889,14:50:58.438,23.1400,1
53465386960443,14:51:05.386,23.1400,100
53465386960443,14:51:05.386,23.1350,100
53465386960443,14:51:05.386,23.1300,200
53465386960443,14:51:05.386,23.1300,100
53465386960443,14:51:05.386,23.1300,100
53465386960443,14:51:05.386,23.1300,100
53465387098971,14:51:05.387,23.1300,21
53465387276238,14:51:05.387,23.1300,200
53465387501449,14:51:05.387,23.1300,100
53527820608858,14:52:07.820,23.1300,100
53527820625927,14:52:07.820,23.1300,100
53527820633685,14:52:07.820,23.1300,200
53542029847730,14:52:22.029,23.1400,300
53542029847730,14:52:22.029,23.1400,100
53543015006858,14:52:23.015,23.1450,300
53555988794616,14:52:35.988,23.1500,100
53555988794616,14:52:35.988,23.1400,100
53555988794616,14:52:35.988,23.1400,100
53555988794616,14:52:35.988,23.1400,700
53555988794616,14:52:35.988,23.1400,100
53555988928427,14:52:35.988,23.1400,100
53555988936540,14:52:35.988,23.1400,94
53555989298287,14:52:35.989,23.1400,100
53555989298287,14:52:35.989,23.1400,100
53556582028289,14:52:36.582,23.1400,9
53654584374841,14:54:14.584,23.1500,100
53654584374841,14:54:14.584,23.1500,100
53654584374841,14:54:14.584,23.1500,100
53654584374841,14:54:14.584,23.1500,100
53654584374841,14:54:14.584,23.1500,100
53654584374841,14:54:14.584,23.1500,100
53654584830341,14:54:14.584,23.1500,100
53654592438994,14:54:14.592,23.1500,100
53654594721891,14:54:14.594,23.1500,100
53654699071721,14:54:14.699,23.1500,200
53733433366723,14:55:33.433,23.1500,100
53740996675258,14:55:40.996,23.1400,100
53740996702197,14:55:40.996,23.1400,200
53740996702197,14:55:40.996,23.1400,100
53748755377763,14:55:48.755,23.1300,100
53755997664059,14:55:55.997,23.1250,210
53755997664059,14:55:55.997,23.1200,90
53758997156898,14:55:58.997,23.1200,10
53758997156898,14:55:58.997,23.1200,100
53758997156898,14:55:58.997,23.1200,100
53758997156898,14:55:58.997,23.1200,90
53758997210969,14:55:58.997,23.1200,10
53804606783164,14:56:44.606,23.1200,100
53804606783164,14:56:44.606,23.1200,200
53804606783164,14:56:44.606,23.1200,100
53805658472679,14:56:45.658,23.1200,3
53815696408026,14:56:55.696,23.1200,100
53815696408026,14:56:55.696,23.1200,300
53815799243932,14:56:55.799,23.1100,3
53822072378316,14:57:02.072,23.1100,200
53830802436830,14:57:10.802,23.1000,100
53830802436830,14:57:10.802,23.1000,96
53838898604857,14:57:18.898,23.0900,5
54051262312567,15:00:51.262,23.1000,100
54051262473522,15:00:51.262,23.1000,100
54051262473522,15:00:51.262,23.1000,100
54054313421469,15:00:54.313,23.1100,100
54081997127523,15:01:21.997,23.1000,100
54081997127523,15:01:21.997,23.1000,300
54081997127523,15:01:21.997,23.1000,12
54085491532524,15:01:25.491,23.1000,100
54087988029319,15:01:27.988,23.1000,100
54087988029319,15:01:27.988,23.1000,100
54087988085712,15:01:27.988,23.1000,200
54087988524889,15:01:27.988,23.1000,100
54087988557040,15:01:27.988,23.1000,100
54099524498109,15:01:39.524,23.1100,500
54099524498109,15:01:39.524,23.1100,100
54099529572134,15:01:39.529,23.1200,200
54099529572134,15:01:39.529,23.1200,400
54099529572134,15:01:39.529,23.1200,100
54099529572134,15:01:39.529,23.1200,100
54099529572134,15:01:39.529,23.1200,100
54099529702909,15:01:39.529,23.1200,100
54099532358196,15:01:39.532,23.1200,100
54099532358196,15:01:39.532,23.1200,100
54155536449985,15:02:35.536,23.1100,100
54200807000644,15:03:20.807,23.1000,100
54200807000644,15:03:20.807,23.1000,100
54310175435833,15:05:10.175,23.0950,100
54310175435833,15:05:10.175,23.0900,95
54310175435833,15:05:10.175,23.0900,100
54310175438327,15:05:10.175,23.0900,100
54316996514487,15:05:16.996,23.0800,100
54316996998955,15:05:16.996,23.0800,100
54316996998955,15:05:16.996,23.0800,200
54351763317423,15:05:51.763,23.0700,40
54351763317423,15:05:51.763,23.0700,60
54351763317423,15:05:51.763,23.0700,22
54351763840766,15:05:51.763,23.0700,100
54351764267952,15:05:51.764,23.0600,300
54351764267952,15:05:51.764,23.0600,100
54351764267952,15:05:51.764,23.0600,100
54351764267952,15:05:51.764,23.0600,22
54351764526743,15:05:51.764,23.0600,76
54351764623152,15:05:51.764,23.0600,2
54351764623152,15:05:51.764,23.0600,66
54351764800961,15:05:51.764,23.0600,10
54351765019224,15:05:51.765,23.0600,24
54351766263793,15:05:51.766,23.0600,100
54352092346805,15:05:52.092,23.0600,100
54385733427004,15:06:25.733,23.0500,100
54413299625557,15:06:53.299,23.0600,100
54413305109034,15:06:53.305,23.0600,100
54415125032999,15:06:55.125,23.0550,100
54437444591086,15:07:17.444,23.0500,42
54437444591086,15:07:17.444,23.0500,100
54438446256853,15:07:18.446,23.0500,100
54438446256853,15:07:18.446,23.0500,3
54438446256853,15:07:18.446,23.0500,300
54443616533144,15:07:23.616,23.0600,92
54443616557685,15:07:23.616,23.0600,108
54443721090129,15:07:23.721,23.0700,100
54513378084367,15:08:33.378,23.0800,100
54513378084367,15:08:33.378,23.0800,67
54513378297886,15:08:33.378,23.0800,100
54513378397045,15:08:33.378,23.0800,33
54513383774396,15:08:33.383,23.0800,100
54526289746775,15:08:46.289,23.0700,100
54543997538384,15:09:03.997,23.0700,100
54544173166983,15:09:04.173,23.0700,200
54635858523353,15:10:35.858,23.0600,100
54635861935860,15:10:35.861,23.0500,6
54665954487582,15:11:05.954,23.0500,100
54665954487582,15:11:05.954,23.0500,100
54665954487582,15:11:05.954,23.0500,47
54666025964050,15:11:06.025,23.0400,100
54666025964050,15:11:06.025,23.0400,400
54666025964050,15:11:06.025,23.0400,100
54691729371716,15:11:31.729,23.0400,28
54700377083407,15:11:40.377,23.0450,100
54703863667392,15:11:43.863,23.0500,200
54703863851653,15:11:43.863,23.0500,500
54704047223059,15:11:44.047,23.0600,100
54713158130328,15:11:53.158,23.0550,100
54713158187072,15:11:53.158,23.0500,100
54713158187072,15:11:53.158,23.0500,200
54713158647994,15:11:53.158,23.0500,100
54713158647994,15:11:53.158,23.0500,100
54713158647994,15:11:53.158,23.0500,100
54743567979018,15:12:23.567,23.0550,100
54744086296409,15:12:24.086,23.0500,10
54744086296409,15:12:24.086,23.0500,200
54744086296409,15:12:24.086,23.0500,100
54744086296409,15:12:24.086,23.0500,100
54744186058368,15:12:24.186,23.0500,100
54744186058368,15:12:24.186,23.0500,200
54744186058368,15:12:24.186,23.0500,100
54773633925179,15:12:53.633,23.0600,97
54773634329217,15:12:53.634,23.0600,3
54807231737926,15:13:27.231,23.0700,100
54808166332162,15:13:28.166,23.0800,100
54808174409576,15:13:28.174,23.0800,100
54808174479327,15:13:28.174,23.0800,100
54850004506957,15:14:10.004,23.0900,200
54850004506957,15:14:10.004,23.0900,100
54850004506957,15:14:10.004,23.0900,100
54852064736376,15:14:12.064,23.1000,100
54852064736376,15:14:12.064,23.1000,100
54861320058312,15:14:21.320,23.1000,100
54861320058312,15:14:21.320,23.1000,200
54861320058312,15:14:21.320,23.1000,72
54871415168779,15:14:31.415,23.0900,177
54871415168779,15:14:31.415,23.0900,100
54871415168779,15:14:31.415,23.0900,100
54871415168779,15:14:31.415,23.0900,100
54891419310013,15:14:51.419,23.0800,100
54894997162525,15:14:54.997,23.0700,100
54898741504533,15:14:58.741,23.0600,45
54898742198052,15:14:58.742,23.0600,55
54898902678624,15:14:58.902,23.0600,62
54945257711637,15:15:45.257,23.0700,100
54945257711637,15:15:45.257,23.0700,100
54945258592339,15:15:45.258,23.0700,100
54947872625346,15:15:47.872,23.0900,100
54947876576094,15:15:47.876,23.0900,100
54947881682253,15:15:47.881,23.0900,100
54949326648930,15:15:49.326,23.0900,100
54949326648930,15:15:49.326,23.0900,200
54949326648930,15:15:49.326,23.0900,100
54949326648930,15:15:49.326,23.0900,100
54949326648930,15:15:49.326,23.0900,100
54949327859591,15:15:49.327,23.0900,100
54949342125777,15:15:49.342,23.0900,100
54949342125777,15:15:49.342,23.0900,100
54953249879976,15:15:53.249,23.1000,100
54953249879976,15:15:53.249,23.1000,100
54953249879976,15:15:53.249,23.1000,100
54953249879976,15:15:53.249,23.1000,300
54953249879976,15:15:53.249,23.1000,100
54959159800062,15:15:59.159,23.1100,200
54959159800062,15:15:59.159,23.1100,100
54959159800062,15:15:59.159,23.1100,100
54972333463028,15:16:12.333,23.1200,100
54995473058745,15:16:35.473,23.1100,100
54995473058745,15:16:35.473,23.1100,100
54995473058745,15:16:35.473,23.1100,100
54995473058745,15:16:35.473,23.1100,170
54995473058745,15:16:35.473,23.1100,100
54996813748661,15:16:36.813,23.0800,100
54996813748661,15:16:36.813,23.0800,45
54996814811538,15:16:36.814,23.0800,100
54996814811538,15:16:36.814,23.0800,144
54996815072033,15:16:36.815,23.0800,18
55061780237355,15:17:41.780,23.0950,100
55067930901856,15:17:47.930,23.0900,100
55100911453906,15:18:20.911,23.0900,100
55101873845192,15:18:21.873,23.1000,100
55113098597849,15:18:33.098,23.1000,100
55113859298725,15:18:33.859,23.1000,86
55114823862103,15:18:34.823,23.1000,100
55115908867107,15:18:35.908,23.1000,100
55126284683339,15:18:46.284,23.1000,14
55126284683339,15:18:46.284,23.1000,86
55188493747147,15:19:48.493,23.1100,100
55188493747147,15:19:48.493,23.1100,100
55190886912456,15:19:50.886,23.1150,15
55190886912456,15:19:50.886,23.1150,85
55190886912456,15:19:50.886,23.1100,218
55190886912456,15:19:50.886,23.1100,218
55190887405499,15:19:50.887,23.1100,100
55190887405499,15:19:50.887,23.1100,100
55190887405499,15:19:50.887,23.1100,200
55204718959311,15:20:04.718,23.1200,100
55204718959311,15:20:04.718,23.1200,100
55204718990448,15:20:04.718,23.1200,131
55237518131570,15:20:37.518,23.1300,90
55237519030118,15:20:37.519,23.1300,10
55237519030118,15:20:37.519,23.1300,217
55287201275838,15:21:27.201,23.1300,100
55287201275838,15:21:27.201,23.1300,100
55287201275838,15:21:27.201,23.1300,100
55287201275838,15:21:27.201,23.1300,100
55287201275838,15:21:27.201,23.1300,82
55287201278422,15:21:27.201,23.1300,108
55287201278422,15:21:27.201,23.1300,100
55287201725025,15:21:27.201,23.1200,317
55287201726337,15:21:27.201,23.1200,373
55287201829583,15:21:27.201,23.1200,100
55288515788808,15:21:28.515,23.1100,100
55288515788808,15:21:28.515,23.1100,100
55296701626500,15:21:36.701,23.0900,30
55387393594032,15:23:07.393,23.0900,100
55387393640602,15:23:07.393,23.0900,100
55387393640602,15:23:07.393,23.0900,21
55387393644541,15:23:07.393,23.0900,17
55469996941923,15:24:29.996,23.0800,200
55469996941923,15:24:29.996,23.0800,139
55469996941923,15:24:29.996,23.0800,79
55478997001128,15:24:38.997,23.0700,100
55486998280375,15:24:46.998,23.0600,200
55494997017445,15:24:54.997,23.0600,100
55499123961780,15:24:59.123,23.0600,200
55499123961780,15:24:59.123,23.0600,100
55501489598682,15:25:01.489,23.0700,24
55509264341394,15:25:09.264,23.0700,100
55509264341394,15:25:09.264,23.0700,100
55509264341394,15:25:09.264,23.0700,100
55509264341394,15:25:09.264,23.0700,100
55509270636687,15:25:09.270,23.0600,100
55509270636687,15:25:09.270,23.0600,100
55509270636687,15:25:09.270,23.0600,300
55509270636687,15:25:09.270,23.0600,100
55509270715224,15:25:09.270,23.0600,100
55509276378709,15:25:09.276,23.0550,100
55509276378709,15:25:09.276,23.0550,100
55509276378709,15:25:09.276,23.0500,100
55509276378709,15:25:09.276,23.0500,300
55509276378709,15:25:09.276,23.0500,51
55509276583324,15:25:09.276,23.0500,100
55509276583324,15:25:09.276,23.0500,100
55509276583324,15:25:09.276,23.0500,300
55509283085369,15:25:09.283,23.0500,100
55509283085369,15:25:09.283,23.0500,100
55509283085369,15:25:09.283,23.0500,200
55509287274870,15:25:09.287,23.0400,300
55509287274870,15:25:09.287,23.0400,100
55509287274870,15:25:09.287,23.0400,100
55509287274870,15:25:09.287,23.0400,100
55509287274870,15:25:09.287,23.0400,100
55509287274870,15:25:09.287,23.0400,100
55509288597881,15:25:09.288,23.0400,100
55509288597881,15:25:09.288,23.0400,500
55509288597881,15:25:09.288,23.0400,100
55509288597881,15:25:09.288,23.0400,100
55509288597881,15:25:09.288,23.0400,1000
55509288597881,15:25:09.288,23.0400,200
55509385798314,15:25:09.385,23.0500,100
55509812776871,15:25:09.812,23.0500,100
55602871768294,15:26:42.871,23.0500,100
55602871768294,15:26:42.871,23.0500,171
55602871768294,15:26:42.871,23.0500,29
55602871870146,15:26:42.871,23.0500,71
55602885719290,15:26:42.885,23.0500,200
55602885743856,15:26:42.885,23.0500,24
55603637903332,15:26:43.637,23.0600,100
55603637903332,15:26:43.637,23.0600,100
55603637903332,15:26:43.637,23.0600,100
55619275902149,15:26:59.275,23.0500,100
55671804153762,15:27:51.804,23.0600,100
55672811495322,15:27:52.811,23.0700,100
55672811519540,15:27:52.811,23.0700,100
55676537107791,15:27:56.537,23.0800,100
55685246603643,15:28:05.246,23.0900,100
55685246642963,15:28:05.246,23.0900,122
55685257363169,15:28:05.257,23.1000,100
55686823767954,15:28:06.823,23.1000,100
55700720167104,15:28:20.720,23.0900,100
55700720167104,15:28:20.720,23.0900,100
55700720167104,15:28:20.720,23.0900,49
55700720167104,15:28:20.720,23.0900,51
55706653823247,15:28:26.653,23.0900,92
55735074623436,15:28:55.074,23.0800,72
55735074647906,15:28:55.074,23.0800,28
55748996248659,15:29:08.996,23.0700,100
55748996248659,15:29:08.996,23.0700,100
55757477500475,15:29:17.477,23.0500,70
55757477614414,15:29:17.477,23.0500,30
55757477614414,15:29:17.477,23.0500,100
55757478851273,15:29:17.478,23.0500,2
55757479009866,15:29:17.479,23.0500,98
55758477964878,15:29:18.477,23.0500,100
55758477964878,15:29:18.477,23.0500,100
55822389200116,15:30:22.389,23.0500,100
55822394603405,15:30:22.394,23.0400,100
55826137984325,15:30:26.137,23.0400,100
55826146450862,15:30:26.146,23.0400,100
55826146450862,15:30:26.146,23.0400,100
55826146636620,15:30:26.146,23.0400,90
55826146689352,15:30:26.146,23.0400,110
55826146689352,15:30:26.146,23.0400,3
55872399791537,15:31:12.399,23.0500,100
55914391663723,15:31:54.391,23.0700,100
55914393038812,15:31:54.393,23.0700,100
55920772362339,15:32:00.772,23.0700,100
55920772362339,15:32:00.772,23.0700,100
55920772362339,15:32:00.772,23.0700,100
55920772362339,15:32:00.772,23.0700,100
55924923886647,15:32:04.923,23.0600,100
55924923886647,15:32:04.923,23.0600,200
55924923886647,15:32:04.923,23.0600,192
55933784068462,15:32:13.784,23.0500,400
55940196832473,15:32:20.196,23.0400,100
55940197289898,15:32:20.197,23.0400,100
55953987232776,15:32:33.987,23.0300,200
55956988618940,15:32:36.988,23.0300,100
55960196818218,15:32:40.196,23.0200,100
55960197161796,15:32:40.197,23.0200,100
55960197161796,15:32:40.197,23.0200,100
55960197161796,15:32:40.197,23.0200,200
55960197161796,15:32:40.197,23.0200,100
55987763253940,15:33:07.763,23.0100,100
55987763692916,15:33:07.763,23.0100,91
56008110494369,15:33:28.110,23.0100,100
56008110494369,15:33:28.110,23.0100,100
56008110494369,15:33:28.110,23.0100,300
56008110494369,15:33:28.110,23.0100,100
56040628427841,15:34:00.628,23.0100,100
56040628495064,15:34:00.628,23.0100,100
56040628575861,15:34:00.628,23.0100,100
56040628575861,15:34:00.628,23.0100,100
56040628575861,15:34:00.628,23.0100,100
56125642122493,15:35:25.642,23.0100,100
56125642149721,15:35:25.642,23.0100,100
56125642149721,15:35:25.642,23.0100,4
56125642149721,15:35:25.642,23.0100,100
56125642149721,15:35:25.642,23.0100,100
56136284808383,15:35:36.284,23.0200,100
56136284808383,15:35:36.284,23.0200,23
56136284808383,15:35:36.284,23.0200,96
56136284852439,15:35:36.284,23.0200,4
56143924418390,15:35:43.924,23.0300,502
56143924866973,15:35:43.924,23.0300,800
56143924866973,15:35:43.924,23.0300,100
56143924866973,15:35:43.924,23.0300,100
56143924866973,15:35:43.924,23.0300,100
56160238229039,15:36:00.238,23.0250,100
56168644117083,15:36:08.644,23.0200,179
56168644117083,15:36:08.644,23.0200,100
56180197890891,15:36:20.197,23.0150,100
56236370858816,15:37:16.370,23.0200,100
56236377833871,15:37:16.377,23.0200,100
56267225962533,15:37:47.225,23.0150,100
56267225962533,15:37:47.225,23.0150,100
56323480702659,15:38:43.480,23.0200,200
56323480702659,15:38:43.480,23.0200,150
56323481732221,15:38:43.481,23.0200,50
56323481732221,15:38:43.481,23.0200,100
56323481732221,15:38:43.481,23.0200,83
56323482555417,15:38:43.482,23.0200,17
56323482555417,15:38:43.482,23.0200,100
56323482555417,15:38:43.482,23.0200,100
56323482555417,15:38:43.482,23.0200,100
56323482555417,15:38:43.482,23.0200,200
56323482555417,15:38:43.482,23.0200,100
56378493334274,15:39:38.493,23.0400,230
56378493827182,15:39:38.493,23.0400,70
56378493827182,15:39:38.493,23.0400,47
56378493851492,15:39:38.493,23.0400,100
56378494293288,15:39:38.494,23.0400,75
56397914392978,15:39:57.914,23.0400,100
56397914392978,15:39:57.914,23.0400,100
56397914392978,15:39:57.914,23.0400,100
56397914392978,15:39:57.914,23.0400,32
56397914420010,15:39:57.914,23.0400,168
56397914420010,15:39:57.914,23.0400,100
56397914426569,15:39:57.914,23.0400,100
56397996656207,15:39:57.996,23.0300,100
56397996656207,15:39:57.996,23.0300,200
56397996656207,15:39:57.996,23.0300,100
56403990158886,15:40:03.990,23.0300,100
56403990158886,15:40:03.990,23.0300,200
56427353887633,15:40:27.353,23.0200,100
56427353887633,15:40:27.353,23.0200,175
56441727707671,15:40:41.727,23.0100,100
56459067935018,15:40:59.067,23.0100,100
56459171481194,15:40:59.171,23.0100,100
56468852963284,15:41:08.852,23.0000,100
56468852963284,15:41:08.852,23.0000,100
56468853013919,15:41:08.853,23.0000,150
56468853067835,15:41:08.853,23.0000,100
56468853067835,15:41:08.853,23.0000,200
56468853251226,15:41:08.853,23.0000,100
56468853329881,15:41:08.853,23.0000,100
56468853518625,15:41:08.853,23.0000,100
56468855453975,15:41:08.855,23.0000,100
56469489968748,15:41:09.489,23.0000,100
56474540990328,15:41:14.540,23.0100,100
56474541082936,15:41:14.541,23.0100,100
56480198895488,15:41:20.198,23.0150,67
56480198895488,15:41:20.198,23.0150,33
56480198895488,15:41:20.198,23.0150,24
56498852329871,15:41:38.852,23.0100,100
56498852329871,15:41:38.852,23.0100,100
56498852329871,15:41:38.852,23.0100,100
56498852329871,15:41:38.852,23.0100,100
56498852367983,15:41:38.852,23.0100,46
56498852420302,15:41:38.852,23.0100,33
56498852819398,15:41:38.852,23.0100,3
56548098387192,15:42:28.098,23.0100,100
56548101240532,15:42:28.101,23.0100,100
56548101240532,15:42:28.101,23.0100,100
56548101240532,15:42:28.101,23.0100,200
56548101240532,15:42:28.101,23.0100,100
56558174305885,15:42:38.174,23.0200,100
56576454492498,15:42:56.454,23.0300,100
56576563383751,15:42:56.563,23.0300,100
56580015233856,15:43:00.015,23.0300,33
56585340899137,15:43:05.340,23.0200,100
56585340961192,15:43:05.340,23.0200,100
56585341012826,15:43:05.341,23.0200,100
56585341214616,15:43:05.341,23.0200,100
56585341214616,15:43:05.341,23.0200,300
56585341214616,15:43:05.341,23.0200,100
56585341214616,15:43:05.341,23.0200,200
56611996440378,15:43:31.996,23.0100,178
56611996440378,15:43:31.996,23.0100,200
56611996440378,15:43:31.996,23.0100,100
56611996440378,15:43:31.996,23.0100,100
56611996440378,15:43:31.996,23.0100,22
56614996225525,15:43:34.996,23.0000,100
56614996225525,15:43:34.996,23.0000,100
56614996225525,15:43:34.996,23.0000,100
56614996225525,15:43:34.996,23.0000,100
56614996225525,15:43:34.996,23.0000,97
56616269017809,15:43:36.269,23.0000,30
56616269017809,15:43:36.269,23.0000,70
56616269089008,15:43:36.269,23.0000,30
56622819499514,15:43:42.819,22.9900,100
56623057439045,15:43:43.057,22.9900,100
56648183742825,15:44:08.183,22.9950,86
56666988790136,15:44:26.988,22.9900,100
56666988790136,15:44:26.988,22.9900,100
56666988790136,15:44:26.988,22.9900,100
56667001091340,15:44:27.001,22.9800,100
56676225755418,15:44:36.225,22.9800,100
56677996463449,15:44:37.996,22.9800,169
56681505619549,15:44:41.505,22.9750,100
56681505619549,15:44:41.505,22.9800,100
56681505619549,15:44:41.505,22.9800,100
56681505619549,15:44:41.505,22.9800,100
56703314467281,15:45:03.314,22.9900,200
56703314510315,15:45:03.314,22.9900,100
56703314510315,15:45:03.314,22.9900,100
56736192551022,15:45:36.192,22.9850,100
56736192551022,15:45:36.192,22.9800,100
56736192551022,15:45:36.192,22.9800,200
56736192551022,15:45:36.192,22.9800,100
56736192551022,15:45:36.192,22.9800,100
56736192551022,15:45:36.192,22.9800,100
56736192609175,15:45:36.192,22.9800,100
56736193010213,15:45:36.193,22.9800,100
56736193337040,15:45:36.193,22.9800,100
56745090554602,15:45:45.090,22.9700,100
56745090554602,15:45:45.090,22.9700,600
56745090554602,15:45:45.090,22.9700,194
56745090554602,15:45:45.090,22.9700,100
56752247537057,15:45:52.247,22.9600,100
56752247537057,15:45:52.247,22.9600,100
56752247537057,15:45:52.247,22.9600,169
56780069633640,15:46:20.069,22.9500,100
56797158533111,15:46:37.158,22.9500,400
56822964091602,15:47:02.964,22.9600,500
56822964091602,15:47:02.964,22.9600,100
56822964091602,15:47:02.964,22.9600,21
56822964091602,15:47:02.964,22.9600,100
56822964574234,15:47:02.964,22.9600,100
56878006520881,15:47:58.006,22.9600,100
56878006520881,15:47:58.006,22.9600,132
56878006520881,15:47:58.006,22.9600,100
56878006520881,15:47:58.006,22.9600,1
56878006520881,15:47:58.006,22.9600,100
56878006520881,15:47:58.006,22.9600,400
56878022056060,15:47:58.022,22.9500,100
56878022361412,15:47:58.022,22.9500,300
56878022361412,15:47:58.022,22.9500,125
56878210052778,15:47:58.210,22.9500,100
56878210052778,15:47:58.210,22.9500,100
56878210052778,15:47:58.210,22.9500,100
56878210052778,15:47:58.210,22.9500,100
56878210502538,15:47:58.210,22.9500,100
56883997016529,15:48:03.997,22.9500,200
56883997016529,15:48:03.997,22.9500,100
56883997016529,15:48:03.997,22.9500,100
56888989802092,15:48:08.989,22.9400,14
56888990057857,15:48:08.990,22.9400,86
56893002725079,15:48:13.002,22.9400,100
56898949216376,15:48:18.949,22.9400,600
56898949216376,15:48:18.949,22.9400,100
56900807760401,15:48:20.807,22.9500,100
56900809147817,15:48:20.809,22.9500,100
56900809638334,15:48:20.809,22.9500,100
56900809638334,15:48:20.809,22.9500,200
56901372194139,15:48:21.372,22.9500,100
56911513762262,15:48:31.513,22.9500,100
56923452924350,15:48:43.452,22.9450,100
56939395064398,15:48:59.395,22.9500,100
56939399718865,15:48:59.399,22.9500,100
56939401949897,15:48:59.401,22.9500,400
56952122508032,15:49:12.122,22.9500,500
56954957200249,15:49:14.957,22.9550,97
56954958021473,15:49:14.958,22.9550,3
56969437134864,15:49:29.437,22.9600,100
56969443173329,15:49:29.443,22.9600,100
56985492997746,15:49:45.492,22.9600,100
56985494841955,15:49:45.494,22.9600,100
56985497411846,15:49:45.497,22.9600,100
56986177839899,15:49:46.177,22.9700,100
56986177839899,15:49:46.177,22.9700,200
57006007245050,15:50:06.007,22.9700,100
57018584683311,15:50:18.584,22.9600,64
57027066735324,15:50:27.066,22.9700,100
57027350140320,15:50:27.350,22.9700,700
57027350140320,15:50:27.350,22.9700,100
57027350140320,15:50:27.350,22.9700,200
57027350140320,15:50:27.350,22.9700,200
57027350140320,15:50:27.350,22.9700,100
57027350140320,15:50:27.350,22.9700,200
57027350140320,15:50:27.350,22.9700,1
57027350140320,15:50:27.350,22.9700,37
57034991007049,15:50:34.991,22.9600,200
57034991007049,15:50:34.991,22.9600,145
57034991007049,15:50:34.991,22.9600,100
57034991007049,15:50:34.991,22.9600,100
57034991007049,15:50:34.991,22.9600,200
57053620428307,15:50:53.620,22.9600,1
57076364119854,15:51:16.364,22.9550,100
57076364119854,15:51:16.364,22.9550,100
57076364119854,15:51:16.364,22.9550,100
57080996660908,15:51:20.996,22.9500,137
57080996660908,15:51:20.996,22.9500,200
57080996660908,15:51:20.996,22.9500,100
57080996660908,15:51:20.996,22.9500,100
57080996660908,15:51:20.996,22.9500,125
57080996660908,15:51:20.996,22.9500,1
57080996660908,15:51:20.996,22.9500,28
57080996808218,15:51:20.996,22.9500,153
57080996808218,15:51:20.996,22.9500,100
57080996808218,15:51:20.996,22.9500,100
57081007840190,15:51:21.007,22.9400,100
57083996718892,15:51:23.996,22.9400,100
57083996718892,15:51:23.996,22.9400,91
57083996718892,15:51:23.996,22.9400,100
57083996718892,15:51:23.996,22.9400,9
57088996913278,15:51:28.996,22.9400,135
57088996913278,15:51:28.996,22.9400,100
57088996913278,15:51:28.996,22.9400,100
57096402253264,15:51:36.402,22.9400,100
57096402253264,15:51:36.402,22.9400,100
57096402253264,15:51:36.402,22.9400,3
57096402269799,15:51:36.402,22.9400,300
57096402284710,15:51:36.402,22.9400,597
57096995952714,15:51:36.995,22.9400,180
57111170517458,15:51:51.170,22.9400,100
57116374889872,15:51:56.374,22.9500,100
57116465969642,15:51:56.465,22.9500,100
57116467598734,15:51:56.467,22.9500,100
57116469519358,15:51:56.469,22.9500,100
57116473974766,15:51:56.473,22.9500,100
57131756332076,15:52:11.756,22.9500,100
57131759772531,15:52:11.759,22.9500,100
57131760273472,15:52:11.760,22.9500,100
57151328888776,15:52:31.328,22.9550,100
57151331927482,15:52:31.331,22.9550,100
57151335007922,15:52:31.335,22.9600,100
57168400110232,15:52:48.400,22.9550,100
57171996819418,15:52:51.996,22.9500,100
57171996819418,15:52:51.996,22.9500,100
57171996819418,15:52:51.996,22.9500,183
57171996819418,15:52:51.996,22.9500,100
57171996819418,15:52:51.996,22.9500,100
57171996819418,15:52:51.996,22.9500,100
57174987674181,15:52:54.987,22.9400,100
57174987674181,15:52:54.987,22.9400,160
57174997650954,15:52:54.997,22.9400,100
57174998538571,15:52:54.998,22.9400,100
57174998538571,15:52:54.998,22.9400,100
57180026913166,15:53:00.026,22.9400,100
57203268768044,15:53:23.268,22.9300,100
57203268768044,15:53:23.268,22.9300,100
57237817286542,15:53:57.817,22.9250,100
57237817461492,15:53:57.817,22.9300,100
57237817461492,15:53:57.817,22.9300,65
57237817802172,15:53:57.817,22.9300,100
57237817934336,15:53:57.817,22.9300,100
57266089198255,15:54:26.089,22.9300,100
57266091153353,15:54:26.091,22.9300,100
57266097239247,15:54:26.097,22.9300,100
57282779410724,15:54:42.779,22.9300,100
57282782661458,15:54:42.782,22.9300,100
57282786564903,15:54:42.786,22.9300,100
57290887275913,15:54:50.887,22.9250,33
57294112284506,15:54:54.112,22.9300,100
57294121085245,15:54:54.121,22.9300,100
57300941523793,15:55:00.941,22.9300,100
57300941523793,15:55:00.941,22.9300,200
57302968512932,15:55:02.968,22.9400,100
57305425501906,15:55:05.425,22.9400,25
57305426301919,15:55:05.426,22.9400,100
57310127928050,15:55:10.127,22.9500,100
57312991807658,15:55:12.991,22.9600,100
57315613697885,15:55:15.613,22.9600,100
57317757808173,15:55:17.757,22.9600,100
57317758417821,15:55:17.758,22.9600,100
57317758417821,15:55:17.758,22.9600,200
57322804561806,15:55:22.804,22.9600,100
57324950365435,15:55:24.950,22.9700,98
57324991500387,15:55:24.991,22.9700,2
57324991500387,15:55:24.991,22.9700,98
57324994288487,15:55:24.994,22.9700,2
57324994288487,15:55:24.994,22.9700,100
57324994288487,15:55:24.994,22.9700,100
57325003015279,15:55:25.003,22.9700,100
57327388181893,15:55:27.388,22.9700,100
57327388654988,15:55:27.388,22.9700,100
57327388745064,15:55:27.388,22.9750,96
57327734523542,15:55:27.734,22.9700,100
57341180865181,15:55:41.180,22.9800,100
57341291697843,15:55:41.291,22.9800,79
57345813404603,15:55:45.813,22.9900,100
57375310583474,15:56:15.310,23.0000,100
57384333401132,15:56:24.333,23.0000,100
57398089485793,15:56:38.089,23.0000,78
57398089485793,15:56:38.089,23.0000,22
57398090737407,15:56:38.090,23.0000,2
57399354114188,15:56:39.354,23.0000,76
57399354114188,15:56:39.354,23.0000,24
57409290648870,15:56:49.290,23.0000,76
57409290648870,15:56:49.290,23.0000,24
57418205717671,15:56:58.205,23.0000,76
57418205717671,15:56:58.205,23.0000,1
57418205717671,15:56:58.205,23.0000,23
57418216753864,15:56:58.216,23.0000,100
57431113700102,15:57:11.113,22.9950,100
57431147077561,15:57:11.147,23.0000,100
57438203092418,15:57:18.203,23.0000,200
57438203092418,15:57:18.203,23.0000,100
57438203092418,15:57:18.203,23.0000,100
57438203092418,15:57:18.203,23.0000,100
57438203092418,15:57:18.203,23.0000,100
57451888648975,15:57:31.888,23.0050,12
57467988354649,15:57:47.988,23.0050,100
57467988354649,15:57:47.988,23.0000,100
57467988354649,15:57:47.988,23.0000,100
57467988354649,15:57:47.988,23.0000,100
57467988354649,15:57:47.988,23.0000,297
57467988443103,15:57:47.988,23.0000,103
57467988443103,15:57:47.988,23.0000,200
57467988443103,15:57:47.988,23.0000,200
57467988443103,15:57:47.988,23.0000,300
57467988443103,15:57:47.988,23.0000,300
57467988472486,15:57:47.988,23.0000,100
57467988472486,15:57:47.988,23.0000,100
57467992911402,15:57:47.992,22.9900,300
57467992911402,15:57:47.992,22.9900,111
57467992911402,15:57:47.992,22.9900,100
57467992911402,15:57:47.992,22.9900,100
57467992911402,15:57:47.992,22.9900,100
57467993551537,15:57:47.993,22.9900,100
57467997765555,15:57:47.997,22.9800,100
57468029075073,15:57:48.029,22.9750,100
57468029075073,15:57:48.029,22.9800,100
57468029281123,15:57:48.029,22.9800,200
57481091901114,15:58:01.091,22.9750,1
57483434217409,15:58:03.434,22.9800,100
57509181371233,15:58:29.181,22.9800,100
57509190361546,15:58:29.190,22.9800,168
57509370246965,15:58:29.370,22.9800,100
57511492705903,15:58:31.492,22.9800,100
57511506637604,15:58:31.506,22.9800,100
57511516841217,15:58:31.516,22.9800,100
57518468593201,15:58:38.468,22.9800,100
57518468623946,15:58:38.468,22.9800,232
57518468623946,15:58:38.468,22.9800,100
57519377107339,15:58:39.377,22.9800,86
57519377787623,15:58:39.377,22.9800,59
57519378365952,15:58:39.378,22.9800,100
57521006616243,15:58:41.006,22.9800,155
57521006616243,15:58:41.006,22.9800,100
57521996559794,15:58:41.996,22.9800,100
57521996559794,15:58:41.996,22.9800,262
57521996559794,15:58:41.996,22.9800,98
57521996980084,15:58:41.996,22.9800,100
57522060725889,15:58:42.060,22.9800,100
57522060725889,15:58:42.060,22.9800,89
57522068689369,15:58:42.068,22.9900,100
57525374341890,15:58:45.374,22.9900,2
57527377277452,15:58:47.377,22.9900,98
57527984929211,15:58:47.984,22.9900,100
57539849538411,15:58:59.849,23.0000,16
57539849639374,15:58:59.849,23.0000,2
57539849910328,15:58:59.849,23.0000,30
57539851190505,15:58:59.851,23.0000,10
57539851432282,15:58:59.851,23.0000,2
57539852163455,15:58:59.852,23.0000,2
57539853181167,15:58:59.853,23.0000,64
57539853450776,15:58:59.853,23.0000,12
57539853539663,15:58:59.853,23.0000,4
57539853743191,15:58:59.853,23.0000,20
57539854702111,15:58:59.854,23.0000,2
57540130865986,15:59:00.130,23.0000,74
57540132355197,15:59:00.132,23.0000,40
57540132959992,15:59:00.132,23.0000,2
57540133078429,15:59:00.133,23.0000,10
57540133648975,15:59:00.133,23.0000,2
57540134815300,15:59:00.134,23.0000,74
57540347510618,15:59:00.347,23.0000,16
57540435541024,15:59:00.435,23.0000,66
57540439822567,15:59:00.439,23.0000,2
57541083253080,15:59:01.083,23.0000,100
57541085479045,15:59:01.085,23.0000,50
57541085479045,15:59:01.085,23.0000,100
57541085479045,15:59:01.085,23.0000,194
57541092327662,15:59:01.092,23.0000,28
57541206978049,15:59:01.206,23.0100,80
57541374892409,15:59:01.374,23.0100,100
57541786275898,15:59:01.786,23.0000,86
57542320153218,15:59:02.320,23.0050,100
57542320499872,15:59:02.320,23.0000,86
57544012554278,15:59:04.012,23.0100,181
57544012554278,15:59:04.012,23.0100,100
57544012554278,15:59:04.012,23.0100,19
57552286547587,15:59:12.286,23.0100,200
57552287116882,15:59:12.287,23.0100,200
57565727515535,15:59:25.727,23.0100,100
57565971559294,15:59:25.971,23.0100,100
57565971685079,15:59:25.971,23.0100,23
57566037740566,15:59:26.037,23.0050,100
57572938637440,15:59:32.938,23.0000,180
57572939186784,15:59:32.939,23.0000,2
57572939211462,15:59:32.939,23.0000,518
57574855960841,15:59:34.855,23.0000,1
57575013248408,15:59:35.013,23.0000,14
57575018797252,15:59:35.018,23.0000,7
57575041156036,15:59:35.041,23.0000,25
57575045162991,15:59:35.045,23.0000,18
57575269501579,15:59:35.269,23.0000,11
57575269504025,15:59:35.269,23.0000,24
57578686527208,15:59:38.686,23.0000,400
57582019012302,15:59:42.019,22.9900,73
57582705694803,15:59:42.705,22.9900,11
57582722784819,15:59:42.722,22.9900,7
57583094516272,15:59:43.094,22.9900,3
57583094546371,15:59:43.094,22.9900,100
57583094876255,15:59:43.094,22.9900,100
57583094876255,15:59:43.094,22.9900,100
57583109151364,15:59:43.109,22.9800,3
57583565882626,15:59:43.565,22.9800,5
57587073273193,15:59:47.073,22.9800,100
57587073273193,15:59:47.073,22.9800,300
57587073273193,15:59:47.073,22.9800,100
57590043430332,15:59:50.043,22.9750,100
57590043430332,15:59:50.043,22.9750,100
57590043430332,15:59:50.043,22.9750,42
57590059980673,15:59:50.059,22.9800,1
57595015823916,15:59:55.015,22.9800,99
57595015823916,15:59:55.015,22.9800,201
57595222340744,15:59:55.222,22.9800,200
57598704811151,15:59:58.704,22.9800,100
57598704811151,15:59:58.704,22.9800,100
57598704811151,15:59:58.704,22.9800,100
57598884584002,15:59:58.884,22.9900,4
57598884967938,15:59:58.884,22.9900,4
57600418502372,16:00:00.418,0.0000,0
