timestamp,time,price,volume
34200843211571,09:30:00.843,14.1400,1293
34273425178571,09:31:13.425,14.1200,136
34422132410906,09:33:42.132,14.1300,100
34422132410906,09:33:42.132,14.1200,142
34570127398853,09:36:10.127,14.1400,30
34570127398853,09:36:10.127,14.1400,70
34573356143028,09:36:13.356,14.1400,15
34573356143028,09:36:13.356,14.1200,2
34668256966530,09:37:48.256,14.2100,100
34771929115287,09:39:31.929,14.2200,15
34775636393113,09:39:35.636,14.2200,20
35047809117540,09:44:07.809,14.1300,170
35047809405007,09:44:07.809,14.1300,10
35047809472414,09:44:07.809,14.1300,20
35047831308263,09:44:07.831,14.1400,100
35047831308263,09:44:07.831,14.1400,100
35047831308263,09:44:07.831,14.1400,100
35047831648229,09:44:07.831,14.1400,100
35047832165336,09:44:07.832,14.1400,100
35047833162266,09:44:07.833,14.1400,100
35047833169760,09:44:07.833,14.1400,100
35047833218671,09:44:07.833,14.1400,100
35047833243806,09:44:07.833,14.1600,100
35047835646639,09:44:07.835,14.1400,100
35047843183362,09:44:07.843,14.1400,100
35047861341852,09:44:07.861,14.1400,100
35050003665583,09:44:10.003,14.1600,80
35050003727843,09:44:10.003,14.1600,20
35050003727843,09:44:10.003,14.1600,100
35054231473501,09:44:14.231,14.1500,100
35054231473501,09:44:14.231,14.1500,100
35129119439260,09:45:29.119,14.1000,25
35129119609443,09:45:29.119,14.1000,13
35129119745111,09:45:29.119,14.1000,50
35129119914626,09:45:29.119,14.1000,12
35129121163954,09:45:29.121,14.1000,100
35129121163954,09:45:29.121,14.1000,100
35129121163954,09:45:29.121,14.1000,100
35129125441305,09:45:29.125,14.1400,100
35165787648615,09:46:05.787,14.0900,6
35224031500492,09:47:04.031,14.1000,100
35224032401408,09:47:04.032,14.1000,100
35268851968814,09:47:48.851,14.1400,100
35268851981333,09:47:48.851,14.1400,50
35268851985044,09:47:48.851,14.1400,50
35268851985044,09:47:48.851,14.1400,50
35268851987583,09:47:48.851,14.1400,50
35268852036348,09:47:48.852,14.1400,6
35268852036348,09:47:48.852,14.1400,94
35268852130239,09:47:48.852,14.1400,103
35296515872024,09:48:16.515,14.1300,100
35476054925276,09:51:16.054,14.1600,100
35476054994974,09:51:16.054,14.1600,15
35476056628762,09:51:16.056,14.1800,4
35539754567566,09:52:19.754,14.1800,100
35886240558060,09:58:06.240,14.1300,100
35886241354232,09:58:06.241,14.1300,100
35886242550822,09:58:06.242,14.1700,100
35886242624502,09:58:06.242,14.1700,100
35886242674368,09:58:06.242,14.1800,100
35886242760290,09:58:06.242,14.1800,100
35886242793908,09:58:06.242,14.1700,100
35886242817845,09:58:06.242,14.1700,100
35886245681709,09:58:06.245,14.1700,100
35888492538570,09:58:08.492,14.1700,100
35897167199725,09:58:17.167,14.1400,70
35918193981820,09:58:38.193,14.1500,100
35918193981820,09:58:38.193,14.1500,100
36157244086459,10:02:37.244,14.0700,36
36167220517587,10:02:47.220,14.0900,100
36247633804480,10:04:07.633,14.1200,1
36247633829064,10:04:07.633,14.1200,96
36247633886315,10:04:07.633,14.1200,3
36247633886315,10:04:07.633,14.1200,61
36247633886315,10:04:07.633,14.1200,100
36250900055692,10:04:10.900,14.1400,5
36250900093738,10:04:10.900,14.1400,100
36250906898949,10:04:10.906,14.1400,100
36250906898949,10:04:10.906,14.1400,100
36330132543165,10:05:30.132,14.1100,100
36538336283896,10:08:58.336,14.1600,6
36538336283896,10:08:58.336,14.1600,5
36538336283896,10:08:58.336,14.1600,100
36538336700020,10:08:58.336,14.1700,100
36538336700020,10:08:58.336,14.1700,100
36545231951046,10:09:05.231,14.1700,100
36545231951046,10:09:05.231,14.1600,100
36545247062883,10:09:05.247,14.1600,100
36747047475856,10:12:27.047,14.2100,100
36747047475856,10:12:27.047,14.2100,78
36747047475856,10:12:27.047,14.2100,100
36747047475856,10:12:27.047,14.2100,200
36747047511860,10:12:27.047,14.2100,100
36747047513415,10:12:27.047,14.2100,100
36747047712956,10:12:27.047,14.2100,106
36747047762054,10:12:27.047,14.2100,94
36759041529855,10:12:39.041,14.1700,100
36760692586109,10:12:40.692,14.1700,100
36760693179807,10:12:40.693,14.1600,100
36760695449954,10:12:40.695,14.1700,100
36760695449954,10:12:40.695,14.1700,100
36761197925249,10:12:41.197,14.1800,100
36775776849513,10:12:55.776,14.1600,100
36775791731457,10:12:55.791,14.1500,70
36778774592741,10:12:58.774,14.1500,100
36791225573370,10:13:11.225,14.1800,100
36791225794780,10:13:11.225,14.1800,100
37105769549627,10:18:25.769,14.1600,1
37105769549627,10:18:25.769,14.1600,99
37105770079761,10:18:25.770,14.1600,1
37105770079761,10:18:25.770,14.1600,100
37149723068204,10:19:09.723,14.1900,11
37149723074772,10:19:09.723,14.1900,89
37149723074772,10:19:09.723,14.1900,11
37149723085253,10:19:09.723,14.1900,89
37149723207310,10:19:09.723,14.2000,100
37503009455518,10:25:03.009,14.2500,10
37503011181037,10:25:03.011,14.2600,100
37503507943046,10:25:03.507,14.2600,100
37503507943046,10:25:03.507,14.2600,100
37503507943046,10:25:03.507,14.2600,100
37507599286721,10:25:07.599,14.2300,100
37507599514853,10:25:07.599,14.2200,6
37508279351605,10:25:08.279,14.2200,100
37508279351605,10:25:08.279,14.2300,100
37792640624934,10:29:52.640,14.1800,3
38002640769971,10:33:22.640,14.1800,3
38016336091498,10:33:36.336,14.1800,75
38097667356934,10:34:57.667,14.2100,3
38266632462635,10:37:46.632,14.1600,100
38274465572330,10:37:54.465,14.1600,100
38274465996855,10:37:54.465,14.1600,5
38280806936068,10:38:00.806,14.1700,100
38280807231514,10:38:00.807,14.1700,12
38280807231514,10:38:00.807,14.1700,88
38461658966474,10:41:01.658,14.1500,3
38531675276201,10:42:11.675,14.1800,3
38693106437335,10:44:53.106,14.1800,97
38693106437335,10:44:53.106,14.1800,5
38693106437335,10:44:53.106,14.1800,100
38693136768471,10:44:53.136,14.1900,100
38697352124679,10:44:57.352,14.2000,100
38697352124679,10:44:57.352,14.2000,100
38699902125261,10:44:59.902,14.2000,100
38708751558869,10:45:08.751,14.2100,100
38708751558869,10:45:08.751,14.2100,100
38744246432613,10:45:44.246,14.1800,5
38805228872379,10:46:45.228,14.1700,100
38805228872379,10:46:45.228,14.1700,100
38805228933775,10:46:45.228,14.1700,5
38805229492607,10:46:45.229,14.1500,100
38832077053045,10:47:12.077,14.1600,100
38832077053045,10:47:12.077,14.1600,100
38855204738791,10:47:35.204,14.1600,100
38855204738791,10:47:35.204,14.1600,100
38894571964515,10:48:14.571,14.1400,5
38906420812779,10:48:26.420,14.1400,95
38906420812779,10:48:26.420,14.1400,5
38964663057680,10:49:24.663,14.1300,3
39139463562596,10:52:19.463,14.1200,6
39144677214385,10:52:24.677,14.1500,3
39154673115133,10:52:34.673,14.1200,3
39343039322171,10:55:43.039,14.1500,32
39343039341353,10:55:43.039,14.1500,68
39343039341353,10:55:43.039,14.1500,5
39343039341353,10:55:43.039,14.1500,59
39343039487408,10:55:43.039,14.1500,15
39343039513023,10:55:43.039,14.1500,1
39343039607704,10:55:43.039,14.1500,25
39430669965249,10:57:10.669,14.1400,5
39517769310776,10:58:37.769,14.1300,4
39527342892608,10:58:47.342,14.1200,100
39528273221197,10:58:48.273,14.1300,100
39567686961972,10:59:27.686,14.1200,3
39603589656100,11:00:03.589,14.1500,100
39603589691413,11:00:03.589,14.1500,100
39603589719694,11:00:03.589,14.1500,5
39603590057680,11:00:03.590,14.1600,100
39603590057680,11:00:03.590,14.1600,100
39603590137483,11:00:03.590,14.1600,100
39603590209361,11:00:03.590,14.1600,100
39663938068551,11:01:03.938,14.1700,100
39664495599111,11:01:04.495,14.1700,6
39750743000262,11:02:30.743,14.1800,3
39899152129448,11:04:59.152,14.1400,5
39899152129448,11:04:59.152,14.1400,95
39899152365537,11:04:59.152,14.1400,5
39936160862530,11:05:36.160,14.1200,100
40053982857124,11:07:33.982,14.1100,6
40053983704454,11:07:33.983,14.1000,100
40053983704454,11:07:33.983,14.1000,8
40054000203289,11:07:34.000,14.1000,100
40054000949204,11:07:34.000,14.1000,8
40054258283709,11:07:34.258,14.1100,100
40054258283709,11:07:34.258,14.1100,1
40583751368615,11:16:23.751,14.1000,1
40636237969900,11:17:16.237,14.1000,6
40641655775345,11:17:21.655,14.1000,93
40641655775345,11:17:21.655,14.1000,7
40641656012380,11:17:21.656,14.1000,37
40642716043745,11:17:22.716,14.1100,100
40642716043745,11:17:22.716,14.1100,100
40642717362040,11:17:22.717,14.1200,100
40675870569467,11:17:55.870,14.1000,56
40675870569467,11:17:55.870,14.1000,44
40675870625444,11:17:55.870,14.1000,56
40676274246691,11:17:56.274,14.0900,100
40676663851235,11:17:56.663,14.1000,100
40676663851235,11:17:56.663,14.1000,100
40676663851235,11:17:56.663,14.1000,200
40700233115955,11:18:20.233,14.1000,20
40814439116206,11:20:14.439,14.0700,100
40814439116206,11:20:14.439,14.0700,100
40814440317664,11:20:14.440,14.0700,100
40825724147121,11:20:25.724,14.0800,100
40825724147121,11:20:25.724,14.0800,100
40896746129703,11:21:36.746,14.0600,100
40896828430407,11:21:36.828,14.0600,200
40896828430407,11:21:36.828,14.0600,100
40896828430407,11:21:36.828,14.0600,100
40896828593901,11:21:36.828,14.0600,100
40897736747494,11:21:37.736,14.0700,100
40897736747494,11:21:37.736,14.0700,100
41258127068206,11:27:38.127,14.0400,100
41302755495740,11:28:22.755,14.0400,200
41302755495740,11:28:22.755,14.0400,100
41302905641837,11:28:22.905,14.0500,6
41589133778084,11:33:09.133,14.0300,100
41662972455484,11:34:22.972,14.0400,100
41662973180125,11:34:22.973,14.0500,100
41662973180125,11:34:22.973,14.0500,100
41662973915377,11:34:22.973,14.0500,100
41662973915377,11:34:22.973,14.0400,100
41662973915377,11:34:22.973,14.0400,50
41662973915377,11:34:22.973,14.0400,50
41762913439391,11:36:02.913,14.0300,33
41762913439391,11:36:02.913,14.0300,14
41762913747545,11:36:02.913,14.0200,100
41762913747545,11:36:02.913,14.0200,4
41762914596116,11:36:02.914,14.0150,100
41762916544624,11:36:02.916,14.0100,100
41763113588826,11:36:03.113,13.9900,100
42237094833400,11:43:57.094,13.9800,100
42237094920285,11:43:57.094,13.9800,100
42237914781670,11:43:57.914,13.9900,100
42343019877149,11:45:43.019,14.0000,70
42343019937162,11:45:43.019,14.0100,100
42381423024574,11:46:21.423,14.0200,100
42381423024574,11:46:21.423,14.0200,100
42678158707273,11:51:18.158,13.9800,100
42793152260476,11:53:13.152,13.9700,100
42793152260476,11:53:13.152,13.9700,100
42936519315564,11:55:36.519,13.9700,100
42936520251443,11:55:36.520,13.9700,100
42937307557707,11:55:37.307,13.9800,100
42970406575230,11:56:10.406,14.0000,100
42970571526362,11:56:10.571,14.0000,100
42989846040118,11:56:29.846,14.0100,12
42990844976851,11:56:30.844,14.0100,17
42990844992087,11:56:30.844,14.0100,68
42990844999978,11:56:30.844,14.0100,3
43039415225715,11:57:19.415,14.0000,100
43041752659873,11:57:21.752,14.0000,500
43042306267670,11:57:22.306,14.0000,200
43042323718547,11:57:22.323,14.0000,500
43042323808447,11:57:22.323,14.0000,300
43042338663928,11:57:22.338,14.0000,100
43043880183254,11:57:23.880,14.0000,200
43043880251517,11:57:23.880,14.0000,600
43045192781687,11:57:25.192,14.0000,300
43054011534009,11:57:34.011,14.0000,200
43054012286420,11:57:34.012,14.0000,100
43054013371060,11:57:34.013,13.9800,10
43054014298471,11:57:34.014,13.9800,90
43061405510406,11:57:41.405,14.0000,100
43075080148041,11:57:55.080,14.0200,26
43075080148041,11:57:55.080,14.0200,74
43093345503279,11:58:13.345,14.0200,26
43106557697837,11:58:26.557,14.0600,100
43115893491031,11:58:35.893,14.0400,300
43115893569316,11:58:35.893,14.0200,300
43115894163485,11:58:35.894,14.0300,100
43115894373570,11:58:35.894,14.0300,100
43115894373570,11:58:35.894,14.0300,76
43115894484453,11:58:35.894,14.0300,24
43115894484453,11:58:35.894,14.0300,100
43115894484453,11:58:35.894,14.0300,100
43141981108902,11:59:01.981,14.0000,100
43259871475896,12:00:59.871,14.0100,100
43261775139245,12:01:01.775,14.0100,100
43280782868901,12:01:20.782,14.0000,100
43287711576627,12:01:27.711,14.0000,100
43290267889126,12:01:30.267,14.0100,100
43299150527747,12:01:39.150,14.0000,200
43299150610703,12:01:39.150,14.0000,600
43299150693113,12:01:39.150,14.0000,100
43307261694148,12:01:47.261,14.0000,100
43314884045589,12:01:54.884,14.0000,100
43314884280683,12:01:54.884,14.0000,50
43336191378188,12:02:16.191,14.0000,100
43338478672626,12:02:18.478,14.0000,200
43339360918580,12:02:19.360,14.0000,200
43339361312145,12:02:19.361,14.0000,500
43339361312145,12:02:19.361,14.0000,200
43339361710434,12:02:19.361,14.0000,700
43340485386744,12:02:20.485,14.0100,49
43341871472491,12:02:21.871,14.0100,51
43341871472491,12:02:21.871,14.0100,100
43407242176836,12:03:27.242,14.0100,100
43419954464787,12:03:39.954,14.0100,100
43433303937897,12:03:53.303,14.0100,100
43444651485850,12:04:04.651,14.0100,200
43452364300278,12:04:12.364,14.0100,300
43452364535822,12:04:12.364,14.0100,36
43455070163134,12:04:15.070,14.0100,364
43455070163134,12:04:15.070,14.0100,136
43455070320262,12:04:15.070,14.0100,100
43459447290887,12:04:19.447,14.0100,200
43479098118540,12:04:39.098,14.0200,100
43533150334203,12:05:33.150,14.0300,200
43537047540109,12:05:37.047,14.0300,100
43543767954442,12:05:43.767,14.0500,6
43543767954442,12:05:43.767,14.0500,98
43543768005635,12:05:43.768,14.0500,2
43553253725674,12:05:53.253,14.0500,100
43562871033471,12:06:02.871,14.0600,100
43565201154217,12:06:05.201,14.0800,100
43590422798630,12:06:30.422,14.0900,100
43590422860604,12:06:30.422,14.0900,700
43598622488164,12:06:38.622,14.0900,200
43602474746356,12:06:42.474,14.0900,100
43605776468637,12:06:45.776,14.0900,200
43612011304859,12:06:52.011,14.0900,100
43683766708601,12:08:03.766,14.0900,100
43683766708601,12:08:03.766,14.0900,100
43892265435419,12:11:32.265,14.0900,100
43892265435419,12:11:32.265,14.0900,100
43892265435419,12:11:32.265,14.0900,100
43892265435419,12:11:32.265,14.0900,100
43892266888472,12:11:32.266,14.1000,100
43892266964131,12:11:32.266,14.1000,100
43892266964131,12:11:32.266,14.1000,27
43892267016309,12:11:32.267,14.1000,73
43945490800258,12:12:25.490,14.0900,16
43950117205263,12:12:30.117,14.0700,200
43950117884323,12:12:30.117,14.0700,200
43950185615071,12:12:30.185,14.0900,100
43950185615071,12:12:30.185,14.0900,50
43950185674404,12:12:30.185,14.0900,50
43961241798559,12:12:41.241,14.0700,130
44209633360399,12:16:49.633,14.1200,100
44209633360399,12:16:49.633,14.1200,100
44209633360399,12:16:49.633,14.1200,100
44275288344191,12:17:55.288,14.1400,100
44275295524727,12:17:55.295,14.1400,25
44275295524727,12:17:55.295,14.1400,300
44275295524727,12:17:55.295,14.1400,75
44275295758645,12:17:55.295,14.1400,25
44275295758645,12:17:55.295,14.1400,91
44275295775706,12:17:55.295,14.1400,9
44285196749311,12:18:05.196,14.1500,100
44285196749311,12:18:05.196,14.1500,100
44305423317872,12:18:25.423,14.1600,200
44339094636761,12:18:59.094,14.1100,100
44340296031925,12:19:00.296,14.1200,100
44340693153821,12:19:00.693,14.1100,6
44342432537891,12:19:02.432,14.1200,100
44342433332888,12:19:02.433,14.1200,100
44347013717062,12:19:07.013,14.1100,100
44348510447521,12:19:08.510,14.1100,200
44348510506502,12:19:08.510,14.1100,94
44360105002153,12:19:20.105,14.1200,100
44360112437389,12:19:20.112,14.1200,100
44360112437389,12:19:20.112,14.1200,100
44360112437389,12:19:20.112,14.1200,100
44368310016903,12:19:28.310,14.1300,100
44368310083066,12:19:28.310,14.1300,100
44383472665215,12:19:43.472,14.1300,100
44385812883039,12:19:45.812,14.1400,100
44385812945483,12:19:45.812,14.1400,100
44398096123229,12:19:58.096,14.1400,100
44399910946143,12:19:59.910,14.1400,100
44401971613490,12:20:01.971,14.1500,100
44401971613490,12:20:01.971,14.1500,6
44401975517220,12:20:01.975,14.1500,6
44413342208596,12:20:13.342,14.1700,100
44413342314815,12:20:13.342,14.1700,22
44413342365887,12:20:13.342,14.1700,78
44415223821786,12:20:15.223,14.1800,100
44427599076325,12:20:27.599,14.1900,100
44432153233607,12:20:32.153,14.1700,200
44436688141095,12:20:36.688,14.1600,100
44449115561046,12:20:49.115,14.1700,100
44451853472690,12:20:51.853,14.1800,100
44457852455025,12:20:57.852,14.1600,100
44468572260656,12:21:08.572,14.1500,100
44471204901021,12:21:11.204,14.1500,100
44498120575591,12:21:38.120,14.1200,3
44501049357010,12:21:41.049,14.1200,100
44501049357010,12:21:41.049,14.1200,100
44501049357010,12:21:41.049,14.1200,97
44534719125278,12:22:14.719,14.1200,28
44544890630041,12:22:24.890,14.1300,100
44562662423295,12:22:42.662,14.1100,100
44566605668057,12:22:46.605,14.1100,200
44576594703660,12:22:56.594,14.1100,100
44578141562559,12:22:58.141,14.1100,300
44578141718503,12:22:58.141,14.1100,100
44588181116297,12:23:08.181,14.1100,300
44775040791266,12:26:15.040,14.1000,100
45130810876714,12:32:10.810,14.1100,100
45130810876714,12:32:10.810,14.1100,100
45130810909456,12:32:10.810,14.1100,100
45130811165010,12:32:10.811,14.1200,100
45177268126812,12:32:57.268,14.1100,100
45177635667720,12:32:57.635,14.1300,100
45177635667720,12:32:57.635,14.1300,100
45177635667720,12:32:57.635,14.1300,100
45177635667720,12:32:57.635,14.1300,12
45230657200421,12:33:50.657,14.1400,100
45234812313773,12:33:54.812,14.1400,100
45234819876677,12:33:54.819,14.1400,100
45234819876677,12:33:54.819,14.1400,100
45238514971686,12:33:58.514,14.1400,100
45238522958860,12:33:58.522,14.1400,100
45238522958860,12:33:58.522,14.1400,100
45238912509904,12:33:58.912,14.1400,70
45301227879041,12:35:01.227,14.1400,100
45346694560359,12:35:46.694,14.1700,100
45346694560359,12:35:46.694,14.1700,100
45346695247461,12:35:46.695,14.1800,100
45372088490061,12:36:12.088,14.1900,100
45388246258180,12:36:28.246,14.1700,100
45408095684494,12:36:48.095,14.1800,100
45408095684494,12:36:48.095,14.1800,100
45485376939543,12:38:05.376,14.1800,100
45485376967239,12:38:05.376,14.1800,100
45485377039059,12:38:05.377,14.1800,100
45485377093819,12:38:05.377,14.1800,100
45600934097607,12:40:00.934,14.2000,100
45600934168345,12:40:00.934,14.2000,25
45600934168345,12:40:00.934,14.2000,75
45600934220840,12:40:00.934,14.2000,25
45600934220840,12:40:00.934,14.2000,75
45600934233812,12:40:00.934,14.2000,25
45600934233812,12:40:00.934,14.2000,75
45600934286697,12:40:00.934,14.2000,25
45600934297911,12:40:00.934,14.2000,6
45671237442926,12:41:11.237,14.2000,33
45685300772143,12:41:25.300,14.2000,100
45693145353835,12:41:33.145,14.2000,104
45693145493170,12:41:33.145,14.2000,100
45695124327594,12:41:35.124,14.2000,100
45695214647138,12:41:35.214,14.2000,100
45697461640890,12:41:37.461,14.2000,100
45697461786395,12:41:37.461,14.2000,100
45699742253202,12:41:39.742,14.2000,100
45702149041440,12:41:42.149,14.2000,100
45704253920528,12:41:44.253,14.2000,100
45706334474805,12:41:46.334,14.2000,100
45708659903246,12:41:48.659,14.2000,100
45710675385274,12:41:50.675,14.2000,100
45724742626354,12:42:04.742,14.2000,100
45888366357021,12:44:48.366,14.1900,4
45888366707779,12:44:48.366,14.1950,100
45888370318364,12:44:48.370,14.1950,100
45905421299690,12:45:05.421,14.1950,100
45912281130602,12:45:12.281,14.2000,100
45912281130602,12:45:12.281,14.2000,51
45935235083068,12:45:35.235,14.1950,100
45985081263358,12:46:25.081,14.2000,49
45985081263358,12:46:25.081,14.2000,100
45985081263358,12:46:25.081,14.2000,100
45985081263358,12:46:25.081,14.2000,100
45985081263358,12:46:25.081,14.2000,100
45985081263358,12:46:25.081,14.2000,20
45985081263358,12:46:25.081,14.2000,100
45985081263358,12:46:25.081,14.2000,100
45985081263358,12:46:25.081,14.2000,81
45985081304383,12:46:25.081,14.2000,19
45985081637421,12:46:25.081,14.2100,100
46526166615662,12:55:26.166,14.2300,84
46526166616496,12:55:26.166,14.2300,16
46526166616496,12:55:26.166,14.2300,10
46526166625729,12:55:26.166,14.2300,50
46526166628978,12:55:26.166,14.2300,21
46526166628978,12:55:26.166,14.2300,29
46526166760905,12:55:26.166,14.2300,4
46526167450190,12:55:26.167,14.2300,167
46526167450190,12:55:26.167,14.2300,33
46526167501509,12:55:26.167,14.2300,67
46528610438882,12:55:28.610,14.2200,100
46528610438882,12:55:28.610,14.2200,100
46535369641523,12:55:35.369,14.2100,100
46537524561710,12:55:37.524,14.2000,100
46544565207864,12:55:44.565,14.2000,100
46544565207864,12:55:44.565,14.2000,100
46625033379362,12:57:05.033,14.2100,100
46625033441644,12:57:05.033,14.2100,100
46740511577874,12:59:00.511,14.2200,100
46991312788367,13:03:11.312,14.2000,6
47232145868796,13:07:12.145,14.2000,94
47278153726454,13:07:58.153,14.2000,100
47653614219911,13:14:13.614,14.2000,100
47653614219911,13:14:13.614,14.2000,68
47661970297448,13:14:21.970,14.2000,132
47661970297448,13:14:21.970,14.2000,11
47661970297448,13:14:21.970,14.2000,57
47661970404692,13:14:21.970,14.2000,43
47661970404692,13:14:21.970,14.2000,46
47661970468660,13:14:21.970,14.2000,54
47662935920986,13:14:22.935,14.2200,100
47663135372301,13:14:23.135,14.2200,100
48045664069846,13:20:45.664,14.2400,100
48045664154108,13:20:45.664,14.2400,100
48045664526464,13:20:45.664,14.2500,200
48045664581626,13:20:45.664,14.2500,131
48045664598723,13:20:45.664,14.2500,200
48045664599385,13:20:45.664,14.2500,869
48150083941030,13:22:30.083,14.2300,3
48152777531178,13:22:32.777,14.2200,100
48152777943664,13:22:32.777,14.2100,4
48152777943664,13:22:32.777,14.2100,100
48153171686788,13:22:33.171,14.2100,200
48278778489611,13:24:38.778,14.1900,1
48278781480574,13:24:38.781,14.1800,2
48376394624483,13:26:16.394,14.2100,40
48667499687244,13:31:07.499,14.2100,5
49054257326747,13:37:34.257,14.1950,100
49054257523349,13:37:34.257,14.2000,40
49131922890792,13:38:51.922,14.2000,100
49131922890792,13:38:51.922,14.2000,100
49131922981521,13:38:51.922,14.2000,6
49131922981521,13:38:51.922,14.2000,100
49308326483503,13:41:48.326,14.1900,2
49308326658699,13:41:48.326,14.1900,100
49308327550219,13:41:48.327,14.1950,100
49308327672458,13:41:48.327,14.2000,100
49740229501308,13:49:00.229,14.2000,100
49742237307462,13:49:02.237,14.2000,100
49757781138991,13:49:17.781,14.1900,3
49758363022076,13:49:18.363,14.2000,100
49767829569659,13:49:27.829,14.2000,100
49817395497997,13:50:17.395,14.2000,100
49844518898011,13:50:44.518,14.1900,6
49880619144994,13:51:20.619,14.2100,100
49880619144994,13:51:20.619,14.2100,100
49880619144994,13:51:20.619,14.2100,27
49880619144994,13:51:20.619,14.2100,100
49880619144994,13:51:20.619,14.2100,23
49880619227511,13:51:20.619,14.2100,77
49880619227511,13:51:20.619,14.2100,100
49880620158320,13:51:20.620,14.2200,100
49880620158320,13:51:20.620,14.2200,100
49880620653085,13:51:20.620,14.2300,40
49922599740730,13:52:02.599,14.2400,100
49922599740730,13:52:02.599,14.2400,100
50250254990379,13:57:30.254,14.2300,100
50331669750805,13:58:51.669,14.2300,91
50413013893966,14:00:13.013,14.2300,19
50413013897450,14:00:13.013,14.2300,81
50413014160841,14:00:13.014,14.2300,100
50413316005539,14:00:13.316,14.2400,100
50413316005539,14:00:13.316,14.2400,100
50413316053181,14:00:13.316,14.2400,6
50416352539869,14:00:16.352,14.2400,94
50416352539869,14:00:16.352,14.2300,6
50422545867244,14:00:22.545,14.2400,100
50422545867244,14:00:22.545,14.2300,100
50446509950224,14:00:46.509,14.2300,100
50447028612148,14:00:47.028,14.2100,100
50459219798822,14:00:59.219,14.2300,9
50459219811148,14:00:59.219,14.2300,41
50459219817039,14:00:59.219,14.2300,40
50459219883220,14:00:59.219,14.2300,10
50568283603823,14:02:48.283,14.2400,100
50607026423856,14:03:27.026,14.2600,100
50607026423856,14:03:27.026,14.2600,100
50607026423856,14:03:27.026,14.2600,5
50653035095650,14:04:13.035,14.2800,100
50699026209319,14:04:59.026,14.3000,268
50699026245312,14:04:59.026,14.3000,432
50699597064002,14:04:59.597,14.3100,100
50802353433101,14:06:42.353,14.3000,100
50869174991364,14:07:49.174,14.3000,100
50869177492531,14:07:49.177,14.2900,1
50869177719051,14:07:49.177,14.2900,3
50869177719051,14:07:49.177,14.2900,100
50996674490397,14:09:56.674,14.2700,6
50996674490397,14:09:56.674,14.2700,100
50996674490397,14:09:56.674,14.2700,100
50996674490397,14:09:56.674,14.2700,40
50996675119034,14:09:56.675,14.2600,90
50997174883183,14:09:57.174,14.2500,40
50997174891376,14:09:57.174,14.2500,60
51066087420752,14:11:06.087,14.2600,100
51090472886200,14:11:30.472,14.2800,100
51090472886200,14:11:30.472,14.2800,100
51148521162253,14:12:28.521,14.3000,100
52029560656545,14:27:09.560,14.3200,159
52029560656545,14:27:09.560,14.3200,100
52029560656545,14:27:09.560,14.3200,100
52029561177976,14:27:09.561,14.3000,40
52029561694902,14:27:09.561,14.3000,40
52029564040821,14:27:09.564,14.3200,6
52031731049197,14:27:11.731,14.3200,94
52031731049197,14:27:11.731,14.3200,33
52031731049197,14:27:11.731,14.3200,100
52031731049197,14:27:11.731,14.3200,100
52031731049197,14:27:11.731,14.3200,100
52031731049197,14:27:11.731,14.3200,100
52031731964184,14:27:11.731,14.3200,100
52034733997750,14:27:14.733,14.3300,100
52034733997750,14:27:14.733,14.3300,100
52144375684925,14:29:04.375,14.3200,100
52144377446461,14:29:04.377,14.3300,100
52230725975279,14:30:30.725,14.3600,200
52230725975279,14:30:30.725,14.3600,100
52230726050459,14:30:30.726,14.3700,100
52397538467919,14:33:17.538,14.3200,7
52418170633501,14:33:38.170,14.3100,100
52496844853253,14:34:56.844,14.3200,100
52496844853253,14:34:56.844,14.3200,6
52496844867724,14:34:56.844,14.3200,1
52565200390904,14:36:05.200,14.3100,4
52683801955768,14:38:03.801,14.3000,6
52995053180073,14:43:15.053,14.2900,9
52995053180073,14:43:15.053,14.2900,100
52995053180073,14:43:15.053,14.2900,1
52996012258499,14:43:16.012,14.2800,94
52996052162740,14:43:16.052,14.2700,30
52996052391181,14:43:16.052,14.2700,36
52996053878994,14:43:16.053,14.2700,34
53016390967691,14:43:36.390,14.2700,100
53016390967691,14:43:36.390,14.2700,100
53016390967691,14:43:36.390,14.2700,100
53016390967691,14:43:36.390,14.2700,100
53016390967691,14:43:36.390,14.2700,100
53081402107233,14:44:41.402,14.2500,6
53204498722960,14:46:44.498,14.3100,5
53240395325144,14:47:20.395,14.3300,100
53240395762832,14:47:20.395,14.3300,12
53240396101767,14:47:20.396,14.3300,88
53240396101767,14:47:20.396,14.3300,100
53319804601824,14:48:39.804,14.3300,16
53542003812133,14:52:22.003,14.3300,100
53542004738543,14:52:22.004,14.3300,100
53542042511678,14:52:22.042,14.3400,3
53542067485293,14:52:22.067,14.3400,97
53542067890902,14:52:22.067,14.3500,3
53542068123728,14:52:22.068,14.3500,3
53542076881125,14:52:22.076,14.3600,3
53621040512634,14:53:41.040,14.3800,10
53621040515630,14:53:41.040,14.3800,12
53621040528565,14:53:41.040,14.3800,3
53621040530273,14:53:41.040,14.3800,2
53621040535253,14:53:41.040,14.3800,3
53621040538522,14:53:41.040,14.3800,4
53621040545171,14:53:41.040,14.3800,1
53621040551131,14:53:41.040,14.3800,1
53621040551897,14:53:41.040,14.3800,2
53631434029049,14:53:51.434,14.3800,16
53632521223950,14:53:52.521,14.3500,26
53632522069887,14:53:52.522,14.3500,74
53632525492530,14:53:52.525,14.3400,94
53790781853038,14:56:30.781,14.3400,100
53790781853038,14:56:30.781,14.3400,100
53790781853038,14:56:30.781,14.3400,84
53790781951171,14:56:30.781,14.3400,16
53790781951171,14:56:30.781,14.3400,6
53790783609551,14:56:30.783,14.3400,100
53790783659822,14:56:30.783,14.3400,100
53800377463671,14:56:40.377,14.3600,100
53806333515895,14:56:46.333,14.3800,4
53806333516556,14:56:46.333,14.3800,2
53806333518048,14:56:46.333,14.3800,2
53806333519465,14:56:46.333,14.3800,2
53806333520888,14:56:46.333,14.3800,1
53806333605409,14:56:46.333,14.3800,289
53806335400095,14:56:46.335,14.3900,100
53806335400095,14:56:46.335,14.3900,100
53897819708678,14:58:17.819,14.4000,4
54221178776079,15:03:41.178,14.3750,6
54221178776079,15:03:41.178,14.3750,2
54221178776079,15:03:41.178,14.3750,3
54221178776079,15:03:41.178,14.3750,5
54221178776079,15:03:41.178,14.3750,1
54221178776079,15:03:41.178,14.3750,14
54221178776079,15:03:41.178,14.3750,2
54221178776079,15:03:41.178,14.3750,5
54221178776079,15:03:41.178,14.3750,1
54221178776079,15:03:41.178,14.3750,1
54221178776079,15:03:41.178,14.3750,10
54221179070104,15:03:41.179,14.3750,1
54221179070104,15:03:41.179,14.3750,3
54221179070104,15:03:41.179,14.3750,4
54221179070104,15:03:41.179,14.3750,3
54221179070104,15:03:41.179,14.3750,12
54221179070104,15:03:41.179,14.3750,6
54221179070104,15:03:41.179,14.3750,4
54221179070104,15:03:41.179,14.3750,7
54221179070104,15:03:41.179,14.3750,3
54221179070104,15:03:41.179,14.3750,3
54221179070104,15:03:41.179,14.3600,54
54221179104348,15:03:41.179,14.3600,46
54221180450126,15:03:41.180,14.3600,100
54224213964050,15:03:44.213,14.3500,55
54224213987764,15:03:44.213,14.3500,11
54224214221500,15:03:44.214,14.3500,34
54224214221500,15:03:44.214,14.3500,4
54224214846813,15:03:44.214,14.3500,100
54227313221285,15:03:47.313,14.3600,36
54227313244548,15:03:47.313,14.3600,24
54227313794408,15:03:47.313,14.3600,100
54260322740826,15:04:20.322,14.3650,10
54260322740826,15:04:20.322,14.3650,3
54260322740826,15:04:20.322,14.3650,6
54260322740826,15:04:20.322,14.3650,10
54260322740826,15:04:20.322,14.3650,13
54260322740826,15:04:20.322,14.3650,3
54260322740826,15:04:20.322,14.3650,3
54260322740826,15:04:20.322,14.3650,7
54260322740826,15:04:20.322,14.3650,3
54260322740826,15:04:20.322,14.3650,1
54290289906808,15:04:50.289,14.3700,5
54290292681281,15:04:50.292,14.3900,7
54303761246151,15:05:03.761,14.3800,100
54386635009352,15:06:26.635,14.3900,2
54386635009869,15:06:26.635,14.3900,4
54386635018880,15:06:26.635,14.3900,10
54386636800425,15:06:26.636,14.3800,100
54417316134771,15:06:57.316,14.3900,77
54417316134771,15:06:57.316,14.3900,100
54417316134771,15:06:57.316,14.3900,6
54417316134771,15:06:57.316,14.3900,17
54417316201711,15:06:57.316,14.3900,2
54420052623350,15:07:00.052,14.3900,100
54420052751462,15:07:00.052,14.3900,1200
54420266773083,15:07:00.266,14.3950,100
54436152021427,15:07:16.152,14.4000,100
54485540027281,15:08:05.540,14.4100,100
54485540027281,15:08:05.540,14.4100,100
54485540027281,15:08:05.540,14.4100,100
54540470068686,15:09:00.470,14.4300,19
54548858715891,15:09:08.858,14.4200,100
54642416742975,15:10:42.416,14.4500,100
54642420589559,15:10:42.420,14.4600,100
54645596740470,15:10:45.596,14.4600,70
54645798463402,15:10:45.798,14.4600,100
54691815197422,15:11:31.815,14.4800,6
54691815197422,15:11:31.815,14.4800,100
54691815197422,15:11:31.815,14.4800,100
54691815197422,15:11:31.815,14.4800,19
54709635858106,15:11:49.635,14.4900,100
54709635858106,15:11:49.635,14.4900,100
54709635858106,15:11:49.635,14.4900,100
54709635858106,15:11:49.635,14.4900,100
54709635858106,15:11:49.635,14.4900,100
54812128831086,15:13:32.128,14.5000,100
54812128831086,15:13:32.128,14.5000,100
54812132598637,15:13:32.132,14.5000,6
54845219596795,15:14:05.219,14.5000,100
54922143338498,15:15:22.143,14.5200,100
54922143338498,15:15:22.143,14.5200,100
54935033866210,15:15:35.033,14.5300,43
54935035681377,15:15:35.035,14.5400,94
54952382704996,15:15:52.382,14.5500,100
54955399709777,15:15:55.399,14.5500,100
54973287472465,15:16:13.287,14.5600,100
54973287472465,15:16:13.287,14.5600,100
54975347008430,15:16:15.347,14.5700,200
54975347008430,15:16:15.347,14.5700,100
54978765898866,15:16:18.765,14.5700,100
55101793975937,15:18:21.793,14.5200,100
55101871308567,15:18:21.871,14.5100,100
55102047265319,15:18:22.047,14.5100,10
55168646573948,15:19:28.646,14.4900,15
55200001151291,15:20:00.001,14.5200,38
55200001195906,15:20:00.001,14.5300,300
55330585354028,15:22:10.585,14.5000,100
55333654556510,15:22:13.654,14.5000,100
55334801289931,15:22:14.801,14.5000,100
55337265925379,15:22:17.265,14.5000,100
55358585025801,15:22:38.585,14.5000,100
55425751013587,15:23:45.751,14.5000,100
55427755333010,15:23:47.755,14.5000,100
55436911992054,15:23:56.911,14.5000,100
55458235666930,15:24:18.235,14.5100,100
55458235666930,15:24:18.235,14.5100,100
55458236052650,15:24:18.236,14.5100,22
55458236270514,15:24:18.236,14.5100,78
55458236270514,15:24:18.236,14.5100,6
55458240931399,15:24:18.240,14.5200,100
55458240931399,15:24:18.240,14.5200,100
55458240931399,15:24:18.240,14.5200,100
55467215325724,15:24:27.215,14.5300,100
55467215325724,15:24:27.215,14.5300,100
55467215703441,15:24:27.215,14.5400,100
55468057909906,15:24:28.057,14.5300,100
55641508589693,15:27:21.508,14.5500,10
55657330997026,15:27:37.330,14.5500,100
55657331293104,15:27:37.331,14.5500,200
55657598004186,15:27:37.598,14.5500,100
55673422449010,15:27:53.422,14.5600,100
55673422603703,15:27:53.422,14.5600,100
55673426135801,15:27:53.426,14.5700,28
55801378141105,15:30:01.378,14.5700,10
55801379459389,15:30:01.379,14.5600,100
55801380420933,15:30:01.380,14.5500,4
55801380420933,15:30:01.380,14.5500,10
55801380420933,15:30:01.380,14.5500,86
55812721751319,15:30:12.721,14.5500,200
55816541982765,15:30:16.541,14.5500,100
55825738147152,15:30:25.738,14.5500,100
55825738147152,15:30:25.738,14.5500,100
55825738147152,15:30:25.738,14.5500,100
55825739571448,15:30:25.739,14.5600,100
55833016935625,15:30:33.016,14.5800,100
55833250815342,15:30:33.250,14.5900,100
55833250815342,15:30:33.250,14.5900,100
55835504446213,15:30:35.504,14.5800,42
55846683034470,15:30:46.683,14.5600,100
55846683034470,15:30:46.683,14.5600,100
55872401223334,15:31:12.401,14.5700,100
55872401223334,15:31:12.401,14.5700,100
55872401967390,15:31:12.401,14.5700,13
55872482097902,15:31:12.482,14.5900,85
55874488675915,15:31:14.488,14.5800,100
55874488675915,15:31:14.488,14.5800,100
55874678527208,15:31:14.678,14.5800,100
55964803764945,15:32:44.803,14.5500,100
55964803764945,15:32:44.803,14.5500,12
55964803764945,15:32:44.803,14.5500,10
55964806158972,15:32:44.806,14.5500,100
56108255823704,15:35:08.255,14.5500,10
56158320779143,15:35:58.320,14.5500,10
56203323883140,15:36:43.323,14.5500,200
56210029368245,15:36:50.029,14.5600,100
56210029368245,15:36:50.029,14.5600,100
56210029368245,15:36:50.029,14.5600,18
56212033833592,15:36:52.033,14.5700,100
56212033833592,15:36:52.033,14.5700,18
56212033833592,15:36:52.033,14.5700,100
56213524624366,15:36:53.524,14.5600,100
56372336896721,15:39:32.336,14.5500,10
56408754380522,15:40:08.754,14.5500,200
56480537144976,15:41:20.537,14.5500,100
56480791293958,15:41:20.791,14.5500,100
56481036668337,15:41:21.036,14.5500,100
56481529280749,15:41:21.529,14.5500,100
56489281879536,15:41:29.281,14.5600,100
56489281879536,15:41:29.281,14.5600,100
56489281936175,15:41:29.281,14.5600,11
56489281936175,15:41:29.281,14.5600,89
56489281988787,15:41:29.281,14.5600,11
56489281988787,15:41:29.281,14.5600,89
56489282683807,15:41:29.282,14.5600,11
56532614171858,15:42:12.614,14.5500,100
56613094464712,15:43:33.094,14.5500,11
56640066056628,15:44:00.066,14.5500,100
56669686299862,15:44:29.686,14.5500,6
56680054434202,15:44:40.054,14.5500,13
56730792403223,15:45:30.792,14.5500,11
56772325956325,15:46:12.325,14.5500,11
56772358314386,15:46:12.358,14.5500,27
56798881619754,15:46:38.881,14.5500,6
56824313414736,15:47:04.313,14.5500,10
56827677816891,15:47:07.677,14.5500,100
56830659685351,15:47:10.659,14.5500,300
56830662857736,15:47:10.662,14.5500,5
56830662857736,15:47:10.662,14.5400,100
56830662857736,15:47:10.662,14.5400,95
56874560777689,15:47:54.560,14.5400,12
56912657321770,15:48:32.657,14.5400,6
56936487511535,15:48:56.487,14.5500,100
56947728783306,15:49:07.728,14.5600,100
56947728783306,15:49:07.728,14.5600,100
56987504342084,15:49:47.504,14.5500,12
56998613130507,15:49:58.613,14.5600,6
56998613130507,15:49:58.613,14.5600,10
57011472635718,15:50:11.472,14.5600,100
57078212012240,15:51:18.212,14.5600,1
57144532309540,15:52:24.532,14.5500,10
57147741795361,15:52:27.741,14.5500,6
57157230588519,15:52:37.230,14.5500,84
57157230588519,15:52:37.230,14.5500,16
57157230627078,15:52:37.230,14.5500,50
57170563581519,15:52:50.563,14.5500,100
57181170805287,15:53:01.170,14.5500,3
57193058415676,15:53:13.058,14.5500,12
57270732949416,15:54:30.732,14.5600,100
57270732949416,15:54:30.732,14.5600,100
57270732949416,15:54:30.732,14.5600,40
57270732949416,15:54:30.732,14.5600,60
57270734043243,15:54:30.734,14.5600,40
57274230147354,15:54:34.230,14.5500,219
57274230147354,15:54:34.230,14.5500,100
57274230147354,15:54:34.230,14.5500,100
57274231028828,15:54:34.231,14.5500,200
57274231028828,15:54:34.231,14.5500,100
57274232195611,15:54:34.232,14.5500,100
57274233933090,15:54:34.233,14.5500,181
57300299538188,15:55:00.299,14.5500,19
57300299538188,15:55:00.299,14.5500,100
57300299538188,15:55:00.299,14.5500,100
57300299538188,15:55:00.299,14.5500,100
57300299540219,15:55:00.299,14.5500,319
57300299540786,15:55:00.299,14.5500,81
57302042620541,15:55:02.042,14.5500,100
57306276841760,15:55:06.276,14.5600,100
57306276841760,15:55:06.276,14.5600,3
57306276841760,15:55:06.276,14.5600,100
57306276841760,15:55:06.276,14.5600,12
57309315685351,15:55:09.315,14.5600,100
57310130811245,15:55:10.130,14.5600,62
57310131064424,15:55:10.131,14.5600,38
57352263175890,15:55:52.263,14.5600,100
57352263175890,15:55:52.263,14.5600,93
57352263175890,15:55:52.263,14.5600,15
57352263175890,15:55:52.263,14.5600,92
57352264598356,15:55:52.264,14.5600,8
57352264598356,15:55:52.264,14.5600,92
57352292619318,15:55:52.292,14.5600,8
57352292619318,15:55:52.292,14.5600,72
57371478634406,15:56:11.478,14.5600,14
57371478634406,15:56:11.478,14.5600,41
57371478634406,15:56:11.478,14.5600,28
57452832432187,15:57:32.832,14.5500,16
57492063837454,15:58:12.063,14.5600,100
57497038410480,15:58:17.038,14.5600,8
57497038410480,15:58:17.038,14.5600,6
57497038410480,15:58:17.038,14.5600,100
57497038410480,15:58:17.038,14.5600,10
57497038410480,15:58:17.038,14.5600,13
57497038410480,15:58:17.038,14.5600,63
57497039544248,15:58:17.039,14.5550,100
57507044928737,15:58:27.044,14.5550,133
57507044928737,15:58:27.044,14.5600,37
57507044928737,15:58:27.044,14.5600,30
57507608610276,15:58:27.608,14.5600,10
57512029640044,15:58:32.029,14.5600,76
57512029640044,15:58:32.029,14.5600,24
57517039062280,15:58:37.039,14.5600,76
57517039062280,15:58:37.039,14.5600,24
57522043363479,15:58:42.043,14.5600,26
57522043363479,15:58:42.043,14.5600,74
57524164867373,15:58:44.164,14.5600,100
57527061815560,15:58:47.061,14.5600,60
57527061815560,15:58:47.061,14.5600,5
57527061815560,15:58:47.061,14.5600,35
57527062481978,15:58:47.062,14.5600,65
57527062481978,15:58:47.062,14.5600,35
57527063709593,15:58:47.063,14.5600,50
57540499445816,15:59:00.499,14.5600,39
57545037387061,15:59:05.037,14.5600,61
57545183808049,15:59:05.183,14.5600,100
57545183811688,15:59:05.183,14.5600,10
57545183818612,15:59:05.183,14.5600,100
57545184371483,15:59:05.184,14.5650,196
57545184371483,15:59:05.184,14.5700,4
57545220804787,15:59:05.220,14.5700,196
57545220804787,15:59:05.220,14.5700,100
57545220804787,15:59:05.220,14.5700,4
57545220861456,15:59:05.220,14.5700,96
57545220861456,15:59:05.220,14.5700,125
57545220861456,15:59:05.220,14.5700,10
57545230359358,15:59:05.230,14.5800,87
57546133367483,15:59:06.133,14.5700,100
57546133367483,15:59:06.133,14.5700,100
57551051883845,15:59:11.051,14.5800,1000
57551232288208,15:59:11.232,14.5750,100
57551232288208,15:59:11.232,14.5800,213
57551232288208,15:59:11.232,14.5800,187
57552037907201,15:59:12.037,14.5800,13
57552037907201,15:59:12.037,14.5800,187
57552044283648,15:59:12.044,14.5800,13
57552044283648,15:59:12.044,14.5800,87
57555159210848,15:59:15.159,14.5800,900
57555159250769,15:59:15.159,14.5800,50
57555159287558,15:59:15.159,14.5800,359
57555159287558,15:59:15.159,14.5800,400
57555159287558,15:59:15.159,14.5800,66
57555159287558,15:59:15.159,14.5800,234
57555159287558,15:59:15.159,14.5800,200
57555159287558,15:59:15.159,14.5800,6
57557042048940,15:59:17.042,14.5900,100
57557042048940,15:59:17.042,14.5900,100
57560166211540,15:59:20.166,14.5900,100
57560166211540,15:59:20.166,14.5900,1100
57560166272894,15:59:20.166,14.5900,200
57560166272894,15:59:20.166,14.5900,21
57560167977445,15:59:20.167,14.5900,99
57562044898983,15:59:22.044,14.5900,80
57565228624016,15:59:25.228,14.6000,200
57565228624016,15:59:25.228,14.6000,500
57566063566873,15:59:26.063,14.6000,16
57567047373810,15:59:27.047,14.6000,200
57570278675697,15:59:30.278,14.6100,198
57570278675697,15:59:30.278,14.6100,100
57570278675697,15:59:30.278,14.6100,100
57570278675697,15:59:30.278,14.6100,200
57570278675697,15:59:30.278,14.6100,202
57570934983277,15:59:30.934,14.6100,102
57573066875938,15:59:33.066,14.5900,100
57573066875938,15:59:33.066,14.5900,86
57573066875938,15:59:33.066,14.5900,219
57573066875938,15:59:33.066,14.5900,198
57573066875938,15:59:33.066,14.5900,100
57573066875938,15:59:33.066,14.5900,100
57573066875938,15:59:33.066,14.5900,100
57573069211317,15:59:33.069,14.5800,22
57573069211317,15:59:33.069,14.5800,78
57573069238545,15:59:33.069,14.5800,22
57573184620778,15:59:33.184,14.5900,100
57573184620778,15:59:33.184,14.5900,200
57573498593302,15:59:33.498,14.5700,100
57573498593302,15:59:33.498,14.5700,100
57574203583787,15:59:34.203,14.5700,219
57574203583787,15:59:34.203,14.5700,100
57574203583787,15:59:34.203,14.5700,198
57580280998620,15:59:40.280,14.5900,100
57580325260701,15:59:40.325,14.6000,17
57580374252897,15:59:40.374,14.6000,83
57580374252897,15:59:40.374,14.6000,219
57580374252897,15:59:40.374,14.6000,100
57580374252897,15:59:40.374,14.6000,98
57580379670277,15:59:40.379,14.6000,2
57580379670277,15:59:40.379,14.6000,98
57580564369088,15:59:40.564,14.6000,2
57583149992586,15:59:43.149,14.6000,100
57583150020898,15:59:43.150,14.6000,86
57583150020898,15:59:43.150,14.6000,198
57583150020898,15:59:43.150,14.6000,100
57583150020898,15:59:43.150,14.6000,219
57583150206435,15:59:43.150,14.6000,100
57585219090841,15:59:45.219,14.6100,100
57585251437362,15:59:45.251,14.6100,1000
57586046479212,15:59:46.046,14.6100,100
57586698152280,15:59:46.698,14.6000,100
57586700458454,15:59:46.700,14.6000,100
57587072221799,15:59:47.072,14.6050,100
57587072221799,15:59:47.072,14.6100,200
57587083024425,15:59:47.083,14.6100,100
57587093536052,15:59:47.093,14.6050,100
57587093536052,15:59:47.093,14.6100,93
57587093536052,15:59:47.093,14.6100,107
57587157022179,15:59:47.157,14.6100,800
57587700757459,15:59:47.700,14.6000,38
57588011501603,15:59:48.011,14.6100,489
57588011501603,15:59:48.011,14.6100,211
57589014593641,15:59:49.014,14.6050,38
57590013537243,15:59:50.013,14.6100,200
57590031453040,15:59:50.031,14.6100,89
57590100492725,15:59:50.100,14.6000,42
57592043396839,15:59:52.043,14.6200,100
57592043396839,15:59:52.043,14.6200,300
57592079031396,15:59:52.079,14.6200,100
57592093000777,15:59:52.093,14.6200,100
57592151331122,15:59:52.151,14.6200,800
57593076793908,15:59:53.076,14.6100,100
57593081410809,15:59:53.081,14.6300,200
57593081410809,15:59:53.081,14.6300,100
57594016570580,15:59:54.016,14.6200,100
57594016570580,15:59:54.016,14.6200,100
57594016570580,15:59:54.016,14.6200,100
57594064337113,15:59:54.064,14.6300,100
57594076820990,15:59:54.076,14.6300,100
57594084102674,15:59:54.084,14.6300,136
57594091930168,15:59:54.091,14.6300,100
57594102329584,15:59:54.102,14.6300,100
57595053041504,15:59:55.053,14.6300,10
57597036706917,15:59:57.036,14.6300,454
57597036706917,15:59:57.036,14.6300,646
57597043673132,15:59:57.043,14.6300,600
57597743132362,15:59:57.743,14.6100,8
57598015830654,15:59:58.015,14.6400,300
57598015830654,15:59:58.015,14.6400,100
57598066865044,15:59:58.066,14.6400,62
57599017115377,15:59:59.017,14.6300,46
57600634937106,16:00:00.634,14.6000,198
57600634937106,16:00:00.634,14.6000,100
57600634937106,16:00:00.634,14.6000,600
57600634937106,16:00:00.634,14.6000,51678
