timestamp,time,price,volume
34200632695879,09:30:00.632,0.0000,0
34563061054239,09:36:03.061,131.1900,100
34563061054239,09:36:03.061,131.2000,100
34563061080139,09:36:03.061,131.2000,100
34563061082841,09:36:03.061,131.2000,100
34563061115950,09:36:03.061,131.2000,100
34563061136364,09:36:03.061,131.2000,100
34563061140833,09:36:03.061,131.2000,100
34563062085090,09:36:03.062,131.8300,100
34563063026426,09:36:03.063,131.2000,100
34563067213935,09:36:03.067,131.3300,8
34563067947454,09:36:03.067,131.3300,4
34563068323333,09:36:03.068,131.3300,4
34568687655075,09:36:08.687,131.7200,100
34568687830059,09:36:08.687,131.7200,100
34568688075998,09:36:08.688,131.7200,100
34568688568821,09:36:08.688,132.0000,30
34568688593716,09:36:08.688,132.0000,70
34568688690471,09:36:08.688,132.0000,70
34568689002709,09:36:08.689,132.0000,30
34572934389211,09:36:12.934,132.6900,50
34584405371679,09:36:24.405,132.4000,27
34584405398839,09:36:24.405,132.4000,13
34584405398839,09:36:24.405,132.4000,100
34584405872174,09:36:24.405,132.4000,100
34584406018017,09:36:24.406,132.4000,70
34584406202629,09:36:24.406,132.4000,100
34584407373313,09:36:24.407,132.4100,100
34584407512659,09:36:24.407,132.4100,30
34584407786627,09:36:24.407,132.4100,70
34584407925228,09:36:24.407,132.5400,8
34639597992146,09:37:19.597,133.3800,100
34639598256125,09:37:19.598,133.3800,100
34639598299893,09:37:19.598,133.3800,100
34639718571417,09:37:19.718,133.3900,200
34639718946462,09:37:19.718,133.3900,70
34640634959853,09:37:20.634,134.0700,100
34640638267623,09:37:20.638,134.9600,100
34640639091808,09:37:20.639,134.7600,130
34640639091808,09:37:20.639,134.7500,70
34640660095409,09:37:20.660,134.7500,60
34640660095409,09:37:20.660,134.7000,140
34640660144901,09:37:20.660,134.7000,60
34756059513366,09:39:16.059,134.6600,100
34756059513366,09:39:16.059,134.6600,100
34756060014491,09:39:16.060,134.6600,100
34756060040346,09:39:16.060,134.6600,100
34756060057330,09:39:16.060,134.6600,100
34757024314383,09:39:17.024,134.6800,58
34757024768539,09:39:17.024,134.3900,30
34757024814721,09:39:17.024,134.5400,30
34757024814721,09:39:17.024,134.6300,100
34757024895769,09:39:17.024,134.3900,30
34757025528399,09:39:17.025,134.1700,5
34757058042294,09:39:17.058,134.1500,100
34757101963075,09:39:17.101,134.1600,13
34758713242452,09:39:18.713,133.7700,5
34758713890872,09:39:18.713,133.8200,100
34758713982829,09:39:18.713,133.7700,95
34758713982829,09:39:18.713,133.7400,5
34758714048827,09:39:18.714,133.7300,100
34758714762100,09:39:18.714,133.6800,100
34758714833350,09:39:18.714,133.7300,100
34758714833350,09:39:18.714,133.7300,30
34758715273408,09:39:18.715,133.7300,100
34758715299744,09:39:18.715,133.7400,100
34758715663263,09:39:18.715,133.7400,49
34762847018972,09:39:22.847,133.7400,51
34762847842829,09:39:22.847,133.7500,100
34892542747733,09:41:32.542,133.4600,70
34892542747733,09:41:32.542,133.4400,5
34892542747733,09:41:32.542,133.4300,25
34892542925692,09:41:32.542,133.4300,75
34892544410930,09:41:32.544,133.2900,100
34929250693337,09:42:09.250,133.0100,30
34929250693337,09:42:09.250,133.0000,70
34929251120849,09:42:09.251,133.0000,130
35098998160262,09:44:58.998,132.7700,100
35098998161566,09:44:58.998,132.7800,100
35098998303578,09:44:58.998,132.5700,10
35098999884061,09:44:58.999,132.3600,100
35127075521609,09:45:27.075,131.0500,10
35127078034793,09:45:27.078,130.9800,3
35127358613185,09:45:27.358,131.8300,100
35127359214590,09:45:27.359,131.8500,100
35130008443303,09:45:30.008,131.0400,100
35133396327886,09:45:33.396,131.7200,100
35141862807239,09:45:41.862,132.1400,47
35141862959914,09:45:41.862,131.8200,30
35141863100259,09:45:41.863,131.8200,30
35141863625317,09:45:41.863,131.8200,28
35141865707110,09:45:41.865,132.1000,12
35141886904987,09:45:41.886,131.6800,100
35170467788292,09:46:10.467,131.7900,10
35170468244409,09:46:10.468,132.0400,18
35180944209715,09:46:20.944,132.0500,100
35180944301624,09:46:20.944,132.0500,18
35180944330767,09:46:20.944,131.7900,10
35184144550634,09:46:24.144,131.8600,5
35184144550634,09:46:24.144,131.8500,95
35184144993268,09:46:24.144,131.8500,5
35185209771364,09:46:25.209,131.8800,100
35253502962001,09:47:33.502,132.0000,7
35298650184145,09:48:18.650,132.1900,100
35298651085086,09:48:18.651,132.1900,100
35298651400083,09:48:18.651,132.1900,30
35298651825997,09:48:18.651,132.1900,70
35298652657086,09:48:18.652,132.1900,2
35298652886988,09:48:18.652,132.1900,8
35304661334383,09:48:24.661,131.8600,97
35304661334383,09:48:24.661,131.7900,3
35341098787619,09:49:01.098,132.1000,15
35341098812276,09:49:01.098,132.0700,15
35350974296077,09:49:10.974,132.1400,15
35350974350618,09:49:10.974,132.2500,10
35350974506450,09:49:10.974,132.1400,10
35350975087673,09:49:10.975,132.1900,10
35367980793152,09:49:27.980,132.1600,10
35367981023216,09:49:27.981,132.2600,28
35367981023216,09:49:27.981,132.2900,15
35367981073379,09:49:27.981,132.3500,67
35367981079260,09:49:27.981,132.3500,33
35367982370463,09:49:27.982,132.4400,90
35367982993191,09:49:27.982,132.4400,10
35481743040815,09:51:21.743,132.9000,30
35490616925212,09:51:30.616,133.6200,100
35520331655199,09:52:00.331,133.9700,100
35520331715763,09:52:00.331,133.9700,100
35520331775010,09:52:00.331,133.7100,28
35520331858573,09:52:00.331,133.7100,23
35520332085405,09:52:00.332,133.6000,23
35525923326169,09:52:05.923,133.9100,100
35525923394504,09:52:05.923,133.9100,100
35525925385778,09:52:05.925,133.9200,100
35525925529232,09:52:05.925,133.7800,16
35525925823426,09:52:05.925,133.9200,16
35525925823426,09:52:05.925,133.9300,11
35525925859132,09:52:05.925,133.9300,73
35525926022895,09:52:05.926,133.7800,16
35525927931036,09:52:05.927,133.9300,16
35525927931036,09:52:05.927,133.9300,60
35525927931036,09:52:05.927,133.9300,100
35526239830808,09:52:06.239,134.3300,8
35562120044545,09:52:42.120,133.7500,30
35562120188358,09:52:42.120,133.7000,100
35562120427095,09:52:42.120,133.6400,10
35562120430594,09:52:42.120,133.6400,24
35562120435005,09:52:42.120,133.6400,66
35562120435005,09:52:42.120,133.5600,100
35562120575944,09:52:42.120,133.5600,100
35562122341043,09:52:42.122,133.6900,50
35562122341043,09:52:42.122,133.6900,50
35562134385375,09:52:42.134,133.5600,100
35776024985474,09:56:16.024,132.6900,100
36035868112990,10:00:35.868,133.4900,100
36035868112990,10:00:35.868,133.5200,50
36035868112990,10:00:35.868,133.6200,100
36035868112990,10:00:35.868,133.6200,100
36035868112990,10:00:35.868,133.6200,100
36035868178435,10:00:35.868,133.6200,100
36035868209355,10:00:35.868,133.6100,100
36035870245665,10:00:35.870,133.5200,26
36035870245665,10:00:35.870,133.6300,100
36035870245665,10:00:35.870,133.6300,100
36036080627064,10:00:36.080,133.7700,100
36036080627064,10:00:36.080,133.7700,100
36036080627064,10:00:36.080,133.7700,100
36036187864643,10:00:36.187,133.9200,100
36037234448550,10:00:37.234,133.9100,100
36044144840024,10:00:44.144,133.8500,100
36044145766639,10:00:44.145,133.7800,100
36044145842680,10:00:44.145,133.7800,100
36044147336285,10:00:44.147,133.7800,30
36044147520483,10:00:44.147,133.7800,30
36056917941791,10:00:56.917,133.6800,100
36056918809183,10:00:56.918,133.6600,41
36056918814320,10:00:56.918,133.6600,59
36056919488684,10:00:56.919,133.6600,100
36056919811730,10:00:56.919,133.6600,100
36056921965940,10:00:56.921,133.6600,100
36056921965940,10:00:56.921,133.6700,26
36056923530339,10:00:56.923,133.6700,74
36061984792034,10:01:01.984,133.6500,100
36061986811015,10:01:01.986,133.6500,100
36114277440828,10:01:54.277,133.6800,100
36158499316914,10:02:38.499,133.6600,8
36158499316914,10:02:38.499,133.6600,100
36158499316914,10:02:38.499,133.6600,100
36158499343358,10:02:38.499,133.6600,5
36158499433672,10:02:38.499,133.6600,100
36159785581656,10:02:39.785,133.6600,200
36159786135273,10:02:39.786,133.6700,100
36159859757813,10:02:39.859,133.8400,100
36219427284920,10:03:39.427,133.7500,200
36248574324156,10:04:08.574,133.7500,100
36248574324156,10:04:08.574,133.6700,8
36248574405758,10:04:08.574,133.6700,100
36248574478630,10:04:08.574,133.6700,58
36248574543934,10:04:08.574,133.6700,42
36248576053851,10:04:08.576,133.6700,84
36248576078075,10:04:08.576,133.6700,16
36313947462290,10:05:13.947,134.0500,100
36313947523950,10:05:13.947,134.0500,100
36314041967486,10:05:14.041,134.1900,100
36314042051296,10:05:14.042,134.2000,100
36381970756827,10:06:21.970,134.3400,5
36381970785057,10:06:21.970,134.3400,95
36381970785727,10:06:21.970,134.3400,95
36381970810788,10:06:21.970,134.3400,100
36381971121603,10:06:21.971,134.3400,5
36415501520959,10:06:55.501,134.6400,100
36415501614015,10:06:55.501,134.6500,16
36415507379984,10:06:55.507,134.6500,84
36522121516150,10:08:42.121,134.8200,10
36523271451959,10:08:43.271,134.9900,100
36525185049338,10:08:45.185,135.0000,100
36525185182492,10:08:45.185,134.8500,30
36525185367965,10:08:45.185,135.0000,30
36532390257183,10:08:52.390,135.0300,10
36569947216387,10:09:29.947,135.0500,100
36623852111521,10:10:23.852,135.0550,100
36687846179689,10:11:27.846,135.2700,100
36717144788601,10:11:57.144,135.2800,100
36717184566352,10:11:57.184,135.3000,5
36717184566352,10:11:57.184,135.2800,95
36717184660535,10:11:57.184,135.2800,5
36760499304440,10:12:40.499,135.2300,100
36760564466244,10:12:40.564,135.2300,10
36760564656904,10:12:40.564,135.1800,30
36760564656904,10:12:40.564,135.1500,45
36760565615294,10:12:40.565,135.1500,55
36760565615294,10:12:40.565,135.1400,45
36764924430639,10:12:44.924,135.1500,63
36767277472636,10:12:47.277,135.1400,55
36767277472636,10:12:47.277,135.1400,8
36767277496957,10:12:47.277,135.2550,100
36767281642331,10:12:47.281,135.1000,100
36767281666785,10:12:47.281,135.1000,19
36784109707829,10:13:04.109,135.0800,6
36930949433420,10:15:30.949,135.0600,8
36930949433420,10:15:30.949,135.0600,92
36930949463862,10:15:30.949,135.0600,8
36930949621692,10:15:30.949,135.0600,72
36930950550929,10:15:30.950,135.0500,100
36930950629057,10:15:30.950,135.0400,100
36930952370161,10:15:30.952,135.0500,72
36930952395125,10:15:30.952,135.0500,28
36954048634459,10:15:54.048,134.8900,100
37091139183680,10:18:11.139,134.8700,100
37091139183680,10:18:11.139,134.8700,100
37091139216117,10:18:11.139,134.8700,8
37093006370651,10:18:13.006,134.7200,100
37093029588812,10:18:13.029,134.7200,64
37094482883812,10:18:14.482,134.7200,36
37142644231694,10:19:02.644,134.9500,100
37142644254892,10:19:02.644,134.9500,100
37142644722696,10:19:02.644,134.9500,100
37164602544088,10:19:24.602,135.0500,100
37179499149588,10:19:39.499,135.3400,10
37179499174351,10:19:39.499,135.3400,90
37309771458178,10:21:49.771,135.4800,1
37334218839238,10:22:14.218,135.6500,100
37334218865666,10:22:14.218,135.6500,10
37376825633729,10:22:56.825,135.6500,100
37376825633729,10:22:56.825,135.5300,99
37380041369760,10:23:00.041,135.5600,100
37380041369760,10:23:00.041,135.5600,8
37380041940843,10:23:00.041,135.5300,100
37380042166795,10:23:00.042,135.5600,100
37380042721267,10:23:00.042,135.5300,100
37557706444000,10:25:57.706,135.3600,8
37557706491269,10:25:57.706,135.3600,8
37557710920182,10:25:57.710,135.3600,10
37557732834541,10:25:57.732,135.3600,3
37563736927926,10:26:03.736,135.4200,10
37563736959086,10:26:03.736,135.4400,100
37563737182367,10:26:03.737,135.5200,100
37685399552533,10:28:05.399,135.4700,8
37685399552533,10:28:05.399,135.4700,100
37685399926610,10:28:05.399,135.5600,25
37685400154983,10:28:05.400,135.4700,25
37685400602275,10:28:05.400,135.5600,26
37685400674874,10:28:05.400,135.5000,25
37685410002001,10:28:05.410,135.4400,33
37685410576555,10:28:05.410,135.4400,67
37685410634274,10:28:05.410,135.4100,100
37748496851583,10:29:08.496,135.6900,100
37800869332328,10:30:00.869,135.9000,50
37980372390084,10:33:00.372,135.9100,100
38065549722654,10:34:25.549,135.9900,100
38065549778173,10:34:25.549,136.0000,100
38065550342703,10:34:25.550,136.0000,9
38181488185508,10:36:21.488,136.0850,100
38181488662849,10:36:21.488,136.0300,100
38181488890896,10:36:21.488,136.0200,100
38181488967143,10:36:21.488,136.0200,100
38181491092746,10:36:21.491,135.9500,100
38181492644781,10:36:21.492,135.9300,100
38208054373648,10:36:48.054,135.9800,100
38208056971887,10:36:48.056,135.9800,100
38303450680151,10:38:23.450,136.1400,100
38303450705520,10:38:23.450,136.1400,100
38303452047038,10:38:23.452,136.2700,100
38347148014949,10:39:07.148,136.1700,100
38347648009970,10:39:07.648,136.1700,100
38360199643282,10:39:20.199,136.1700,100
38401650196419,10:40:01.650,136.1000,88
38401650302168,10:40:01.650,136.0900,28
38401650593432,10:40:01.650,136.0900,72
38401652059043,10:40:01.652,136.1000,100
38424421541496,10:40:24.421,135.9000,8
38538407854760,10:42:18.407,135.6550,100
38715121069937,10:45:15.121,135.4800,8
38738008454920,10:45:38.008,135.3000,100
38738008454920,10:45:38.008,135.3000,100
38738008454920,10:45:38.008,135.3000,100
38759497086110,10:45:59.497,135.5600,100
39053106694318,10:50:53.106,135.4300,8
39053107963016,10:50:53.107,135.4000,100
39053781624926,10:50:53.781,135.3800,100
39053877622886,10:50:53.877,135.2800,100
39053896371561,10:50:53.896,135.0600,129
39075050274095,10:51:15.050,134.9900,57
39075050278079,10:51:15.050,134.9900,79
39132013386054,10:52:12.013,134.9900,100
39132013386054,10:52:12.013,134.9900,100
39132013434738,10:52:12.013,134.9900,100
39132013434738,10:52:12.013,135.0000,6
39132013697004,10:52:12.013,135.0000,10
39132013707240,10:52:12.013,134.9800,100
39132013841437,10:52:12.013,134.9900,30
39132013841437,10:52:12.013,135.0000,34
39132014766526,10:52:12.014,135.0000,100
39132014854915,10:52:12.014,135.0000,53
39132015087619,10:52:12.015,135.0000,47
39132035494392,10:52:12.035,135.0500,6
39132059875041,10:52:12.059,135.0900,12
39133057300405,10:52:13.057,135.0500,18
39133993235083,10:52:13.993,135.1000,100
39150081307120,10:52:30.081,135.1200,100
39169757764980,10:52:49.757,135.1300,200
39169757764980,10:52:49.757,135.1400,100
39169758330599,10:52:49.758,135.0700,100
39175548343416,10:52:55.548,135.0300,40
39175548371984,10:52:55.548,135.0600,100
39175548469046,10:52:55.548,134.9900,8
39175548952720,10:52:55.548,134.9800,72
39175548960358,10:52:55.548,134.9800,2
39175548974187,10:52:55.548,134.9800,26
39175551448524,10:52:55.551,134.9200,24
39189431215873,10:53:09.431,134.7900,20
39189431234492,10:53:09.431,134.7900,80
39189442949091,10:53:09.442,134.7300,100
39258246724207,10:54:18.246,134.7800,100
39258246724207,10:54:18.246,134.7900,70
39258246724207,10:54:18.246,134.7900,30
39258246724207,10:54:18.246,134.7900,100
39258246724207,10:54:18.246,134.7900,10
39258246724207,10:54:18.246,134.7900,100
39258247154098,10:54:18.247,134.7900,100
39258257136728,10:54:18.257,134.8600,27
39259067066070,10:54:19.067,134.7900,200
39259067396177,10:54:19.067,134.8100,54
39259067839622,10:54:19.067,134.8000,54
39259078896799,10:54:19.078,134.8000,38
39260063691756,10:54:20.063,134.7900,9
39260064520871,10:54:20.064,134.8000,100
39260064520871,10:54:20.064,134.8000,30
39260064742473,10:54:20.064,134.7900,30
39260065121730,10:54:20.065,134.7900,34
39260065121730,10:54:20.065,134.8000,6
39304662065730,10:55:04.662,134.8200,100
39304662065730,10:55:04.662,134.8200,100
39304662065730,10:55:04.662,134.8300,100
39304662065730,10:55:04.662,134.8300,100
39304662143116,10:55:04.662,134.8300,100
39304662146300,10:55:04.662,134.8300,100
39304662224647,10:55:04.662,134.8300,100
39304662511431,10:55:04.662,134.8200,100
39305469898418,10:55:05.469,134.9300,4
39305548748996,10:55:05.548,134.7200,96
39306020434121,10:55:06.020,134.8250,100
39306038894076,10:55:06.038,134.8300,100
39306058460249,10:55:06.058,134.9500,100
39316601248197,10:55:16.601,134.8900,64
39316601263078,10:55:16.601,134.8900,36
39361705429244,10:56:01.705,134.8900,46
39596476325599,10:59:56.476,135.0200,4
39601234248916,11:00:01.234,135.0200,96
39660649860663,11:01:00.649,135.3700,100
39689804669115,11:01:29.804,135.5300,32
39689804676764,11:01:29.804,135.5300,68
39689804701145,11:01:29.804,135.5300,100
39690170887095,11:01:30.170,135.5300,100
39711378972300,11:01:51.378,135.5450,100
39742008711319,11:02:22.008,135.6600,100
39742009254786,11:02:22.009,135.6600,76
39742009254786,11:02:22.009,135.6700,24
39742009298387,11:02:22.009,135.6700,76
39742457274792,11:02:22.457,135.6900,100
39784219519291,11:03:04.219,135.8100,100
40046145740816,11:07:26.145,136.0300,100
40046145847445,11:07:26.145,135.8900,93
40046145847445,11:07:26.145,135.8800,7
40046146584477,11:07:26.146,135.8800,93
40046146584477,11:07:26.146,135.8700,7
40110213201987,11:08:30.213,136.1300,78
40110213616952,11:08:30.213,136.1300,22
40127654367276,11:08:47.654,136.2800,100
40127654495602,11:08:47.654,136.1800,30
40141491256404,11:09:01.491,136.2800,30
40150032044106,11:09:10.032,136.1800,100
40150032044106,11:09:10.032,136.1800,21
40284945291230,11:11:24.945,136.0000,100
40287504247871,11:11:27.504,136.1100,100
40376901496486,11:12:56.901,136.0600,2
40377225178603,11:12:57.225,136.0600,88
40511969511734,11:15:11.969,136.1500,13
40551408449023,11:15:51.408,136.2600,100
40551409528644,11:15:51.409,136.3000,100
40553219128415,11:15:53.219,136.3100,40
40635315657089,11:17:15.315,136.4100,7
40635317056186,11:17:15.317,136.4100,100
40662907328011,11:17:42.907,136.5000,73
40662907452598,11:17:42.907,136.5000,27
40662907452598,11:17:42.907,136.5000,100
40693774445469,11:18:13.774,136.3200,7
40693774516769,11:18:13.774,136.3200,100
40693774655318,11:18:13.774,136.3000,71
40693774662189,11:18:13.774,136.3000,29
40693774662189,11:18:13.774,136.3000,34
40693774665965,11:18:13.774,136.3000,62
40693774759417,11:18:13.774,136.3000,4
40693774759417,11:18:13.774,136.3000,100
40901197502762,11:21:41.197,136.1500,7
40901197810821,11:21:41.197,136.1400,100
40901197967096,11:21:41.197,136.1500,100
40932835524573,11:22:12.835,136.0000,100
40932835643661,11:22:12.835,136.0000,8
41071979950145,11:24:31.979,136.0900,27
41306946656344,11:28:26.946,135.9200,100
41306946656344,11:28:26.946,135.9200,100
41306946656344,11:28:26.946,135.9200,7
41306946987369,11:28:26.946,135.8900,1
41306947011772,11:28:26.947,135.8900,99
41337219858908,11:28:57.219,135.9200,1
41368602903859,11:29:28.602,135.7800,100
41368602932782,11:29:28.602,135.7700,59
41368602956783,11:29:28.602,135.7700,41
41369313941589,11:29:29.313,135.8400,90
41401397803151,11:30:01.397,135.7600,100
41401397838736,11:30:01.397,135.8400,10
41401397838736,11:30:01.397,135.8400,100
41401397838736,11:30:01.397,135.8400,100
41401397838736,11:30:01.397,135.8400,100
41686480375171,11:34:46.480,135.9800,100
41686480439065,11:34:46.480,135.9800,100
41686777410935,11:34:46.777,135.9300,28
41686778270032,11:34:46.778,136.0300,30
41706076959159,11:35:06.076,136.0600,100
41713283573484,11:35:13.283,136.0700,100
41751624710194,11:35:51.624,135.9500,100
41833774684712,11:37:13.774,135.9400,50
41833774684712,11:37:13.774,135.9400,23
41833774684712,11:37:13.774,135.9400,1
41833774684712,11:37:13.774,135.9400,13
41833774684712,11:37:13.774,135.9400,100
41833774684712,11:37:13.774,135.9400,8
41833803458380,11:37:13.803,135.9400,2
41833803560041,11:37:13.803,135.8500,30
41833804404659,11:37:13.804,135.9400,28
41834315198374,11:37:14.315,135.9400,2
41834315198374,11:37:14.315,135.9600,98
41834315292451,11:37:14.315,135.9400,100
41954110872860,11:39:14.110,135.8000,100
41954110971769,11:39:14.110,135.7900,8
41954110971769,11:39:14.110,135.7900,100
42026451671672,11:40:26.451,135.8000,44
42027314351472,11:40:27.314,135.8100,92
42028751801957,11:40:28.751,135.6500,8
42028751873884,11:40:28.751,135.6500,88
42028751886154,11:40:28.751,135.6500,12
42028751899542,11:40:28.751,135.6400,6
42028752850407,11:40:28.752,135.6400,94
42051144972572,11:40:51.144,135.5700,100
42203295627597,11:43:23.295,135.7300,6
42323709905827,11:45:23.709,135.8200,11
42394153724444,11:46:34.153,135.5900,1
42403110966956,11:46:43.110,135.8100,77
42403110966956,11:46:43.110,135.8100,23
42403110992683,11:46:43.110,135.8100,77
42424126112983,11:47:04.126,135.8200,39
42424126122270,11:47:04.126,135.8200,61
42431423816486,11:47:11.423,135.7100,1
42433434450096,11:47:13.434,135.7100,1
42456790778650,11:47:36.790,135.7200,100
42456790873549,11:47:36.790,135.7200,100
42456919249644,11:47:36.919,135.7200,100
42468622800379,11:47:48.622,135.9000,600
42468622800379,11:47:48.622,135.9800,3
42481691864295,11:48:01.691,135.9800,1
42596381420263,11:49:56.381,136.1500,100
42596381420263,11:49:56.381,136.1500,100
42596381868708,11:49:56.381,136.1500,100
42596382331764,11:49:56.382,136.1600,100
42596382647902,11:49:56.382,136.1500,100
42596382804563,11:49:56.382,136.1600,100
42600764679290,11:50:00.764,136.2800,100
42743184633127,11:52:23.184,136.4500,100
42786124549947,11:53:06.124,136.4200,10
42786124549947,11:53:06.124,136.4400,90
43118600731547,11:58:38.600,136.1800,100
43269169676277,12:01:09.169,136.3200,100
43513335482855,12:05:13.335,136.3000,1
43513335482855,12:05:13.335,136.2900,100
43513335482855,12:05:13.335,136.2900,26
43513335825854,12:05:13.335,136.2800,100
43513335825854,12:05:13.335,136.2800,8
43513335825854,12:05:13.335,136.2800,19
43513336550247,12:05:13.336,136.2700,100
43513336550247,12:05:13.336,136.2700,100
43513337281339,12:05:13.337,136.2000,100
43513337304471,12:05:13.337,136.2000,100
43513337711461,12:05:13.337,136.2000,100
43596453063844,12:06:36.453,136.0800,100
43596453063844,12:06:36.453,136.0800,8
43596453113750,12:06:36.453,136.0800,10
43596453113750,12:06:36.453,136.0800,8
43596453167578,12:06:36.453,136.0800,100
43596453204091,12:06:36.453,136.0800,18
43596453754533,12:06:36.453,136.0800,2
43596453760755,12:06:36.453,136.0800,98
43596453760755,12:06:36.453,136.0800,2
43596453779441,12:06:36.453,136.0800,72
43596453796931,12:06:36.453,136.0700,18
43596453872487,12:06:36.453,136.0700,18
43596453900554,12:06:36.453,136.0700,64
43765160656130,12:09:25.160,136.0500,1
43810214789811,12:10:10.214,136.0700,38
43810214889360,12:10:10.214,136.0700,62
43810215266497,12:10:10.215,136.0800,7
43810216041595,12:10:10.216,136.1100,100
43810401250914,12:10:10.401,136.0700,100
43909385968657,12:11:49.385,136.1400,100
43909386043578,12:11:49.386,136.1500,90
43909386069448,12:11:49.386,136.1500,10
43909386656773,12:11:49.386,136.1600,30
43911005270242,12:11:51.005,136.2200,54
44214067596088,12:16:54.067,136.2200,1
44214067596088,12:16:54.067,136.2200,100
44214168540119,12:16:54.168,136.2900,100
44214168652666,12:16:54.168,136.2900,100
44214168761886,12:16:54.168,136.2800,100
44259364418388,12:17:39.364,136.3100,7
44521388580376,12:22:01.388,136.1000,100
44521389294750,12:22:01.389,136.0700,100
44521389294750,12:22:01.389,136.0700,100
44521825620168,12:22:01.825,136.1500,27
44523087428335,12:22:03.087,136.0300,100
44585477600370,12:23:05.477,135.9500,8
44585508012936,12:23:05.508,135.9100,200
44585508094052,12:23:05.508,135.8900,33
44585508123911,12:23:05.508,135.8900,67
44742301947733,12:25:42.301,135.7800,6
44742301971768,12:25:42.301,135.7800,2
44742302082741,12:25:42.302,135.7700,100
44742642640983,12:25:42.642,135.6900,100
44885044616497,12:28:05.044,135.8000,17
44885044616497,12:28:05.044,135.8000,83
44885044649827,12:28:05.044,135.8000,17
44885044649827,12:28:05.044,135.8000,83
44885044668965,12:28:05.044,135.8000,17
44885045168559,12:28:05.045,135.8100,100
45109055167068,12:31:49.055,135.7100,100
45109055167068,12:31:49.055,135.7100,100
45109055193700,12:31:49.055,135.7100,100
45109055560279,12:31:49.055,135.7000,8
45145800188625,12:32:25.800,135.6700,8
45145818970005,12:32:25.818,135.6700,18
45145818994931,12:32:25.818,135.6700,82
45216918741953,12:33:36.918,135.5800,100
45216918771585,12:33:36.918,135.5800,26
45237827979969,12:33:57.827,135.6100,30
45237828068862,12:33:57.828,135.6100,100
45317967810611,12:35:17.967,135.6300,59
45317967835468,12:35:17.967,135.6300,41
45317967835468,12:35:17.967,135.6300,100
45317968330091,12:35:17.968,135.6600,100
45674218568886,12:41:14.218,135.5300,100
45674218568886,12:41:14.218,135.5300,8
45674218600483,12:41:14.218,135.5300,100
45674229291885,12:41:14.229,135.5000,100
45694580821087,12:41:34.580,135.4500,100
45694581206865,12:41:34.581,135.4500,100
45694596603318,12:41:34.596,135.4400,1
45694603350119,12:41:34.603,135.4100,1
45694612598185,12:41:34.612,135.3500,100
45694640387540,12:41:34.640,135.3400,1
45728782962523,12:42:08.782,135.2100,8
45728782963183,12:42:08.782,135.2100,8
45728782989173,12:42:08.782,135.2100,92
45728783427129,12:42:08.783,135.1800,18
45728783499656,12:42:08.783,135.1800,18
45728783562721,12:42:08.783,135.1800,18
45728783861896,12:42:08.783,135.1800,46
45728783895636,12:42:08.783,135.1700,1
45728861830883,12:42:08.861,135.1400,1
45729788143965,12:42:09.788,135.0900,1
45980932177503,12:46:20.932,135.0000,100
45980932177503,12:46:20.932,134.9900,8
45980932265729,12:46:20.932,134.9900,92
45980932265729,12:46:20.932,134.9900,8
45980932356747,12:46:20.932,134.9800,1
45980932356747,12:46:20.932,134.9800,100
45996997385172,12:46:36.997,135.1100,100
45996997508943,12:46:36.997,135.1200,100
45996997794114,12:46:36.997,135.1300,100
45996997794114,12:46:36.997,135.1300,100
45996997794114,12:46:36.997,135.1300,63
45996997822139,12:46:36.997,135.1300,37
45996998447416,12:46:36.998,135.1700,100
45996998479667,12:46:36.998,135.2000,66
45996998483116,12:46:36.998,135.2000,34
45997010686785,12:46:37.010,135.1300,100
45997010752523,12:46:37.010,135.1300,100
45997010805503,12:46:37.010,135.1300,100
45997010865885,12:46:37.010,135.1200,100
45997011084262,12:46:37.011,135.1300,100
46180326268523,12:49:40.326,135.0600,46
46180326293961,12:49:40.326,135.0600,46
46201335662368,12:50:01.335,135.0600,6
46213369727358,12:50:13.369,135.0600,2
46241577802083,12:50:41.577,135.0500,100
46257626452252,12:50:57.626,135.0500,100
46257626692706,12:50:57.626,135.0400,14
46257626717065,12:50:57.626,135.0400,86
46257626773556,12:50:57.626,135.0400,37
46257626799634,12:50:57.626,135.0400,26
46257626818704,12:50:57.626,135.0400,37
46257627211370,12:50:57.627,135.0100,100
46257627211370,12:50:57.627,135.0100,100
46257630146063,12:50:57.630,134.9300,2
46258094487869,12:50:58.094,134.9600,100
46258094487869,12:50:58.094,134.9600,80
46258094487869,12:50:58.094,134.9500,20
46258094515875,12:50:58.094,134.9500,60
46258094515875,12:50:58.094,134.9500,40
46258094515875,12:50:58.094,134.9500,8
46258095333312,12:50:58.095,134.9500,33
46277851173073,12:51:17.851,134.9700,13
46277851226797,12:51:17.851,134.9400,49
46277851353208,12:51:17.851,134.9700,87
46277852383473,12:51:17.852,134.9900,100
46277852383473,12:51:17.852,134.9900,100
46317114233588,12:51:57.114,135.0300,16
46317114258522,12:51:57.114,135.0300,84
46317114258522,12:51:57.114,135.0300,100
46369887831172,12:52:49.887,135.1300,100
46369887831172,12:52:49.887,135.1300,100
46369887918388,12:52:49.887,135.1500,100
46369888778316,12:52:49.888,135.1600,100
46404166649817,12:53:24.166,135.2600,100
46534235871581,12:55:34.235,135.1700,100
46534235938131,12:55:34.235,135.1700,100
46534235969023,12:55:34.235,135.1700,8
46534235969023,12:55:34.235,135.1700,92
46534236000311,12:55:34.236,135.1700,8
46534236003741,12:55:34.236,135.1700,100
46534236080830,12:55:34.236,135.1700,100
46534236100248,12:55:34.236,135.1700,100
46534236100792,12:55:34.236,135.1700,106
46534236112561,12:55:34.236,135.1700,60
46534236568616,12:55:34.236,135.1800,100
46534236568616,12:55:34.236,135.1800,30
46534237124879,12:55:34.237,135.1700,30
46534237346578,12:55:34.237,135.1300,100
46628210971828,12:57:08.210,135.2600,20
46628211201820,12:57:08.211,135.2600,80
46628211201820,12:57:08.211,135.2600,16
46628211209270,12:57:08.211,135.2600,84
46727404144159,12:58:47.404,135.3900,1
46894098999872,13:01:34.098,135.2800,4
46894099097939,13:01:34.099,135.2700,100
46894099124189,13:01:34.099,135.2700,100
46894099168570,13:01:34.099,135.2700,10
47014674284784,13:03:34.674,135.1800,8
47014674284784,13:03:34.674,135.1800,23
47157463435189,13:05:57.463,135.1200,1
47206771921923,13:06:46.771,135.1500,1
47489068046752,13:11:29.068,135.1550,100
47489068046752,13:11:29.068,135.1000,10
47489068046752,13:11:29.068,135.0900,7
47489068094461,13:11:29.068,135.0900,65
47489068472721,13:11:29.068,135.0800,8
47489068472721,13:11:29.068,135.0800,100
47489068472721,13:11:29.068,135.0800,8
47489068472721,13:11:29.068,135.0800,1
47490222879201,13:11:30.222,135.1700,100
47498147415213,13:11:38.147,135.2300,41
47678861314508,13:14:38.861,135.2300,59
47943753575797,13:19:03.753,135.2200,25
47943753575797,13:19:03.753,135.2200,91
47943753600545,13:19:03.753,135.2200,9
47943753600545,13:19:03.753,135.2200,100
47943753684265,13:19:03.753,135.2400,100
47943753966312,13:19:03.753,135.2500,100
47943754184826,13:19:03.754,135.2200,2
47943754270243,13:19:03.754,135.2300,8
47943754352619,13:19:03.754,135.2300,33
47943786029353,13:19:03.786,135.3000,100
47943786029353,13:19:03.786,135.3000,100
47943786073020,13:19:03.786,135.3000,30
47943786170028,13:19:03.786,135.3000,44
47943786362201,13:19:03.786,135.3000,100
47943786539513,13:19:03.786,135.3300,70
47943786563149,13:19:03.786,135.3300,30
48064503163826,13:21:04.503,135.4100,100
48069506006811,13:21:09.506,135.5800,100
48218081442858,13:23:38.081,135.5800,100
48218081902280,13:23:38.081,135.5900,100
48218082341895,13:23:38.082,135.5800,100
48220183441164,13:23:40.183,135.6000,100
48220185563226,13:23:40.185,135.6000,100
48223156088266,13:23:43.156,135.6000,100
48270567584035,13:24:30.567,135.5000,100
48270567584035,13:24:30.567,135.5000,6
48270573563704,13:24:30.573,135.4100,32
48320134354918,13:25:20.134,135.4900,100
48320134379047,13:25:20.134,135.4900,100
48320171121717,13:25:20.171,135.4000,1
48320171121717,13:25:20.171,135.4000,200
48320171479259,13:25:20.171,135.4000,100
48320171694303,13:25:20.171,135.3900,100
48320173006006,13:25:20.173,135.3000,2
48320173362828,13:25:20.173,135.2900,1
48320173362828,13:25:20.173,135.2900,1
48320173446188,13:25:20.173,135.2700,2
48320173446188,13:25:20.173,135.2700,10
48320174721645,13:25:20.174,135.2500,2
48443084930997,13:27:23.084,135.3200,100
48480882110595,13:28:00.882,135.3400,100
48480882948593,13:28:00.882,135.3500,100
48818141158572,13:33:38.141,135.2600,100
48823846411399,13:33:43.846,135.2700,100
48823846411399,13:33:43.846,135.2700,7
48823846436071,13:33:43.846,135.2700,100
48824257948521,13:33:44.257,135.2600,100
48869597233079,13:34:29.597,135.2600,20
48869597556336,13:34:29.597,135.2700,100
49041908719865,13:37:21.908,135.2300,100
49322871846498,13:42:02.871,135.1400,100
49337649712370,13:42:17.649,135.1300,100
49337649736581,13:42:17.649,135.1300,77
49337649828452,13:42:17.649,135.1300,23
49337649852449,13:42:17.649,135.1300,54
49337650080690,13:42:17.650,135.1300,23
49337650145097,13:42:17.650,135.1700,13
49337650601127,13:42:17.650,135.1700,5
49337650604270,13:42:17.650,135.1700,82
49337650651801,13:42:17.650,135.1700,18
49417683743152,13:43:37.683,135.0800,100
49417685360801,13:43:37.685,135.0700,100
49417685420936,13:43:37.685,135.0700,100
49417685436280,13:43:37.685,135.0700,100
49427691407353,13:43:47.691,135.0700,100
49427691407353,13:43:47.691,135.0700,1
49427691407353,13:43:47.691,135.0700,100
49501331337472,13:45:01.331,135.1000,100
49501331897311,13:45:01.331,135.1000,22
49501332440993,13:45:01.332,135.0800,100
49513878125367,13:45:13.878,135.1000,6
49513878424555,13:45:13.878,135.1000,1
49656004327127,13:47:36.004,135.0800,6
49656004327127,13:47:36.004,135.0800,94
49656004352971,13:47:36.004,135.0800,6
49659319037859,13:47:39.319,135.0000,100
49660000676009,13:47:40.000,135.0800,66
49660000677456,13:47:40.000,135.0800,10
49810004802532,13:50:10.004,135.1100,20
49810004802532,13:50:10.004,135.1100,80
49810004826923,13:50:10.004,135.1100,20
49812219949351,13:50:12.219,135.0200,6
49812219949351,13:50:12.219,135.0200,1
49812219949351,13:50:12.219,135.0200,100
49812219954251,13:50:12.219,135.0200,100
49812220395928,13:50:12.220,134.9900,100
49812220421760,13:50:12.220,134.9900,100
49812220824773,13:50:12.220,134.9900,4
49812220829903,13:50:12.220,134.9900,16
49820270585705,13:50:20.270,135.0500,4
49820270668567,13:50:20.270,135.0500,100
49969549720683,13:52:49.549,135.1000,32
50003375091379,13:53:23.375,135.0600,20
50003375507721,13:53:23.375,135.0300,6
50003375507721,13:53:23.375,135.0300,94
50003375516453,13:53:23.375,135.0300,6
50010050518732,13:53:30.050,135.0100,31
50047430472923,13:54:07.430,135.0000,100
50047430472923,13:54:07.430,135.0000,7
50047437736783,13:54:07.437,134.9300,100
50122106759021,13:55:22.106,134.9700,20
50126481808601,13:55:26.481,134.9700,20
50126482574191,13:55:26.482,134.9700,60
50221277324296,13:57:01.277,135.0700,21
50221277349589,13:57:01.277,135.0700,3
50245404417834,13:57:25.404,135.1000,100
50246610977309,13:57:26.610,135.0800,100
50246611007629,13:57:26.611,135.0800,7
50263243516125,13:57:43.243,135.0800,100
50351016193612,13:59:11.016,135.0200,88
50351016203702,13:59:11.016,135.0200,12
50351016203702,13:59:11.016,135.0200,32
50351016205783,13:59:11.016,135.0200,44
50351016396263,13:59:11.016,135.0200,24
50351016396263,13:59:11.016,135.0200,7
50351019827788,13:59:11.019,134.9800,2
50351019852834,13:59:11.019,134.9800,98
50402694890991,14:00:02.694,135.0700,100
50402714666391,14:00:02.714,134.9700,100
50402714666391,14:00:02.714,134.9700,100
50402714666391,14:00:02.714,134.9700,75
50402714666391,14:00:02.714,134.9700,25
50402714958414,14:00:02.714,134.9700,79
50402715181654,14:00:02.715,134.9600,100
50402718516939,14:00:02.718,134.9600,100
50402977972743,14:00:02.977,134.9100,100
50413162819196,14:00:13.162,134.9800,8
50413163434244,14:00:13.163,135.1000,100
50413835904338,14:00:13.835,135.1000,100
50413836342593,14:00:13.836,135.1200,20
50423088900410,14:00:23.088,135.2200,100
50425073561149,14:00:25.073,135.4700,5
50482762483051,14:01:22.762,135.6600,2
50641200444601,14:04:01.200,135.5700,1
50641327983913,14:04:01.327,135.5700,77
50641327983913,14:04:01.327,135.9700,100
50641368248307,14:04:01.368,135.9700,13
50686737183140,14:04:46.737,136.0000,100
50686737183140,14:04:46.737,136.0000,100
50689165439632,14:04:49.165,136.5100,100
50689165439632,14:04:49.165,136.5400,22
50689165439632,14:04:49.165,136.5400,36
50700191604522,14:05:00.191,136.7000,51
50718892148586,14:05:18.892,136.7000,73
50718892148586,14:05:18.892,136.8900,100
50718892148586,14:05:18.892,136.8900,51
50718985169879,14:05:18.985,136.8900,49
50718985192801,14:05:18.985,136.8900,100
50761206222710,14:06:01.206,137.2650,9
50993660542725,14:09:53.660,137.5300,14
50993660542725,14:09:53.660,137.5300,20
50993661144719,14:09:53.661,137.5400,18
50999602432839,14:09:59.602,137.2950,100
51132250629349,14:12:12.250,137.2200,40
51224785973038,14:13:44.785,137.1600,10
51224785973038,14:13:44.785,137.1500,1
51224785973038,14:13:44.785,137.1500,41
51231493698621,14:13:51.493,137.1400,100
51231493698621,14:13:51.493,137.1400,5
51231493757662,14:13:51.493,137.1400,100
51231493775643,14:13:51.493,137.1300,72
51231493979690,14:13:51.493,137.1300,28
51231493998299,14:13:51.493,137.1200,30
51231493999659,14:13:51.493,137.1200,56
51231494169850,14:13:51.494,137.1200,5
51231494177178,14:13:51.494,137.1200,9
51231494177178,14:13:51.494,137.1200,189
51231494200720,14:13:51.494,137.1200,11
51231494440390,14:13:51.494,137.1300,25
51231494440390,14:13:51.494,137.1400,26
51231494440390,14:13:51.494,137.1500,49
51231494530338,14:13:51.494,137.1200,26
51231494613874,14:13:51.494,137.1200,193
51231494620452,14:13:51.494,137.1200,7
51231495991284,14:13:51.495,137.0000,18
51231552797920,14:13:51.552,137.0750,100
51231552797920,14:13:51.552,137.0000,82
51231552822891,14:13:51.552,137.0000,100
51231556536149,14:13:51.556,137.0000,44
51233573323990,14:13:53.573,136.9200,100
51352528815983,14:15:52.528,136.8000,20
51397272659789,14:16:37.272,137.0800,10
51397272659789,14:16:37.272,137.0800,100
51397272738668,14:16:37.272,137.0800,100
51397272833411,14:16:37.272,137.0800,17
51397273127509,14:16:37.273,137.0900,50
51397273763772,14:16:37.273,137.0900,35
51397273979119,14:16:37.273,137.1500,100
51397274360523,14:16:37.274,137.1500,20
51397274854909,14:16:37.274,137.0900,70
51397274854909,14:16:37.274,137.0800,42
51397274854909,14:16:37.274,137.0800,20
51397274923598,14:16:37.274,137.0800,70
51400362890870,14:16:40.362,137.1500,10
51437257647224,14:17:17.257,137.4800,37
51522101319888,14:18:42.101,137.6400,26
51522101319888,14:18:42.101,137.7900,44
51762097939457,14:22:42.097,137.7600,100
51762098264286,14:22:42.098,137.7700,50
51762098355263,14:22:42.098,137.7700,50
51816676739025,14:23:36.676,138.0300,59
51857680998677,14:24:17.680,138.1800,100
51866951964580,14:24:26.951,137.7800,5
51866951964580,14:24:26.951,137.7700,5
51866952315602,14:24:26.952,137.7700,15
51866952315602,14:24:26.952,137.7400,50
51890511316457,14:24:50.511,138.0000,35
51890511316457,14:24:50.511,137.9800,65
51890511348727,14:24:50.511,137.9800,35
51898531857954,14:24:58.531,137.9850,100
51966469333269,14:26:06.469,137.8600,45
51966469360819,14:26:06.469,137.8600,55
51966473537326,14:26:06.473,137.7600,5
51966473546325,14:26:06.473,137.7600,10
51966473546325,14:26:06.473,137.7400,106
51966473743059,14:26:06.473,137.7400,56
51966473938016,14:26:06.473,137.7400,38
51966473938016,14:26:06.473,137.7300,60
51966473953621,14:26:06.473,137.7300,40
51966474561582,14:26:06.474,137.7400,100
51966474975483,14:26:06.474,137.6100,89
51966474987218,14:26:06.474,137.6100,11
51966475079054,14:26:06.475,137.6100,100
52031265424388,14:27:11.265,138.0700,10
52070394752897,14:27:50.394,137.4400,100
52313025302606,14:31:53.025,137.5500,5
52313025326152,14:31:53.025,137.5500,10
52313026238182,14:31:53.026,137.5100,100
52313033437146,14:31:53.033,137.5600,100
52332594802122,14:32:12.594,137.4000,5
52332594828463,14:32:12.594,137.4000,100
52407844313126,14:33:27.844,137.3900,80
52407844313126,14:33:27.844,137.4000,20
52407844389739,14:33:27.844,137.4000,80
52407844389739,14:33:27.844,137.4000,20
52407844407226,14:33:27.844,137.4000,80
52407844407226,14:33:27.844,137.4000,20
52407844415802,14:33:27.844,137.4000,80
52407849271797,14:33:27.849,137.4000,100
52408963167704,14:33:28.963,137.2700,9
52408963167704,14:33:28.963,137.2700,91
52440181034818,14:34:00.181,137.3100,32
52440181462374,14:34:00.181,137.2800,4
52453705538967,14:34:13.705,137.4600,10
52453705538967,14:34:13.705,137.4700,100
52453705747855,14:34:13.705,137.3800,10
52453706716675,14:34:13.706,137.4700,66
52453706719861,14:34:13.706,137.5200,20
52453706963897,14:34:13.706,137.4900,10
52453706963897,14:34:13.706,137.4700,34
52453707050652,14:34:13.707,137.5200,10
52454685199560,14:34:14.685,137.4900,10
52454685199560,14:34:14.685,137.4900,32
52454685460829,14:34:14.685,137.4900,100
52457521856727,14:34:17.521,137.6000,100
52498014830595,14:34:58.014,137.5400,3
52582219878473,14:36:22.219,137.3300,1
52649959076021,14:37:29.959,137.5900,100
52649959076021,14:37:29.959,137.5900,100
52649959101186,14:37:29.959,137.5900,100
52649960227241,14:37:29.960,137.5900,10
52667922311339,14:37:47.922,137.7400,100
52694796571740,14:38:14.796,137.8900,38
52696377233933,14:38:16.377,137.8900,5
52696377233933,14:38:16.377,137.8700,100
52696377233933,14:38:16.377,137.8700,95
52696377337702,14:38:16.377,137.8700,5
52696377367695,14:38:16.377,137.8600,100
52703906108404,14:38:23.906,137.7500,25
52710909978438,14:38:30.909,137.6500,12
52720015702398,14:38:40.015,137.6500,100
52728165018558,14:38:48.165,137.7900,94
52728165062631,14:38:48.165,137.7900,6
52978021452726,14:42:58.021,137.6100,100
52978021452726,14:42:58.021,137.6000,7
52995071583026,14:43:15.071,137.6000,26
52995071625284,14:43:15.071,137.6000,35
52995071625676,14:43:15.071,137.6000,32
52995071625676,14:43:15.071,137.6000,7
52995072654226,14:43:15.072,137.6000,100
52995086799477,14:43:15.086,137.5700,100
52995086799477,14:43:15.086,137.5700,73
52995086829317,14:43:15.086,137.5700,100
52995090636480,14:43:15.090,137.6000,10
52995229294883,14:43:15.229,137.6100,50
52995476571209,14:43:15.476,137.6000,11
53090253584926,14:44:50.253,137.5900,100
53090253621668,14:44:50.253,137.6300,100
53090253641762,14:44:50.253,137.6300,38
53090253665131,14:44:50.253,137.6300,48
53090253665593,14:44:50.253,137.6300,4
53090253793548,14:44:50.253,137.6500,10
53090253799462,14:44:50.253,137.6500,12
53090253868076,14:44:50.253,137.6500,48
53105508044831,14:45:05.508,137.8700,38
53105508153367,14:45:05.508,137.8700,100
53189259153430,14:46:29.259,137.7400,41
53189261823030,14:46:29.261,137.7400,59
53189296701011,14:46:29.296,137.8400,100
53189433548703,14:46:29.433,137.8700,100
53189549398845,14:46:29.549,137.8800,5
53189549422775,14:46:29.549,137.8800,95
53259349512719,14:47:39.349,137.9500,90
53266007838021,14:47:46.007,137.8700,56
53321291822800,14:48:41.291,137.8500,11
53383819290246,14:49:43.819,137.9800,100
53409229923810,14:50:09.229,137.9400,11
53409230346307,14:50:09.230,137.9000,52
53409230346307,14:50:09.230,137.8900,52
53409230349796,14:50:09.230,137.8900,48
53409230349796,14:50:09.230,137.8900,4
53409230873799,14:50:09.230,137.8800,100
53409231505903,14:50:09.231,137.8400,1
53450982349130,14:50:50.982,137.8100,100
53466205295923,14:51:06.205,137.7400,100
53466205380002,14:51:06.205,137.7300,100
53466205650793,14:51:06.205,137.7300,100
53466205932503,14:51:06.205,137.7300,200
53466206737020,14:51:06.206,137.6600,100
53466206737020,14:51:06.206,137.6600,63
53466206763829,14:51:06.206,137.6600,37
53466207022336,14:51:06.207,137.6600,100
53527988055412,14:52:07.988,137.6300,10
53527988055412,14:52:07.988,137.6400,90
53527988133960,14:52:07.988,137.6400,10
53527988137421,14:52:07.988,137.6400,10
53527988192015,14:52:07.988,137.6400,90
53632174907089,14:53:52.174,137.8600,3
53632175023750,14:53:52.175,137.8600,40
53632175034587,14:53:52.175,137.8600,60
53632176765804,14:53:52.176,137.8700,100
53632176765804,14:53:52.176,137.8700,100
53632176855021,14:53:52.176,137.8700,100
53685849255522,14:54:45.849,137.8800,56
53785510711671,14:56:25.510,137.9900,100
53790176589125,14:56:30.176,138.1600,100
53860180499619,14:57:40.180,138.1100,11
53883780798595,14:58:03.780,137.8900,100
53985511874673,14:59:45.511,137.9900,100
53985511938367,14:59:45.511,137.9900,10
53985511938367,14:59:45.511,137.9800,90
53985511964947,14:59:45.511,137.9800,10
53991709952991,14:59:51.709,137.8800,8
53991710064033,14:59:51.710,137.8600,100
53991710210904,14:59:51.710,137.8800,33
53991710215104,14:59:51.710,137.8800,67
54014755292050,15:00:14.755,137.8700,1
54022133016425,15:00:22.133,137.8700,8
54022133016425,15:00:22.133,137.8700,100
54022218712500,15:00:22.218,137.7700,100
54022218736541,15:00:22.218,137.7700,100
54022219574614,15:00:22.219,137.7600,100
54027667336372,15:00:27.667,137.7700,11
54086358502653,15:01:26.358,137.6300,100
54086358527436,15:01:26.358,137.6300,100
54086358797738,15:01:26.358,137.6300,100
54175721091007,15:02:55.721,137.4200,100
54190223382432,15:03:10.223,137.4100,80
54190223382432,15:03:10.223,137.4100,11
54190223382432,15:03:10.223,137.4100,100
54190223975385,15:03:10.223,137.3900,100
54209836436156,15:03:29.836,137.3200,48
54209836439951,15:03:29.836,137.3200,52
54209837514251,15:03:29.837,137.2800,100
54209837514251,15:03:29.837,137.2800,100
54209837591937,15:03:29.837,137.2800,34
54209837999823,15:03:29.837,137.2800,66
54209838247876,15:03:29.838,137.2800,100
54212280955323,15:03:32.280,137.1900,7
54214453359696,15:03:34.453,137.1600,100
54214454180855,15:03:34.454,137.1900,26
54218609864908,15:03:38.609,137.2100,99
54218609864908,15:03:38.609,137.2300,1
54218609891363,15:03:38.609,137.2300,99
54218609915605,15:03:38.609,137.2300,100
54218610180340,15:03:38.610,137.2500,21
54222310478837,15:03:42.310,137.2700,100
54222310478837,15:03:42.310,137.2800,100
54222310478837,15:03:42.310,137.2800,100
54222310942923,15:03:42.310,137.2900,50
54263457329746,15:04:23.457,137.3000,100
54263457355175,15:04:23.457,137.3000,10
54263457379879,15:04:23.457,137.3300,98
54283683874928,15:04:43.683,137.2000,100
54283683887667,15:04:43.683,137.1800,100
54283683912230,15:04:43.683,137.1800,100
54283684241933,15:04:43.684,137.1800,73
54283684245868,15:04:43.684,137.1800,27
54283684251165,15:04:43.684,137.1800,27
54326126014244,15:05:26.126,137.3850,100
54333497039751,15:05:33.497,137.2000,100
54333497114043,15:05:33.497,137.2000,40
54333497114043,15:05:33.497,137.2000,60
54333497139559,15:05:33.497,137.2000,40
54333497189937,15:05:33.497,137.2000,40
54333497239296,15:05:33.497,137.2000,60
54333497239296,15:05:33.497,137.2000,40
54333497748145,15:05:33.497,137.2000,60
54333497748145,15:05:33.497,137.2000,13
54336699587811,15:05:36.699,137.2000,87
54336699587811,15:05:36.699,137.2000,100
54336700306372,15:05:36.700,137.2000,48
54336700330023,15:05:36.700,137.2000,65
54373438722562,15:06:13.438,137.1000,200
54373438722562,15:06:13.438,137.1000,100
54373438812222,15:06:13.438,137.1000,8
54373438812222,15:06:13.438,137.1000,100
54373439437960,15:06:13.439,137.1000,58
54373439463588,15:06:13.439,137.1000,42
54668797551343,15:11:08.797,136.8700,46
54668797552824,15:11:08.797,136.8700,45
54668797677080,15:11:08.797,136.8700,9
54668797677080,15:11:08.797,136.8700,100
54668798337750,15:11:08.798,136.8300,2
54671004070466,15:11:11.004,136.8000,2
54671004142001,15:11:11.004,136.7900,2
54671004190677,15:11:11.004,136.7800,2
54671004190677,15:11:11.004,136.7800,8
54671004634266,15:11:11.004,136.7750,100
54671025379872,15:11:11.025,136.7600,100
54674278592099,15:11:14.278,136.7500,2
54689061288400,15:11:29.061,136.7900,49
54689061289525,15:11:29.061,136.7900,51
54689061391504,15:11:29.061,136.7900,100
54689061443270,15:11:29.061,136.7900,100
54689061451371,15:11:29.061,136.7900,150
54689061453941,15:11:29.061,136.8000,95
54689061514192,15:11:29.061,136.8000,5
54689061725638,15:11:29.061,136.7900,100
54689061831839,15:11:29.061,136.8000,23
54689062115884,15:11:29.062,136.7900,50
54689063285034,15:11:29.063,136.8000,27
54689075138145,15:11:29.075,136.7800,36
54690130671411,15:11:30.130,136.7900,100
54763525960326,15:12:43.525,136.8100,22
54763525962295,15:12:43.525,136.8100,20
54763525962295,15:12:43.525,136.8200,60
54763526433638,15:12:43.526,136.8700,100
54763526457087,15:12:43.526,136.8700,100
54830177169642,15:13:50.177,136.9300,100
54830177169642,15:13:50.177,136.9300,90
54831028444190,15:13:51.028,136.9300,10
54831028444190,15:13:51.028,136.9300,10
54831028444190,15:13:51.028,136.9300,80
54832593229052,15:13:52.593,136.9300,20
54912900849132,15:15:12.900,136.9900,100
54926948748251,15:15:26.948,137.0300,100
54926949292455,15:15:26.949,137.0300,100
54926949959786,15:15:26.949,137.0500,10
54992787328620,15:16:32.787,137.0100,8
54992787792422,15:16:32.787,137.0100,33
54992788173397,15:16:32.788,137.0000,100
54992788173397,15:16:32.788,137.0000,100
54992788173397,15:16:32.788,137.0000,100
54998553925788,15:16:38.553,136.9300,50
55051785690253,15:17:31.785,136.9300,57
55051785699222,15:17:31.785,136.9300,43
55059046201998,15:17:39.046,136.9100,3
55059132728155,15:17:39.132,136.8900,100
55059133101454,15:17:39.133,136.8900,100
55059133750962,15:17:39.133,136.8800,5
55059428689101,15:17:39.428,136.9400,42
55059428714831,15:17:39.428,136.9400,58
55059430978222,15:17:39.430,136.9400,100
55077768681530,15:17:57.768,136.9700,100
55077768681530,15:17:57.768,136.9700,100
55124046543915,15:18:44.046,137.0800,100
55127938082883,15:18:47.938,136.8900,100
55129250550324,15:18:49.250,137.0800,12
55166802910979,15:19:26.802,136.9000,67
55166802910979,15:19:26.802,136.9000,33
55187548204063,15:19:47.548,137.1000,100
55187548204063,15:19:47.548,137.1000,100
55187548314232,15:19:47.548,137.1000,100
55187548325576,15:19:47.548,137.1100,26
55187548352841,15:19:47.548,137.1100,74
55200054610429,15:20:00.054,137.1700,10
55200054634725,15:20:00.054,137.1700,90
55236166111069,15:20:36.166,137.1300,100
55327751261836,15:22:07.751,137.1900,21
55342468047085,15:22:22.468,137.3000,10
55394492740536,15:23:14.492,137.1500,100
55394492740536,15:23:14.492,137.1500,100
55394492740536,15:23:14.492,137.1500,5
55394492881046,15:23:14.492,137.1400,100
55394493069927,15:23:14.493,137.1300,100
55394493469624,15:23:14.493,137.1300,46
55397106715919,15:23:17.106,137.1100,100
55397106715919,15:23:17.106,137.1000,100
55449421603735,15:24:09.421,137.1000,100
55449421667555,15:24:09.421,137.1000,100
55449421684104,15:24:09.421,137.1000,3
55449422844233,15:24:09.422,137.0800,2
55449423013261,15:24:09.423,137.0700,1
55449423013261,15:24:09.423,137.0700,100
55449423406169,15:24:09.423,137.0500,100
55449423407436,15:24:09.423,137.0500,100
55449425147472,15:24:09.425,137.0200,100
55451296834132,15:24:11.296,136.9600,100
55514035114645,15:25:14.035,136.9000,1
55514035114645,15:25:14.035,136.9000,1
55514035114645,15:25:14.035,136.8900,5
55514035114645,15:25:14.035,136.8800,16
55514035114645,15:25:14.035,136.8800,77
55530456855479,15:25:30.456,136.8800,100
55530458339576,15:25:30.458,136.8700,1
55530458339576,15:25:30.458,136.8700,99
55530458376876,15:25:30.458,136.8700,1
55530977784247,15:25:30.977,136.8600,2
55531031082214,15:25:31.031,136.8400,100
55536470096137,15:25:36.470,136.8800,46
55536470096137,15:25:36.470,136.8800,10
55563269341179,15:26:03.269,136.9400,100
55563269341733,15:26:03.269,136.9400,100
55563304328082,15:26:03.304,136.9500,20
55586033798476,15:26:26.033,136.9700,30
55586034125627,15:26:26.034,136.9700,100
55586034608081,15:26:26.034,136.9800,100
55661146597315,15:27:41.146,136.9000,32
55673115296105,15:27:53.115,137.0500,20
55673308141448,15:27:53.308,137.0500,20
55676608908590,15:27:56.608,137.1000,20
55700770842261,15:28:20.770,137.2200,29
55700770842261,15:28:20.770,137.2300,100
55700770842261,15:28:20.770,137.2400,71
55700770868281,15:28:20.770,137.2400,29
55764510579370,15:29:24.510,137.1900,100
55764511004648,15:29:24.511,137.1900,45
55785236744639,15:29:45.236,137.2000,100
55785236857438,15:29:45.236,137.2000,100
55821703843701,15:30:21.703,137.1800,7
55821703932293,15:30:21.703,137.1600,100
55821703932293,15:30:21.703,137.1600,100
55821711287676,15:30:21.711,137.1100,100
55821711313111,15:30:21.711,137.1100,100
55821711418930,15:30:21.711,137.0900,100
55821736415486,15:30:21.736,137.1600,100
55822476535942,15:30:22.476,137.0800,89
55822476559524,15:30:22.476,137.0800,11
55831229995353,15:30:31.229,137.1200,3
55831229995353,15:30:31.229,137.1200,100
55845235304270,15:30:45.235,137.1600,100
55872403059674,15:31:12.403,137.1600,97
55872403112792,15:31:12.403,137.1600,3
55872404787926,15:31:12.404,137.1700,10
55912047467838,15:31:52.047,137.2000,10
55912047467838,15:31:52.047,137.2000,90
55912047586086,15:31:52.047,137.2000,10
55912047586086,15:31:52.047,137.2000,100
55916072956421,15:31:56.072,137.2100,30
55916072996208,15:31:56.072,137.2100,70
55939834274430,15:32:19.834,137.2000,100
56027846486782,15:33:47.846,137.3500,71
56040171903361,15:34:00.171,137.2700,100
56040171903361,15:34:00.171,137.2700,100
56040184018862,15:34:00.184,137.2000,100
56092246547134,15:34:52.246,137.1900,100
56092247321942,15:34:52.247,137.1900,100
56092247321942,15:34:52.247,137.1900,100
56110668066693,15:35:10.668,137.2700,100
56110668066693,15:35:10.668,137.2700,100
56110668066693,15:35:10.668,137.2700,51
56110668072302,15:35:10.668,137.2700,49
56110668188742,15:35:10.668,137.2700,7
56139982987596,15:35:39.982,137.3900,100
56168639680140,15:36:08.639,137.3600,3
56168639994117,15:36:08.639,137.3600,10
56173214113237,15:36:13.214,137.3400,100
56173214113237,15:36:13.214,137.3400,100
56202836394855,15:36:42.836,137.2900,100
56202836394855,15:36:42.836,137.2900,100
56203159918518,15:36:43.159,137.2900,19
56203159942553,15:36:43.159,137.2900,81
56323492502925,15:38:43.492,137.3100,4
56323492502925,15:38:43.492,137.3100,86
56323492566473,15:38:43.492,137.3100,14
56323492806302,15:38:43.492,137.3200,4
56323504501898,15:38:43.504,137.3200,5
56323505722500,15:38:43.505,137.3200,91
56323505722500,15:38:43.505,137.3200,9
56323533851742,15:38:43.533,137.3200,90
56323536570351,15:38:43.536,137.3200,1
56325127236970,15:38:45.127,137.3100,17
56325127304773,15:38:45.127,137.3100,100
56369195650090,15:39:29.195,137.3400,1
56394080582627,15:39:54.080,137.3000,90
56394080607555,15:39:54.080,137.3000,10
56394080607555,15:39:54.080,137.3000,100
56394080611193,15:39:54.080,137.3000,110
56394080620525,15:39:54.080,137.3000,90
56394080973190,15:39:54.080,137.2900,49
56394080974369,15:39:54.080,137.2900,51
56394081232900,15:39:54.081,137.2500,30
56411509849928,15:40:11.509,137.2500,100
56411510946289,15:40:11.510,137.2800,100
56413477860622,15:40:13.477,137.2800,100
56427137758782,15:40:27.137,137.2400,100
56427139273609,15:40:27.139,137.2300,44
56427140166774,15:40:27.140,137.2300,56
56463264276167,15:41:03.264,137.2300,100
56463264276167,15:41:03.264,137.2100,100
56463274933660,15:41:03.274,137.2100,100
56471002539336,15:41:11.002,137.2100,53
56471002570412,15:41:11.002,137.2100,24
56471003028399,15:41:11.003,137.2100,23
56471124838530,15:41:11.124,137.2000,100
56471124898448,15:41:11.124,137.2000,100
56471272992886,15:41:11.272,137.2100,50
56471273076684,15:41:11.273,137.2100,50
56471750753103,15:41:11.750,137.2000,100
56472246501140,15:41:12.246,137.1900,18
56472246702648,15:41:12.246,137.1900,82
56472246727689,15:41:12.246,137.1900,100
56473101827294,15:41:13.101,137.1800,5
56513382735062,15:41:53.382,137.0900,100
56551274914540,15:42:31.274,137.1000,23
56551274914540,15:42:31.274,137.1000,100
56551274914540,15:42:31.274,137.1000,100
56551274914540,15:42:31.274,137.1000,100
56551274914540,15:42:31.274,137.1000,5
56551274924686,15:42:31.274,137.1000,100
56556362301643,15:42:36.362,137.0800,100
56556362301643,15:42:36.362,137.0800,100
56556363218711,15:42:36.363,137.0200,100
56613185098775,15:43:33.185,137.1300,10
56613185098775,15:43:33.185,137.1300,90
56613185126049,15:43:33.185,137.1300,10
56624579497560,15:43:44.579,137.1400,100
56624579541051,15:43:44.579,137.1400,100
56624580381198,15:43:44.580,137.1400,100
56700223295876,15:45:00.223,137.1800,100
56700223295876,15:45:00.223,137.1800,100
56700223295876,15:45:00.223,137.1800,3
56700223295876,15:45:00.223,137.1900,1
56700223295876,15:45:00.223,137.1900,100
56700223295876,15:45:00.223,137.2000,100
56700223295876,15:45:00.223,137.2200,100
56700223295876,15:45:00.223,137.2300,100
56700223295876,15:45:00.223,137.2300,10
56700223295876,15:45:00.223,137.2500,100
56700223295876,15:45:00.223,137.2600,100
56701223887558,15:45:01.223,137.3400,1
56747041377790,15:45:47.041,137.4700,100
56748511041126,15:45:48.511,137.4100,100
56756132947205,15:45:56.132,137.4000,15
56756133174685,15:45:56.133,137.4000,26
56756133234758,15:45:56.133,137.4000,12
56756133237950,15:45:56.133,137.4000,26
56756133327644,15:45:56.133,137.4000,26
56756133378414,15:45:56.133,137.4000,10
56756133577208,15:45:56.133,137.4000,26
56756133598301,15:45:56.133,137.4000,74
56756355868799,15:45:56.355,137.4000,10
56756356289735,15:45:56.356,137.4000,25
56756356366843,15:45:56.356,137.4000,100
56756370575472,15:45:56.370,137.4100,100
56777906260749,15:46:17.906,137.3700,80
56777906289988,15:46:17.906,137.3700,20
56777906289988,15:46:17.906,137.3700,52
56777906289988,15:46:17.906,137.3700,100
56777906289988,15:46:17.906,137.3700,100
56777906289988,15:46:17.906,137.3700,100
56777906317986,15:46:17.906,137.3700,100
56777906477414,15:46:17.906,137.3700,100
56778267628608,15:46:18.267,137.3500,100
56797330257886,15:46:37.330,137.3200,100
56797330257886,15:46:37.330,137.3200,100
56797335141242,15:46:37.335,137.3200,100
56831460235181,15:47:11.460,137.3200,100
56831460235181,15:47:11.460,137.3200,20
56831460244887,15:47:11.460,137.3200,80
56831460244887,15:47:11.460,137.3200,69
56831460245948,15:47:11.460,137.3200,31
56831460245948,15:47:11.460,137.3200,69
56831460246731,15:47:11.460,137.3200,31
56837304949953,15:47:17.304,137.3300,15
56837304949953,15:47:17.304,137.3200,85
56837305007536,15:47:17.305,137.3200,15
56837305007536,15:47:17.305,137.3200,13
56837305007536,15:47:17.305,137.3200,72
56837305028613,15:47:17.305,137.3200,28
56839811658417,15:47:19.811,137.2800,100
56839811683200,15:47:19.811,137.2800,100
56881608817073,15:48:01.608,137.2800,10
56881608817073,15:48:01.608,137.2800,100
56881608817073,15:48:01.608,137.2800,100
56881609311732,15:48:01.609,137.2700,100
56881609337151,15:48:01.609,137.2700,100
56881609340574,15:48:01.609,137.2700,100
56881609354806,15:48:01.609,137.2600,85
56881609535396,15:48:01.609,137.2600,15
56881609535396,15:48:01.609,137.2600,85
56881609555594,15:48:01.609,137.2600,15
56881610241917,15:48:01.610,137.2500,25
56881610698284,15:48:01.610,137.2500,75
56881610698284,15:48:01.610,137.2500,25
56910371178926,15:48:30.371,137.2500,100
56910373584584,15:48:30.373,137.2400,100
56910409270607,15:48:30.409,137.2300,100
56910412553178,15:48:30.412,137.2100,12
56939142900188,15:48:59.142,137.2300,100
56939143667607,15:48:59.143,137.2500,23
56939143667607,15:48:59.143,137.2500,77
56939143901704,15:48:59.143,137.2500,23
56939155004598,15:48:59.155,137.2500,10
56939155029240,15:48:59.155,137.2500,10
56939187300202,15:48:59.187,137.2500,100
56939294885302,15:48:59.294,137.2500,100
56939295624949,15:48:59.295,137.2500,78
56939296043665,15:48:59.296,137.2500,22
56940267127995,15:49:00.267,137.2400,98
56940267127995,15:49:00.267,137.2400,2
56940267200223,15:49:00.267,137.2400,98
56943332397898,15:49:03.332,137.2100,10
56943335257557,15:49:03.335,137.2000,100
57000924617742,15:50:00.924,137.2000,1
57000924617742,15:50:00.924,137.2000,99
57000924719897,15:50:00.924,137.2000,1
57000930098552,15:50:00.930,137.1900,100
57001234983667,15:50:01.234,137.1800,20
57001235051359,15:50:01.235,137.1800,80
57001235051359,15:50:01.235,137.1800,20
57001235072449,15:50:01.235,137.1800,80
57001235096199,15:50:01.235,137.1800,100
57001236930460,15:50:01.236,137.1700,100
57001236953545,15:50:01.236,137.1700,100
57019057615020,15:50:19.057,137.1000,4
57019057615020,15:50:19.057,137.1000,100
57019057615020,15:50:19.057,137.1000,96
57019057626721,15:50:19.057,137.1000,4
57019058243405,15:50:19.058,137.1000,32
57019058267975,15:50:19.058,137.1000,68
57019601714969,15:50:19.601,137.1000,100
57019601714969,15:50:19.601,137.1000,66
57027908726235,15:50:27.908,137.0500,100
57027909284784,15:50:27.909,137.0100,100
57041626935950,15:50:41.626,137.0150,4
57054033396215,15:50:54.033,136.9700,100
57068359983552,15:51:08.359,136.9700,100
57068360009944,15:51:08.360,136.9700,100
57068360009944,15:51:08.360,136.9700,150
57068485213804,15:51:08.485,137.0200,100
57068486317429,15:51:08.486,137.0300,190
57080995083713,15:51:20.995,136.9500,100
57080999067555,15:51:20.999,136.9500,100
57134474752920,15:52:14.474,136.9400,99
57134474807462,15:52:14.474,136.9400,1
57134474807462,15:52:14.474,136.9400,25
57134660601168,15:52:14.660,136.9700,100
57134660740678,15:52:14.660,136.9700,100
57134661246146,15:52:14.661,136.9800,50
57134661246146,15:52:14.661,136.9800,50
57134661274358,15:52:14.661,136.9800,50
57162809799357,15:52:42.809,136.9200,21
57162809799357,15:52:42.809,136.9100,79
57162810352587,15:52:42.810,136.9100,21
57162810352587,15:52:42.810,136.9100,100
57162810352587,15:52:42.810,136.9100,55
57162810867252,15:52:42.810,136.9100,45
57162810956529,15:52:42.810,136.9400,10
57162811332420,15:52:42.811,136.9100,10
57183016045196,15:53:03.016,136.9100,98
57183016277128,15:53:03.016,136.9100,2
57188620729309,15:53:08.620,136.9000,100
57205394969275,15:53:25.394,136.9500,18
57214761666645,15:53:34.761,136.9100,100
57214761666645,15:53:34.761,136.9100,100
57214761757731,15:53:34.761,136.9100,53
57216058325636,15:53:36.058,136.9500,2
57216059200882,15:53:36.059,136.9500,61
57216059231906,15:53:36.059,136.9500,30
57221882125975,15:53:41.882,136.9600,100
57221882125975,15:53:41.882,136.9600,47
57221883318863,15:53:41.883,136.9600,53
57226213758959,15:53:46.213,136.9700,100
57247498511248,15:54:07.498,136.9800,100
57247498530553,15:54:07.498,136.9800,16
57247498530553,15:54:07.498,136.9800,74
57247498531343,15:54:07.498,136.9800,2
57247498545754,15:54:07.498,136.9800,16
57247498558720,15:54:07.498,136.9800,8
57247499570596,15:54:07.499,136.9900,100
57247628974073,15:54:07.628,137.0100,10
57247629788116,15:54:07.629,137.0100,100
57263762452833,15:54:23.762,137.0300,20
57269433164866,15:54:29.433,137.0000,100
57285194023933,15:54:45.194,136.9900,42
57285194487569,15:54:45.194,136.9900,58
57285194487569,15:54:45.194,136.9900,42
57285194495479,15:54:45.194,136.9900,58
57285194495479,15:54:45.194,136.9900,12
57285194530479,15:54:45.194,136.9900,88
57285195245182,15:54:45.195,136.9800,100
57295970430919,15:54:55.970,136.9700,100
57295970430919,15:54:55.970,136.9700,100
57295971356702,15:54:55.971,136.9700,100
57295971970949,15:54:55.971,136.9600,100
57295976153288,15:54:55.976,136.9600,100
57300192355037,15:55:00.192,137.0200,100
57300261565006,15:55:00.261,137.0300,80
57300261565006,15:55:00.261,137.0300,20
57300261572382,15:55:00.261,137.0300,50
57300261602636,15:55:00.261,137.0300,30
57300261602636,15:55:00.261,137.0300,91
57300261845170,15:55:00.261,137.0300,9
57300261845170,15:55:00.261,137.0300,91
57300261854295,15:55:00.261,137.0300,9
57300263132084,15:55:00.263,137.0300,90
57300263886352,15:55:00.263,137.0300,10
57300271273652,15:55:00.271,137.0300,25
57300271273652,15:55:00.271,137.0200,75
57300325439059,15:55:00.325,137.0200,25
57307333187833,15:55:07.333,137.0000,100
57310625234994,15:55:10.625,137.0700,100
57327377804305,15:55:27.377,137.0400,100
57341356014464,15:55:41.356,137.1400,100
57341356014464,15:55:41.356,137.1400,100
57341356014464,15:55:41.356,137.1400,26
57342400656015,15:55:42.400,137.0800,100
57359936630829,15:55:59.936,137.1000,16
57362281033679,15:56:02.281,137.1500,100
57362281061681,15:56:02.281,137.1500,100
57362281061681,15:56:02.281,137.1500,2
57362281089039,15:56:02.281,137.1500,100
57362782392650,15:56:02.782,137.1100,98
57362782518863,15:56:02.782,137.1100,2
57362788456710,15:56:02.788,137.0800,3
57362789253084,15:56:02.789,137.0800,24
57362789277152,15:56:02.789,137.0800,76
57371170921040,15:56:11.170,137.0600,100
57371170921040,15:56:11.170,137.0600,200
57376201455713,15:56:16.201,137.0500,100
57376201765863,15:56:16.201,137.0500,100
57376201765863,15:56:16.201,137.0500,100
57376201765863,15:56:16.201,137.0500,35
57376201765863,15:56:16.201,137.0500,100
57376201795462,15:56:16.201,137.0500,100
57383690792909,15:56:23.690,137.0750,100
57398912094550,15:56:38.912,137.0300,100
57430162437779,15:57:10.162,137.1000,100
57430162437779,15:57:10.162,137.1100,100
57440317681861,15:57:20.317,137.1100,100
57440317681861,15:57:20.317,137.1100,100
57451657615887,15:57:31.657,137.0900,3
57453547105877,15:57:33.547,137.0300,100
57453547105877,15:57:33.547,137.0300,100
57453547133581,15:57:33.547,137.0300,100
57453547206008,15:57:33.547,137.0300,100
57453547369602,15:57:33.547,137.0300,99
57453547647121,15:57:33.547,137.0300,1
57453547647121,15:57:33.547,137.0300,96
57453548103137,15:57:33.548,137.0300,4
57453548103137,15:57:33.548,137.0300,96
57453548505808,15:57:33.548,137.0300,4
57453551394303,15:57:33.551,137.0300,96
57458094665980,15:57:38.094,137.0300,100
57461587537397,15:57:41.587,137.0300,100
57461587548139,15:57:41.587,137.0200,10
57461587548728,15:57:41.587,137.0200,20
57461587549927,15:57:41.587,137.0200,50
57461587555833,15:57:41.587,137.0200,20
57468905924697,15:57:48.905,136.9100,100
57480500915572,15:58:00.500,136.8800,100
57496405309999,15:58:16.405,136.8700,100
57504425694787,15:58:24.425,136.8600,55
57504425719633,15:58:24.425,136.8600,45
57509152200776,15:58:29.152,136.8400,100
57510148874980,15:58:30.148,136.8900,86
57510148874980,15:58:30.148,136.9000,50
57510148874980,15:58:30.148,136.9100,100
57510148874980,15:58:30.148,136.9100,64
57510149447887,15:58:30.149,136.9100,36
57510149447887,15:58:30.149,136.9100,100
57510149447887,15:58:30.149,136.9100,1
57515685939570,15:58:35.685,136.9550,20
57515685948680,15:58:35.685,136.9550,80
57515686079458,15:58:35.686,136.9600,10
57515686308351,15:58:35.686,136.9250,100
57522868155060,15:58:42.868,136.9500,100
57522868164595,15:58:42.868,136.9500,100
57522868164595,15:58:42.868,136.8900,100
57559660138739,15:59:19.660,137.0100,100
57559938829684,15:59:19.938,137.0200,100
57559939352400,15:59:19.939,137.0200,91
57559939375353,15:59:19.939,137.0200,96
57559939375353,15:59:19.939,137.0200,100
57559940489478,15:59:19.940,137.0400,100
57559941195827,15:59:19.941,137.0300,100
57566563584605,15:59:26.563,137.0200,90
57566563584605,15:59:26.563,137.0100,10
57566563685176,15:59:26.563,137.0100,90
57566563709981,15:59:26.563,137.0100,100
57566564679949,15:59:26.564,137.0100,100
57573554148592,15:59:33.554,137.0100,100
57583368972550,15:59:43.368,137.0450,10
57586446653583,15:59:46.446,137.0550,20
57586447007950,15:59:46.447,137.0550,80
57589335164391,15:59:49.335,137.0700,50
57589335164391,15:59:49.335,137.0600,50
57590781755508,15:59:50.781,137.0300,100
57591951670811,15:59:51.951,137.0500,29
57594052011943,15:59:54.052,137.0600,6
57597750501094,15:59:57.750,137.1000,100
57597750501094,15:59:57.750,137.1100,97
57600009567635,16:00:00.009,0.0000,0
