timestamp,time,price,volume
34200037089948,09:30:00.037,32.3700,72
34573081539863,09:36:13.081,32.1400,1
35100458220085,09:45:00.458,32.7200,3
35550029842865,09:52:30.029,32.7500,3
35864454360850,09:57:44.454,32.6700,3
36097796480928,10:01:37.796,32.4500,30
36097796667182,10:01:37.796,32.4000,10
36118005700815,10:01:58.005,32.4000,3
36118005774436,10:01:58.005,32.2400,57
36146262534088,10:02:26.262,32.4300,3
36285471581760,10:04:45.471,32.4300,10
36438681459554,10:07:18.681,32.4300,2
36757139868378,10:12:37.139,32.3900,3
37055034779753,10:17:35.034,32.3500,3
37266450243299,10:21:06.450,32.1900,10
37266450270658,10:21:06.450,32.1900,90
37266450270658,10:21:06.450,32.1900,100
37341291072193,10:22:21.291,32.2900,3
37421230173877,10:23:41.230,32.2400,100
37645325993503,10:27:25.325,32.2300,3
37951573855357,10:32:31.573,32.2300,3
38011412324470,10:33:31.412,32.2300,10
38245641524344,10:37:25.641,32.2300,3
38563469382750,10:42:43.469,32.2300,3
38692546251796,10:44:52.546,32.2300,3
38700946889858,10:45:00.946,32.2300,10
38843226996774,10:47:23.226,32.2300,3
39038532968687,10:50:38.532,32.2300,10
39038533063921,10:50:38.533,32.2300,52
39038533063921,10:50:38.533,32.2300,100
39038533063921,10:50:38.533,32.2300,100
39156563699078,10:52:36.563,32.2300,3
39156563784623,10:52:36.563,32.2300,82
39156563784623,10:52:36.563,32.2400,18
39156564264661,10:52:36.564,32.2400,82
39464625450710,10:57:44.625,32.3700,2
39545830082415,10:59:05.830,32.3600,10
39751433380916,11:02:31.433,32.3500,3
40036029142160,11:07:16.029,32.3500,3
40339784905658,11:12:19.784,32.3400,3
40643836474855,11:17:23.836,32.3500,3
40943446607528,11:22:23.446,32.3500,3
41244402465646,11:27:24.402,32.3600,3
41545556184953,11:32:25.556,32.3600,3
41599650116436,11:33:19.650,32.3500,2
41839947453930,11:37:19.947,32.3500,3
42155731630821,11:42:35.731,32.3500,3
42247569384438,11:44:07.569,32.3500,2
42445420410708,11:47:25.420,32.3500,2
42740635235304,11:52:20.635,32.3300,3
43050004012481,11:57:30.004,32.3400,3
43348655642661,12:02:28.655,32.3400,3
43639054033118,12:07:19.054,32.3400,3
43944064148940,12:12:24.064,32.3300,3
44001492544688,12:13:21.492,32.3300,10
44257017755019,12:17:37.017,32.3300,3
44461076712927,12:21:01.076,32.3300,10
44544098638862,12:22:24.098,32.3200,3
44622232929289,12:23:42.232,32.3200,6
44859109532939,12:27:39.109,32.3100,3
45137500679836,12:32:17.500,32.3100,3
45180282704585,12:33:00.282,32.2700,100
45457075132954,12:37:37.075,32.3000,2
45623251418455,12:40:23.251,32.3000,4
45710658651372,12:41:50.658,32.2300,100
45710658651372,12:41:50.658,32.2300,66
45710658720095,12:41:50.658,32.2300,8
45710658720095,12:41:50.658,32.2300,30
45710658720095,12:41:50.658,32.2300,195
45710660425661,12:41:50.660,32.2200,100
45710660425661,12:41:50.660,32.2200,8
45710660454261,12:41:50.660,32.2200,92
45710660469197,12:41:50.660,32.2200,71
45763266099674,12:42:43.266,32.2400,3
45970992372408,12:46:10.992,32.1800,1
46053965915347,12:47:33.965,32.1800,3
46362956059772,12:52:42.956,32.1800,3
46637327685954,12:57:17.327,32.1700,3
46950560989263,13:02:30.560,32.1600,3
47240477771670,13:07:20.477,32.1600,3
47557157852598,13:12:37.157,32.1600,3
47850203725074,13:17:30.203,32.1600,3
48051208719782,13:20:51.208,32.1500,10
48051210689918,13:20:51.210,32.1000,9
48051210689918,13:20:51.210,32.1000,91
48142732376052,13:22:22.732,32.1050,20
48142732376052,13:22:22.732,32.0700,80
48143489108159,13:22:23.489,32.0700,20
48439550446349,13:27:19.550,32.0700,2
48750998652987,13:32:30.998,32.0700,3
49044190137264,13:37:24.190,32.0700,3
49074727583085,13:37:54.727,32.0500,1
49074727583085,13:37:54.727,32.0500,100
49074727583085,13:37:54.727,32.0500,3
49355733824181,13:42:35.733,32.0500,3
49551824781205,13:45:51.824,32.0500,10
49661484082019,13:47:41.484,32.0400,3
49845908032689,13:50:45.908,32.0500,3
49881752414998,13:51:21.752,32.0500,84
49881752414998,13:51:21.752,32.0500,5
49881779466153,13:51:21.779,32.0600,100
49881779502647,13:51:21.779,32.0600,5
49966401937984,13:52:46.401,32.0700,3
49966401973700,13:52:46.401,32.0700,97
49966402457818,13:52:46.402,32.0800,95
49966402503355,13:52:46.402,32.0800,5
50244600667386,13:57:24.600,32.1300,3
50338000559081,13:58:58.000,32.0600,2
50466810531195,14:01:06.810,32.0500,7
50545139462602,14:02:25.139,32.0500,3
50644958431083,14:04:04.958,32.0700,100
50644958706909,14:04:04.958,32.0700,100
50644958706909,14:04:04.958,32.0700,100
50644960014879,14:04:04.960,32.0800,100
50644960075559,14:04:04.960,32.0800,5
50656978980012,14:04:16.978,32.0800,1
50699598009152,14:04:59.598,32.0900,10
50711254080652,14:05:11.254,32.0900,90
50759552557076,14:05:59.552,32.0900,6
50759552557076,14:05:59.552,32.1000,94
50759552649328,14:05:59.552,32.1000,6
51128204117972,14:12:08.204,32.2600,1
51144634905460,14:12:24.634,32.2600,2
51461523429721,14:17:41.523,32.2600,3
51601907171270,14:20:01.907,32.2600,10
51749447179947,14:22:29.447,32.2600,3
51847199380607,14:24:07.199,32.2600,2
52056123683036,14:27:36.123,32.2600,3
52355278339163,14:32:35.278,32.2400,3
52656322966859,14:37:36.322,32.2400,3
52941071203667,14:42:21.071,32.2500,3
53240513576486,14:47:20.513,32.2500,3
53526316649755,14:52:06.316,32.2500,2
53526316701738,14:52:06.316,32.2500,98
53526316701738,14:52:06.316,32.2500,2
53526316722931,14:52:06.316,32.2500,13
53526317190578,14:52:06.317,32.2600,100
53549417125182,14:52:29.417,32.3500,3
53639047082289,14:53:59.047,32.3500,91
53848639898667,14:57:28.639,32.3600,3
54139342445409,15:02:19.342,32.3500,2
54230943278613,15:03:50.943,32.3500,2
54443986880487,15:07:23.986,32.3400,3
54743315688179,15:12:23.315,32.2800,3
54763118457189,15:12:43.118,32.2300,7
54763118483373,15:12:43.118,32.2300,93
54763118483373,15:12:43.118,32.2300,100
54763118483373,15:12:43.118,32.2300,1
54763118483373,15:12:43.118,32.2300,5
54990273390349,15:16:30.273,32.2200,100
54990273437819,15:16:30.273,32.2300,100
54990273449682,15:16:30.273,32.2300,100
54990273465734,15:16:30.273,32.2300,30
55051571111731,15:17:31.571,32.2400,5
55215334918635,15:20:15.334,32.2500,10
55215334997674,15:20:15.334,32.2500,19
55346287947579,15:22:26.287,32.2200,1
55346288008676,15:22:26.288,32.2200,99
55346288008676,15:22:26.288,32.2100,100
55346288008676,15:22:26.288,32.2100,100
55346288008676,15:22:26.288,32.2100,100
55346288008676,15:22:26.288,32.2100,100
55346288008676,15:22:26.288,32.2100,1
55346288008676,15:22:26.288,32.2100,1
55346288049557,15:22:26.288,32.2100,99
55800937462077,15:30:00.937,32.1800,10
56012659441358,15:33:32.659,32.1800,1
56012659469403,15:33:32.659,32.1800,1
56012659469403,15:33:32.659,32.1800,100
56012659781810,15:33:32.659,32.1800,100
56012659781810,15:33:32.659,32.1800,100
56012659781810,15:33:32.659,32.1800,100
56012660006913,15:33:32.660,32.1800,100
56012660130527,15:33:32.660,32.1400,20
56012660259677,15:33:32.660,32.1800,1
56012661019360,15:33:32.661,32.1400,1
56106025346122,15:35:06.025,32.1400,2
56106025346122,15:35:06.025,32.1400,3
56106025346122,15:35:06.025,32.1400,1
56106025346122,15:35:06.025,32.1400,1
56106025346122,15:35:06.025,32.1400,1
56322131043250,15:38:42.131,32.1600,5
56479895132065,15:41:19.895,32.1300,100
56479895881389,15:41:19.895,32.1300,1
56479895881389,15:41:19.895,32.1300,5
56499959981455,15:41:39.959,32.1200,1
56499959981455,15:41:39.959,32.1200,3
56499959981455,15:41:39.959,32.1200,1
56723138671998,15:45:23.138,32.1000,1
56723138671998,15:45:23.138,32.1000,1
56723138671998,15:45:23.138,32.1000,1
56867815094341,15:47:47.815,32.1000,100
56867815524012,15:47:47.815,32.1000,3
56867815524012,15:47:47.815,32.1000,2
56867815524012,15:47:47.815,32.1000,3
56889914294838,15:48:09.914,32.0900,1
56890287207628,15:48:10.287,32.0500,2
57109662571576,15:51:49.662,32.1300,1
57123608085575,15:52:03.608,32.0600,15
57130356712757,15:52:10.356,32.0600,2
57174535775342,15:52:54.535,32.0600,83
57174535775342,15:52:54.535,32.0600,1
57174535775342,15:52:54.535,32.0600,7
57174535775342,15:52:54.535,32.0600,2
57174535775342,15:52:54.535,32.0600,1
57174535775342,15:52:54.535,32.0600,1
57174535775342,15:52:54.535,32.0600,5
57196869100587,15:53:16.869,32.0300,7
57300257133996,15:55:00.257,32.0900,200
57352680679319,15:55:52.680,32.0900,1
57394731174299,15:56:34.731,32.1000,1
57408671730702,15:56:48.671,32.0600,16
57408671779488,15:56:48.671,32.0600,20
57434676961818,15:57:14.676,32.0800,7
57434676984305,15:57:14.676,32.0800,9
57447990611188,15:57:27.990,32.1000,10
57461021202581,15:57:41.021,32.0800,106
57461032481848,15:57:41.032,32.0800,11
57461032481848,15:57:41.032,32.0800,1
57461032481848,15:57:41.032,32.0800,88
57461032532245,15:57:41.032,32.0800,6
57465487928314,15:57:45.487,32.0800,18
57465487928314,15:57:45.487,32.0800,56
57468238850576,15:57:48.238,32.0800,44
57468238850576,15:57:48.238,32.0800,100
57468238850576,15:57:48.238,32.0800,3
57468238910131,15:57:48.238,32.0800,94
57468241486281,15:57:48.241,32.0800,3
57468241486281,15:57:48.241,32.0800,28
57470357454921,15:57:50.357,32.0800,84
57482000493676,15:58:02.000,32.0900,2
57486305083119,15:58:06.305,32.0900,10
57487808221819,15:58:07.808,32.0900,100
57505364514973,15:58:25.364,32.0900,1
57518160453026,15:58:38.160,32.0900,90
57535158272530,15:58:55.158,32.1000,89
57544953702450,15:59:04.953,32.1200,1
57573553601293,15:59:33.553,32.1200,1
57574763432106,15:59:34.763,32.1200,109
57586752838029,15:59:46.752,32.1500,2
57600765552153,16:00:00.765,32.1400,69
57600765552153,16:00:00.765,32.1400,8266
