timestamp,time,price,volume
34200413299153,09:30:00.413,0.0000,0
34646625323144,09:37:26.625,27.8700,2
34989327715943,09:43:09.327,27.5700,1
34989327715943,09:43:09.327,27.5600,82
34989327789037,09:43:09.327,27.5600,18
34989328986287,09:43:09.328,27.5900,100
34989329065157,09:43:09.329,27.6100,100
34989379906071,09:43:09.379,27.6100,3
35088405524832,09:44:48.405,27.5800,100
35088405524832,09:44:48.405,27.5800,100
35288013977597,09:48:08.013,27.5800,3
35373141839115,09:49:33.141,27.5200,100
35373141839115,09:49:33.141,27.5200,100
35508495729697,09:51:48.495,27.3800,100
35582664804243,09:53:02.664,27.4500,3
35619804327394,09:53:39.804,27.4500,97
35619804541182,09:53:39.804,27.4600,100
35625978372151,09:53:45.978,27.4800,100
35625979528602,09:53:45.979,27.4800,100
35665355349250,09:54:25.355,27.4700,100
35897674948804,09:58:17.674,27.4600,2
36011132091787,10:00:11.132,27.4000,100
36201660116153,10:03:21.660,27.3500,100
36201660117425,10:03:21.660,27.3500,100
36201660117425,10:03:21.660,27.3500,100
36283068859943,10:04:43.068,27.3600,100
36284440332463,10:04:44.440,27.3600,100
36290331774091,10:04:50.331,27.4200,100
36290331774091,10:04:50.331,27.4200,13
36290332897765,10:04:50.332,27.4000,100
36290333524792,10:04:50.333,27.4100,100
36442883184614,10:07:22.883,27.3600,100
36442883184614,10:07:22.883,27.3600,100
36442893556787,10:07:22.893,27.3600,100
36625111053718,10:10:25.111,27.3200,100
36718624425374,10:11:58.624,27.3600,100
36718626286609,10:11:58.626,27.3300,300
36718628063802,10:11:58.628,27.3300,100
36718639254309,10:11:58.639,27.3300,100
36719639183979,10:11:59.639,27.3500,100
36773266544659,10:12:53.266,27.3500,5
36796675081238,10:13:16.675,27.3600,5
36799445014197,10:13:19.445,27.4000,2
36801259228402,10:13:21.259,27.3500,100
36801260107414,10:13:21.260,27.3400,100
36936415880697,10:15:36.415,27.3400,100
36936415880697,10:15:36.415,27.3400,100
36936416290701,10:15:36.416,27.3300,100
37090945237416,10:18:10.945,27.3100,3
37090945311442,10:18:10.945,27.3100,97
37090945786193,10:18:10.945,27.3100,100
37090945812017,10:18:10.945,27.3100,100
37221307489519,10:20:21.307,27.3600,100
37285588642765,10:21:25.588,27.3600,100
37295229718636,10:21:35.229,27.3500,100
37399899662176,10:23:19.899,27.3400,100
37399899678166,10:23:19.899,27.3400,100
37399899687735,10:23:19.899,27.3400,100
37399905097825,10:23:19.905,27.3300,2
37698124572246,10:28:18.124,27.3200,100
37753231489513,10:29:13.231,27.3500,100
37753231489513,10:29:13.231,27.3500,100
37979525443744,10:32:59.525,27.3750,3
38089223334666,10:34:49.223,27.3750,33
38295647880896,10:38:15.647,27.3750,2
38319045561075,10:38:39.045,27.3700,36
38319046123047,10:38:39.046,27.3700,9
38319046246045,10:38:39.046,27.3700,9
38328981025394,10:38:48.981,27.3700,46
38329237032379,10:38:49.237,27.3600,100
38329240219094,10:38:49.240,27.3600,11
38329240219094,10:38:49.240,27.3700,89
38329244414726,10:38:49.244,27.3500,100
38342890077430,10:39:02.890,27.3400,10
38342892201552,10:39:02.892,27.3500,100
38342894934310,10:39:02.894,27.3600,100
38342894981158,10:39:02.894,27.3500,100
38342898950385,10:39:02.898,27.3400,100
38581719604413,10:43:01.719,27.3800,3
38885456755840,10:48:05.456,27.3800,2
38885456755840,10:48:05.456,27.3900,1
39001224580034,10:50:01.224,27.3500,100
39001224580034,10:50:01.224,27.3500,100
39001224580034,10:50:01.224,27.3500,100
39001224930028,10:50:01.224,27.3500,100
39001225982360,10:50:01.225,27.3400,100
39081208765221,10:51:21.208,27.3200,100
39081208765221,10:51:21.208,27.3200,100
39081209717841,10:51:21.209,27.3100,100
39081209717841,10:51:21.209,27.3100,100
39081235144605,10:51:21.235,27.3100,100
39081329211389,10:51:21.329,27.2900,100
39207334045950,10:53:27.334,27.2900,2
39491229431250,10:58:11.229,27.2900,3
39508186134209,10:58:28.186,27.2400,100
39508187247571,10:58:28.187,27.2200,100
39521317572514,10:58:41.317,27.2200,100
39663519128935,11:01:03.519,27.2600,5
39663561439901,11:01:03.561,27.2800,100
39799578965504,11:03:19.578,27.3200,2
39889009744087,11:04:49.009,27.3200,17
40094231838582,11:08:14.231,27.3300,3
40094252203859,11:08:14.252,27.3300,16
40097844850802,11:08:17.844,27.3300,43
40225980113460,11:10:25.980,27.3600,1
40225982122395,11:10:25.982,27.3600,200
40225982122395,11:10:25.982,27.3600,100
40235178027848,11:10:35.178,27.3700,100
40267051631758,11:11:07.051,27.4100,30
40308935579820,11:11:48.935,27.4400,100
40308935579820,11:11:48.935,27.4400,100
40308935579820,11:11:48.935,27.4400,16
40308935579820,11:11:48.935,27.4400,100
40308935579820,11:11:48.935,27.4400,100
40308935579820,11:11:48.935,27.4400,100
40381123361778,11:13:01.123,27.5600,3
40475960260302,11:14:35.960,27.5500,100
40475960398607,11:14:35.960,27.5700,100
40475960398607,11:14:35.960,27.5700,100
40567392294296,11:16:07.392,27.5500,100
40567392683653,11:16:07.392,27.5400,100
40567392703844,11:16:07.392,27.5400,100
40567397757210,11:16:07.397,27.5500,10
40567408823395,11:16:07.408,27.5500,100
40567408859226,11:16:07.408,27.5500,90
40567408859226,11:16:07.408,27.5500,10
40567408949266,11:16:07.408,27.5500,26
40567409002777,11:16:07.409,27.5500,15
40632911025869,11:17:12.911,27.5500,49
40679371029215,11:17:59.371,27.5700,100
40679371072939,11:17:59.371,27.5700,100
40694946857032,11:18:14.946,27.6100,2
40694946884249,11:18:14.946,27.6100,98
40694946884249,11:18:14.946,27.6100,100
40994319920691,11:23:14.319,27.6000,100
40994319920691,11:23:14.319,27.6000,100
40994321378959,11:23:14.321,27.6000,100
40994981745901,11:23:14.981,27.5900,47
40994981770413,11:23:14.981,27.5900,53
41183804881747,11:26:23.804,27.5800,100
41243716527744,11:27:23.716,27.6000,1
41296829892605,11:28:16.829,27.6600,100
41524895536198,11:32:04.895,27.7000,100
41564640650163,11:32:44.640,27.6800,100
41564640650163,11:32:44.640,27.6800,100
41564640650163,11:32:44.640,27.6800,100
41564641436730,11:32:44.641,27.6700,100
42041949969593,11:40:41.949,27.7300,100
42041949969593,11:40:41.949,27.7300,10
42041950624636,11:40:41.950,27.7300,40
42041950652557,11:40:41.950,27.7300,60
42041950712294,11:40:41.950,27.7300,40
42041950712294,11:40:41.950,27.7300,60
42094826157601,11:41:34.826,27.7100,59
42094826157601,11:41:34.826,27.7100,4
42208732967061,11:43:28.732,27.7400,3
42208732993132,11:43:28.732,27.7400,97
42411730475877,11:46:51.730,27.7900,30
42411730674544,11:46:51.730,27.7900,70
42418740197530,11:46:58.740,27.8200,100
42418740197530,11:46:58.740,27.8300,100
42454588826126,11:47:34.588,27.8500,100
42484552024073,11:48:04.552,27.8500,100
42484553801127,11:48:04.553,27.8400,100
42484554235641,11:48:04.554,27.8400,100
42484554679147,11:48:04.554,27.8300,200
42484555168710,11:48:04.555,27.8300,100
42484555168710,11:48:04.555,27.8300,100
42491075156546,11:48:11.075,27.8700,2
42624302222437,11:50:24.302,27.8500,50
42624302222437,11:50:24.302,27.8500,50
42624576153441,11:50:24.576,27.8500,100
42631728045974,11:50:31.728,27.8800,100
42779578193408,11:52:59.578,27.9100,3
42842347936088,11:54:02.347,27.8800,43
42842347936088,11:54:02.347,27.8800,57
42842347963399,11:54:02.347,27.8800,43
42842352408207,11:54:02.352,27.8600,61
42842364150990,11:54:02.364,27.8800,20
42896490268717,11:54:56.490,27.8500,50
42896602016351,11:54:56.602,27.8500,50
42896602016351,11:54:56.602,27.8500,100
42896602755741,11:54:56.602,27.8500,100
42896602783875,11:54:56.602,27.8500,100
42897020466646,11:54:57.020,27.8400,200
42933016987733,11:55:33.016,27.8600,100
43113472601471,11:58:33.472,27.9000,2
43231113463390,12:00:31.113,27.8700,100
43231113489783,12:00:31.113,27.8700,119
43231123389984,12:00:31.123,27.8500,100
43231123389984,12:00:31.123,27.8500,6
43231123418235,12:00:31.123,27.8500,94
43231123423903,12:00:31.123,27.8500,50
43231123424442,12:00:31.123,27.8500,39
43231123441120,12:00:31.123,27.8500,11
43239924372553,12:00:39.924,27.8300,100
43402567576031,12:03:22.567,27.8100,69
43402567609933,12:03:22.567,27.8100,31
43402567616570,12:03:22.567,27.8200,100
43402567620384,12:03:22.567,27.8300,1
43402567624249,12:03:22.567,27.8400,17
43402567642123,12:03:22.567,27.8400,50
43411312235962,12:03:31.312,27.8400,100
43411312235962,12:03:31.312,27.8400,100
43411312551401,12:03:31.312,27.8400,100
43421692771707,12:03:41.692,27.8900,3
43456086406944,12:04:16.086,27.8400,16
43456086406944,12:04:16.086,27.8400,100
43456086406944,12:04:16.086,27.8400,100
43456086461297,12:04:16.086,27.8200,20
43456086473059,12:04:16.086,27.8200,79
43456086476108,12:04:16.086,27.8200,1
43456086476108,12:04:16.086,27.8200,1
43456274455789,12:04:16.274,27.8200,99
43456274455789,12:04:16.274,27.8100,1
43456274460196,12:04:16.274,27.8100,99
43456283004252,12:04:16.283,27.8100,100
43456283004252,12:04:16.283,27.8200,100
43690941592630,12:08:10.941,27.9000,3
44006653118771,12:13:26.653,27.9000,97
44043548871366,12:14:03.548,27.9100,100
44173697666895,12:16:13.697,27.9100,4
44219544011779,12:16:59.544,27.9400,1
44303489245074,12:18:23.489,27.9400,3
44307585277505,12:18:27.585,27.9400,12
44307585277505,12:18:27.585,27.9500,88
44399133312876,12:19:59.133,27.9200,100
44600862877975,12:23:20.862,27.9200,56
44605719449218,12:23:25.719,27.9200,3
44735262423551,12:25:35.262,27.8900,100
44752959570032,12:25:52.959,27.8800,100
44752959708901,12:25:52.959,27.8800,100
45156051551646,12:32:36.051,27.9000,100
45437538330406,12:37:17.538,27.8800,60
45489074922420,12:38:09.074,27.9100,2
45489132002774,12:38:09.132,27.8800,40
45559890628014,12:39:19.890,27.8700,16
45559890628014,12:39:19.890,27.8700,84
45561033510587,12:39:21.033,27.8700,16
45561033510587,12:39:21.033,27.8700,100
45561033510587,12:39:21.033,27.8700,100
45561034172170,12:39:21.034,27.8800,32
45561034286262,12:39:21.034,27.8600,100
45561034286262,12:39:21.034,27.8600,100
45561034312530,12:39:21.034,27.8600,100
45561034574683,12:39:21.034,27.8500,30
45561034576162,12:39:21.034,27.8500,41
45561034610476,12:39:21.034,27.8500,29
45561034931488,12:39:21.034,27.8500,41
45561034931488,12:39:21.034,27.8500,59
45561038409464,12:39:21.038,27.8500,41
45561038409464,12:39:21.038,27.8600,1
45561039258429,12:39:21.039,27.8500,80
45561039350478,12:39:21.039,27.8600,99
45561042588329,12:39:21.042,27.8500,6
45561042621188,12:39:21.042,27.8500,8
45561933552549,12:39:21.933,27.8500,100
45713424816720,12:41:53.424,27.8400,100
45732075394533,12:42:12.075,27.8400,100
45740633429203,12:42:20.633,27.8400,100
45740633429203,12:42:20.633,27.8400,100
45750297886235,12:42:30.297,27.8600,10
45808587411371,12:43:28.587,27.9000,5
45869218669150,12:44:29.218,27.8900,100
46105181745692,12:48:25.181,27.9100,5
46195903807004,12:49:55.903,27.9200,100
46213778468360,12:50:13.778,27.9400,100
46247687680923,12:50:47.687,27.9300,100
46398051805436,12:53:18.051,27.9300,2
46398051848602,12:53:18.051,27.9300,98
46430245042665,12:53:50.245,27.9300,100
46997358794641,13:03:17.358,27.9500,3
47306265934588,13:08:26.265,27.9300,2
47427131245775,13:10:27.131,27.9300,98
47427131245775,13:10:27.131,27.9300,100
47427131245775,13:10:27.131,27.9300,2
47427131731072,13:10:27.131,27.9300,98
47597824780295,13:13:17.824,27.9100,16
47597824780295,13:13:17.824,27.9100,100
47597825849987,13:13:17.825,27.9000,100
47597827139298,13:13:17.827,27.9000,100
47597829250384,13:13:17.829,27.9100,3
47893109225491,13:18:13.109,27.9100,3
48055355261271,13:20:55.355,27.8800,100
48055355261271,13:20:55.355,27.8800,100
48055355261271,13:20:55.355,27.8800,100
48055355329772,13:20:55.355,27.8800,20
48055355813823,13:20:55.355,27.8800,34
48055355850259,13:20:55.355,27.8800,46
48125232770712,13:22:05.232,27.8700,100
48130398920941,13:22:10.398,27.8800,95
48130399222789,13:22:10.399,27.8800,5
48130399572963,13:22:10.399,27.8900,95
48130399573502,13:22:10.399,27.8900,5
48130400054658,13:22:10.400,27.8900,5
48145901279606,13:22:25.901,27.8900,52
48145901279606,13:22:25.901,27.8800,48
48199217512287,13:23:19.217,27.8600,100
48199217525418,13:23:19.217,27.8600,100
48499494350751,13:28:19.494,27.8800,3
48673072988534,13:31:13.072,27.8500,10
48706058871513,13:31:46.058,27.8500,90
48706058871513,13:31:46.058,27.8500,100
48707981515401,13:31:47.981,27.8200,94
48791855991207,13:33:11.855,27.8400,2
48850410075519,13:34:10.410,27.8300,100
48850410076024,13:34:10.410,27.8300,100
48850410088931,13:34:10.410,27.8400,98
48850410088931,13:34:10.410,27.8400,100
48850410088931,13:34:10.410,27.8400,200
48850410088931,13:34:10.410,27.8400,2
48850410149534,13:34:10.410,27.8400,398
48850410715355,13:34:10.410,27.8500,87
48850411330276,13:34:10.411,27.8700,31
48850411330276,13:34:10.411,27.8500,13
48850411474724,13:34:10.411,27.8800,100
48850411485813,13:34:10.411,27.8900,31
48850411518273,13:34:10.411,27.8900,69
48850411518273,13:34:10.411,27.8900,2
48850411518273,13:34:10.411,27.8900,10
48850411969402,13:34:10.411,27.9100,100
48850411969402,13:34:10.411,27.9100,100
48850412044903,13:34:10.412,27.9100,100
48850412202325,13:34:10.412,27.9100,100
48850412430359,13:34:10.412,27.9000,90
48850413424706,13:34:10.413,27.9000,15
48851479951454,13:34:11.479,27.9100,180
48851479951454,13:34:11.479,27.9100,93
48851479951454,13:34:11.479,27.9100,15
48871012592168,13:34:31.012,27.9300,100
48889002522713,13:34:49.002,27.9100,100
48986330320607,13:36:26.330,27.9000,800
48986330678692,13:36:26.330,27.9000,95
48986330859701,13:36:26.330,27.9000,400
48986330862207,13:36:26.330,27.9000,600
48986330862207,13:36:26.330,27.9000,200
48992532742237,13:36:32.532,27.8700,98
48992533418848,13:36:32.533,27.8700,100
48992533444660,13:36:32.533,27.8700,102
48992535057098,13:36:32.535,27.8600,100
48994695263157,13:36:34.695,27.8400,100
48994695290704,13:36:34.695,27.8400,100
49050167514176,13:37:30.167,27.8300,100
49050168221192,13:37:30.168,27.8500,54
49050169733960,13:37:30.169,27.8500,100
49053796214117,13:37:33.796,27.8700,100
49053796214117,13:37:33.796,27.8700,100
49056806747394,13:37:36.806,27.8700,100
49081835921160,13:38:01.835,27.8700,3
49086632368560,13:38:06.632,27.8500,100
49187232114465,13:39:47.232,27.8500,100
49224420735798,13:40:24.420,27.8600,100
49247711207044,13:40:47.711,27.8700,100
49247711226884,13:40:47.711,27.8700,100
49343347306156,13:42:23.347,27.8500,100
49343348213804,13:42:23.348,27.8500,13
49343545902999,13:42:23.545,27.8500,100
49400047223407,13:43:20.047,27.8900,3
49679588755950,13:47:59.588,27.8800,2
49924566610872,13:52:04.566,27.8400,70
49924566610872,13:52:04.566,27.8300,30
49972614534238,13:52:52.614,27.8500,3
50024701105449,13:53:44.701,27.8500,2
50024701105449,13:53:44.701,27.8700,100
50024701105449,13:53:44.701,27.8700,100
50024701105449,13:53:44.701,27.8700,98
50024701135439,13:53:44.701,27.8700,2
50131137189943,13:55:31.137,27.8600,100
50131137189943,13:55:31.137,27.8600,100
50131137189943,13:55:31.137,27.8600,100
50317276276109,13:58:37.276,27.8600,3
50406729343871,14:00:06.729,27.8800,1
50408599162809,14:00:08.599,27.8900,39
50408599177608,14:00:08.599,27.8900,41
50408599257558,14:00:08.599,27.8900,20
50428016215920,14:00:28.016,27.8900,100
50428016215920,14:00:28.016,27.8800,100
50428017926707,14:00:28.017,27.8800,100
50446516838797,14:00:46.516,27.8700,6
50446516838797,14:00:46.516,27.8700,100
50472161164602,14:01:12.161,27.8900,100
50537830023819,14:02:17.830,27.8700,61
50537830023819,14:02:17.830,27.8600,37
50537831435630,14:02:17.831,27.8600,61
50537831821952,14:02:17.831,27.8600,2
50570227598889,14:02:50.227,27.8700,100
50613298127247,14:03:33.298,27.9000,2
50613299449064,14:03:33.299,27.9000,18
50613299452403,14:03:33.299,27.9000,50
50613299472199,14:03:33.299,27.9000,30
50613299499053,14:03:33.299,27.9100,8
50613300125477,14:03:33.300,27.9100,5
50613300127170,14:03:33.300,27.9300,37
50613311771352,14:03:33.311,27.9300,18
50613311793717,14:03:33.311,27.9300,33
50617018183421,14:03:37.018,27.9000,200
50617018183421,14:03:37.018,27.9000,15
50667033005692,14:04:27.033,27.9000,100
50760961487385,14:06:00.961,27.9300,40
50805374192780,14:06:45.374,27.9200,100
50824019551639,14:07:04.019,27.9300,100
50862952616862,14:07:42.952,27.9100,100
50979266399737,14:09:39.266,27.8800,10
51005269782066,14:10:05.269,27.8800,100
51064634313970,14:11:04.634,27.8900,15
51145823156409,14:12:25.823,27.8900,5
51145823156409,14:12:25.823,27.9200,40
51145823156409,14:12:25.823,27.9200,100
51145823156409,14:12:25.823,27.9200,17
51145823185758,14:12:25.823,27.9200,5
51198621506318,14:13:18.621,27.9300,3
51198621540888,14:13:18.621,27.9300,35
51198621540888,14:13:18.621,27.9300,100
51202038220860,14:13:22.038,27.9200,100
51202038220860,14:13:22.038,27.9100,100
51202038265002,14:13:22.038,27.9100,100
51202040105696,14:13:22.040,27.9000,100
51300727218828,14:15:00.727,27.8900,100
51306377688946,14:15:06.377,27.9400,13
51485176393949,14:18:05.176,27.9400,56
51485176418507,14:18:05.176,27.9400,42
51485176424538,14:18:05.176,27.9400,2
51485176435837,14:18:05.176,27.9500,128
51559990674627,14:19:19.990,27.9300,17
51610738868206,14:20:10.738,27.9200,100
51621115798233,14:20:21.115,27.9300,100
51635464346204,14:20:35.464,27.9300,100
51654695290075,14:20:54.695,27.9500,8
51654695290075,14:20:54.695,27.9500,100
51655070688206,14:20:55.070,27.9400,100
51676844444815,14:21:16.844,27.9500,100
51690456142830,14:21:30.456,27.9600,100
51691277151478,14:21:31.277,27.9600,28
51691277177609,14:21:31.277,27.9600,72
51802092880624,14:23:22.092,27.9400,100
51802093698640,14:23:22.093,27.9300,100
51802093698640,14:23:22.093,27.9300,100
51803800825125,14:23:23.800,27.9400,100
51883282573046,14:24:43.282,27.9200,51
51883283028783,14:24:43.283,27.9200,49
52090280301474,14:28:10.280,27.9000,2
52279340504942,14:31:19.340,27.8700,8
52279340504942,14:31:19.340,27.8700,3
52418150359466,14:33:38.150,27.8700,3
52469475282166,14:34:29.475,27.8900,100
52480015836674,14:34:40.015,27.8900,100
52565561738836,14:36:05.561,27.8700,100
52572897861408,14:36:12.897,27.8700,17
52656069688756,14:37:36.069,27.8900,9
52656069688756,14:37:36.069,27.8900,100
52656070057024,14:37:36.070,27.9000,100
52656070057024,14:37:36.070,27.9000,100
52656070057024,14:37:36.070,27.9000,52
52656070825709,14:37:36.070,27.9000,48
52666562626373,14:37:46.562,27.9000,200
52692659446305,14:38:12.659,27.9000,3
52763369387021,14:39:23.369,27.8800,100
52827442973398,14:40:27.442,27.8600,100
52827443057355,14:40:27.443,27.8600,100
52913589527390,14:41:53.589,27.8300,100
52985256174645,14:43:05.256,27.8300,2
53033278712127,14:43:53.278,27.8100,20
53033278712127,14:43:53.278,27.8200,80
53034657685974,14:43:54.657,27.8200,21
53086908062385,14:44:46.908,27.8300,100
53086909829392,14:44:46.909,27.8400,100
53086910868741,14:44:46.910,27.8400,1
53113954271250,14:45:13.954,27.8400,8
53143501456771,14:45:43.501,27.8400,100
53183344336144,14:46:23.344,27.8300,100
53212874933930,14:46:52.874,27.8600,13
53212874933930,14:46:52.874,27.8700,87
53222526659151,14:47:02.526,27.8600,100
53225133022057,14:47:05.133,27.8700,200
53250478528057,14:47:30.478,27.8500,11
53260899734641,14:47:40.899,27.8500,100
53299911114016,14:48:19.911,27.8900,3
53301032437509,14:48:21.032,27.8500,89
53379807612001,14:49:39.807,27.8400,100
53380483795957,14:49:40.483,27.8300,10
53459065285890,14:50:59.065,27.8300,90
53459065285890,14:50:59.065,27.8300,10
53459065322711,14:50:59.065,27.8300,13
53459118524749,14:50:59.118,27.8200,40
53459120046903,14:50:59.120,27.8200,12
53501500194683,14:51:41.500,27.8100,20
53501500194683,14:51:41.500,27.8100,100
53501502155798,14:51:41.502,27.8000,10
53501503737525,14:51:41.503,27.7900,6
53501507706012,14:51:41.507,27.8000,13
53502724215387,14:51:42.724,27.8000,100
53502724215387,14:51:42.724,27.8000,100
53525140835273,14:52:05.140,27.8400,100
53525183811705,14:52:05.183,27.8400,200
53526674662092,14:52:06.674,27.8400,100
53561494588388,14:52:41.494,27.8600,14
53561494588388,14:52:41.494,27.8600,86
53561494651621,14:52:41.494,27.8600,14
53665272221358,14:54:25.272,27.8500,100
53665272221358,14:54:25.272,27.8500,90
53740481918062,14:55:40.481,27.8400,11
53789713896995,14:56:29.713,27.8600,100
53789757834252,14:56:29.757,27.8900,5
53789757837290,14:56:29.757,27.8900,95
53832304625838,14:57:12.304,27.9200,100
53871506848053,14:57:51.506,27.9500,13
53873164854908,14:57:53.164,27.9500,100
53899707890512,14:58:19.707,27.9700,2
53899707925783,14:58:19.707,27.9700,98
53899707925783,14:58:19.707,27.9700,6
53940569001213,14:59:00.569,27.9500,23
53945728245847,14:59:05.728,27.9400,100
53976236469493,14:59:36.236,27.9600,100
53976236495594,14:59:36.236,27.9600,34
53976236540866,14:59:36.236,27.9600,34
53976238590611,14:59:36.238,27.9600,66
54032884047254,15:00:32.884,27.9700,100
54032888449564,15:00:32.888,27.9800,12
54063853006420,15:01:03.853,27.9600,100
54224622029686,15:03:44.622,27.9200,16
54224622029686,15:03:44.622,27.9200,32
54303090078268,15:05:03.090,27.9100,100
54303090078268,15:05:03.090,27.9100,21
54303090078268,15:05:03.090,27.9100,3
54383847349301,15:06:23.847,27.9000,100
54387326568562,15:06:27.326,27.9000,100
54426311541352,15:07:06.311,27.9200,100
54426311566473,15:07:06.311,27.9200,100
54439955303885,15:07:19.955,27.9200,100
54439959626736,15:07:19.959,27.9200,100
54566681492287,15:09:26.681,27.8800,25
54584073957609,15:09:44.073,27.8800,20
54596752663227,15:09:56.752,27.8800,11
54600719660420,15:10:00.719,27.8800,69
54600721358501,15:10:00.721,27.8700,6
54600721406338,15:10:00.721,27.8700,94
54600721488615,15:10:00.721,27.8800,24
54600721514353,15:10:00.721,27.8800,76
54624105395106,15:10:24.105,27.8600,100
54662381841774,15:11:02.381,27.8300,39
54689622738326,15:11:29.622,27.8100,11
54691446798109,15:11:31.446,27.8500,100
54691446798109,15:11:31.446,27.8500,100
54693639406079,15:11:33.639,27.8500,100
54715743592636,15:11:55.743,27.8500,100
54770823947357,15:12:50.823,27.8600,100
54788035916125,15:13:08.035,27.8400,100
54788043413178,15:13:08.043,27.8000,100
54821590075045,15:13:41.590,27.7900,100
54927259939806,15:15:27.259,27.8100,100
54927259980548,15:15:27.259,27.8100,100
54927260602305,15:15:27.260,27.8100,100
54927262659384,15:15:27.262,27.8100,100
54927262891700,15:15:27.262,27.8000,200
54927262927831,15:15:27.262,27.7900,39
54927263312326,15:15:27.263,27.8000,100
54927263371946,15:15:27.263,27.8000,85
54927264813784,15:15:27.264,27.8000,100
54927367640732,15:15:27.367,27.8000,30
54927367640732,15:15:27.367,27.8000,70
54929781013704,15:15:29.781,27.8100,50
54960463135410,15:16:00.463,27.7900,100
55043660069200,15:17:23.660,27.7500,100
55102168302831,15:18:22.168,27.7300,3
55206512691966,15:20:06.512,27.7400,78
55206513030551,15:20:06.513,27.7500,60
55206513032479,15:20:06.513,27.7500,40
55206513032479,15:20:06.513,27.7500,10
55206513588052,15:20:06.513,27.7500,11
55206515619345,15:20:06.515,27.7600,22
55206529120161,15:20:06.529,27.7700,100
55206529142679,15:20:06.529,27.7700,13
55206529142679,15:20:06.529,27.7700,13
55206538855683,15:20:06.538,27.7800,13
55206538855683,15:20:06.538,27.7800,100
55206538855683,15:20:06.538,27.7800,13
55210262482489,15:20:10.262,27.7800,26
55210262482489,15:20:10.262,27.7800,100
55237534524047,15:20:37.534,27.7900,100
55296670705229,15:21:36.670,27.7700,100
55296721479718,15:21:36.721,27.7600,100
55384826225720,15:23:04.826,27.7100,11
55384826306543,15:23:04.826,27.7100,89
55384826306543,15:23:04.826,27.7100,100
55551743863435,15:25:51.743,27.6800,100
55676485002762,15:27:56.485,27.6900,100
55676485097451,15:27:56.485,27.6900,37
55676485100423,15:27:56.485,27.6900,63
55676485100423,15:27:56.485,27.6900,37
55676485136188,15:27:56.485,27.6900,63
55676485347944,15:27:56.485,27.6900,100
55676485601260,15:27:56.485,27.6900,100
55676485601260,15:27:56.485,27.6900,100
55676496210664,15:27:56.496,27.6900,100
55681497096768,15:28:01.497,27.7200,100
55681848240373,15:28:01.848,27.7200,100
55722344643607,15:28:42.344,27.7100,100
55722344643607,15:28:42.344,27.7100,62
55722346800822,15:28:42.346,27.7000,100
55763284163977,15:29:23.284,27.6800,9
55804486768556,15:30:04.486,27.6600,16
55804486768556,15:30:04.486,27.6600,46
55804486773072,15:30:04.486,27.6600,38
55804486773072,15:30:04.486,27.6600,12
55804486781821,15:30:04.486,27.6600,88
55804487058828,15:30:04.487,27.6500,74
55804941929057,15:30:04.941,27.6500,1
55835831084354,15:30:35.831,27.6300,100
55872413532986,15:31:12.413,27.6500,100
55872413532986,15:31:12.413,27.6500,100
55872647840398,15:31:12.647,27.6700,100
55972637751986,15:32:52.637,27.6700,100
55989348340568,15:33:09.348,27.6700,100
56022929400690,15:33:42.929,27.6700,100
56037867131928,15:33:57.867,27.6700,100
56075427738003,15:34:35.427,27.6600,12
56075427738003,15:34:35.427,27.6600,12
56163466383557,15:36:03.466,27.6600,19
56163466383557,15:36:03.466,27.6600,81
56268777154869,15:37:48.777,27.6400,7
56268777154869,15:37:48.777,27.6400,4
56287947620298,15:38:07.947,27.6300,2
56310106224931,15:38:30.106,27.6300,100
56364672020170,15:39:24.672,27.6400,1
56364672020170,15:39:24.672,27.6400,9
56364672830555,15:39:24.672,27.6400,54
56369676373764,15:39:29.676,27.6350,91
56369676373764,15:39:29.676,27.6400,100
56369676373764,15:39:29.676,27.6400,9
56369676402332,15:39:29.676,27.6400,91
56398777293480,15:39:58.777,27.6400,100
56398782276476,15:39:58.782,27.6350,100
56413720382368,15:40:13.720,27.6350,40
56429777928207,15:40:29.777,27.6300,100
56429777962374,15:40:29.777,27.6300,100
56429791154106,15:40:29.791,27.6200,100
56429791154106,15:40:29.791,27.6200,100
56459652256995,15:40:59.652,27.6000,11
56459922497854,15:40:59.922,27.6000,36
56459922652654,15:40:59.922,27.5950,24
56461926671350,15:41:01.926,27.5900,44
56465487738737,15:41:05.487,27.5700,2
56466504851350,15:41:06.504,27.5800,100
56466504986142,15:41:06.504,27.5800,100
56466506026878,15:41:06.506,27.5800,100
56466506026878,15:41:06.506,27.5800,75
56469045786453,15:41:09.045,27.5900,25
56475035010371,15:41:15.035,27.5900,75
56501582561798,15:41:41.582,27.5700,58
56509430329973,15:41:49.430,27.5700,2
56509430329973,15:41:49.430,27.5700,98
56520930323139,15:42:00.930,27.5700,100
56580908292912,15:43:00.908,27.6000,32
56580908363954,15:43:00.908,27.6000,68
56580908363954,15:43:00.908,27.6000,100
56582391807898,15:43:02.391,27.6200,100
56582391807898,15:43:02.391,27.6200,100
56582391880223,15:43:02.391,27.6200,25
56593004983609,15:43:13.004,27.6100,100
56642576821990,15:44:02.576,27.6200,2
56642576821990,15:44:02.576,27.6200,98
56642576899112,15:44:02.576,27.6200,2
56702948766540,15:45:02.948,27.6400,2
56736151679144,15:45:36.151,27.6400,100
56736152165750,15:45:36.152,27.6400,20
56737669618826,15:45:37.669,27.6300,100
56737669618826,15:45:37.669,27.6300,100
56737669618826,15:45:37.669,27.6300,100
56737669618826,15:45:37.669,27.6300,24
56737674131400,15:45:37.674,27.6100,100
56737674131400,15:45:37.674,27.6100,100
56774487697428,15:46:14.487,27.5900,100
56774645108905,15:46:14.645,27.5800,100
56774771247371,15:46:14.771,27.5900,100
56890319903084,15:48:10.319,27.5900,100
56891949809454,15:48:11.949,27.5900,100
56910398013867,15:48:30.398,27.5800,100
56910398063267,15:48:30.398,27.5800,24
56910398063267,15:48:30.398,27.5800,100
56910488948742,15:48:30.488,27.5800,100
56936454511149,15:48:56.454,27.5700,100
56936454511149,15:48:56.454,27.5700,100
56936458478887,15:48:56.458,27.5600,23
56936458478887,15:48:56.458,27.5600,20
56936458478887,15:48:56.458,27.5600,7
56936460187759,15:48:56.460,27.5500,29
56936460187759,15:48:56.460,27.5500,16
56966854325576,15:49:26.854,27.5500,100
56967746153231,15:49:27.746,27.5600,100
56967773064285,15:49:27.773,27.5600,100
56972255067742,15:49:32.255,27.5500,5
57019069657201,15:50:19.069,27.5300,30
57019787153899,15:50:19.787,27.5300,170
57019787153899,15:50:19.787,27.5300,18
57093113462401,15:51:33.113,27.5600,100
57093114083131,15:51:33.114,27.5500,100
57093114311506,15:51:33.114,27.5500,16
57149932282922,15:52:29.932,27.5400,100
57257226740345,15:54:17.226,27.5300,100
57257226740345,15:54:17.226,27.5300,100
57257227622887,15:54:17.227,27.5300,100
57271066065756,15:54:31.066,27.5300,100
57286985628570,15:54:46.985,27.5300,85
57286985672938,15:54:46.985,27.5300,14
57286985911860,15:54:46.985,27.5300,1
57286986040449,15:54:46.986,27.5300,100
57300082514801,15:55:00.082,27.5400,2
57397222851057,15:56:37.222,27.5550,100
57397222851057,15:56:37.222,27.5550,9
57397222851057,15:56:37.222,27.5500,91
57397222929174,15:56:37.222,27.5550,100
57397222929174,15:56:37.222,27.5500,9
57397222929174,15:56:37.222,27.5500,200
57397222929174,15:56:37.222,27.5500,184
57471388597869,15:57:51.388,27.5400,100
57471388597869,15:57:51.388,27.5400,100
57471388597869,15:57:51.388,27.5400,100
57471388647423,15:57:51.388,27.5400,5
57471388665622,15:57:51.388,27.5400,3
57471388872830,15:57:51.388,27.5400,97
57471664996115,15:57:51.664,27.5300,72
57471665038013,15:57:51.665,27.5300,28
57548845809613,15:59:08.845,27.5300,175
57560272877276,15:59:20.272,27.5800,27
57560272944463,15:59:20.272,27.5800,73
57565160183678,15:59:25.160,27.5800,300
57574456803942,15:59:34.456,27.5950,10
57580369453828,15:59:40.369,27.5900,2
57595351062968,15:59:55.351,27.5800,76
57595899329957,15:59:55.899,27.5800,24
57600759038733,16:00:00.759,0.0000,0
