timestamp,time,price,volume
34200404430625,09:30:00.404,6.2200,1297
34200674577318,09:30:00.674,6.2100,5
34399307809403,09:33:19.307,6.2400,100
34399307824911,09:33:19.307,6.2200,30
34747467874072,09:39:07.467,6.2900,100
34747467874072,09:39:07.467,6.3000,1000
34747467874072,09:39:07.467,6.3000,200
34747467874072,09:39:07.467,6.3000,100
34747501268443,09:39:07.501,6.3000,100
34770994346139,09:39:30.994,6.3500,100
34770995148325,09:39:30.995,6.3500,900
34774903558071,09:39:34.903,6.3700,13
35585565163731,09:53:05.565,6.4600,500
35585565163731,09:53:05.565,6.4600,100
35585565264652,09:53:05.565,6.4800,100
35585567298931,09:53:05.567,6.5000,1
35585622686161,09:53:05.622,6.5000,100
35585626796941,09:53:05.626,6.5000,100
35585866047944,09:53:05.866,6.5400,100
35587374061447,09:53:07.374,6.5300,100
35587375128128,09:53:07.375,6.5300,100
35651059330915,09:54:11.059,6.5300,100
35651059385059,09:54:11.059,6.5300,100
35651059385059,09:54:11.059,6.5300,100
35651059436423,09:54:11.059,6.5300,100
35802822434948,09:56:42.822,6.5200,100
35802824278492,09:56:42.824,6.5100,100
35802824278492,09:56:42.824,6.5100,300
35802828169691,09:56:42.828,6.5000,29
35802828169691,09:56:42.828,6.5000,71
35802829619754,09:56:42.829,6.5000,29
35802831256649,09:56:42.831,6.5000,100
35802834332801,09:56:42.834,6.5000,100
35802837013595,09:56:42.837,6.5000,100
35802839629213,09:56:42.839,6.5000,100
35802840047693,09:56:42.840,6.5000,48
35802845858016,09:56:42.845,6.5000,100
35802851230235,09:56:42.851,6.5000,100
35802856484114,09:56:42.856,6.5000,100
35802861796212,09:56:42.861,6.5000,100
35802867188791,09:56:42.867,6.5000,100
35802870712739,09:56:42.870,6.5000,100
35802873142513,09:56:42.873,6.5000,100
35802873142513,09:56:42.873,6.5000,100
35802880500767,09:56:42.880,6.5000,100
35802886965515,09:56:42.886,6.5000,100
35802893288940,09:56:42.893,6.5000,100
35802899567069,09:56:42.899,6.5000,100
35802905867023,09:56:42.905,6.5000,100
35802912387412,09:56:42.912,6.5000,100
35802918710744,09:56:42.918,6.5000,100
35802925036710,09:56:42.925,6.5000,100
35802931515910,09:56:42.931,6.5000,100
35802937956619,09:56:42.937,6.5000,100
35802944367685,09:56:42.944,6.5000,100
35802950624098,09:56:42.950,6.5000,100
35802956914047,09:56:42.956,6.5000,100
35802963119584,09:56:42.963,6.5000,100
35802969300100,09:56:42.969,6.5000,100
35802975601067,09:56:42.975,6.5000,100
35802981682166,09:56:42.981,6.5000,100
35802987791012,09:56:42.987,6.5000,100
35802996012093,09:56:42.996,6.5000,100
35803002106155,09:56:43.002,6.5000,100
35803008178006,09:56:43.008,6.5000,100
35803014402495,09:56:43.014,6.5000,100
35803020390447,09:56:43.020,6.5000,100
35803026517530,09:56:43.026,6.5000,100
35803032602206,09:56:43.032,6.5000,100
35803038684803,09:56:43.038,6.5000,100
35803044677686,09:56:43.044,6.5000,100
35803047121543,09:56:43.047,6.5000,100
35803049632864,09:56:43.049,6.5000,100
35803049632864,09:56:43.049,6.4400,100
35803049632864,09:56:43.049,6.3800,300
35803052412132,09:56:43.052,6.4800,100
35803059049674,09:56:43.059,6.5000,100
35803059049674,09:56:43.059,6.5000,100
35803059049674,09:56:43.059,6.5000,100
35803059049674,09:56:43.059,6.5000,100
35803062796600,09:56:43.062,6.5000,100
35803062796600,09:56:43.062,6.5000,100
35803066091559,09:56:43.066,6.5000,100
35803070084063,09:56:43.070,6.5000,100
35803079229795,09:56:43.079,6.5000,100
35874150220228,09:57:54.150,6.5700,100
35874150220228,09:57:54.150,6.5700,100
35874155361654,09:57:54.155,6.5800,100
35874155361654,09:57:54.155,6.5800,100
35874155473545,09:57:54.155,6.5800,77
35874155473545,09:57:54.155,6.5800,23
35874156131685,09:57:54.156,6.5900,100
35874156191631,09:57:54.156,6.5900,100
35874156236004,09:57:54.156,6.5900,100
35874167397212,09:57:54.167,6.6000,100
35874167397212,09:57:54.167,6.6000,100
35874168358943,09:57:54.168,6.6000,100
35874179376320,09:57:54.179,6.6200,100
35885878616321,09:58:05.878,6.6200,100
35892075101009,09:58:12.075,6.6300,100
35920731714410,09:58:40.731,6.5100,100
35920731714410,09:58:40.731,6.5000,100
35920731714410,09:58:40.731,6.5000,100
35920731714410,09:58:40.731,6.5000,400
35920740580961,09:58:40.740,6.4600,100
35920740580961,09:58:40.740,6.4600,300
35920766445506,09:58:40.766,6.4200,75
35920766445506,09:58:40.766,6.4000,100
35920766445506,09:58:40.766,6.4000,25
36461009975132,10:07:41.009,6.4400,10
38462364586345,10:41:02.364,6.4400,1
38583160682985,10:43:03.160,6.4400,8
38583160682985,10:43:03.160,6.4500,92
38583160887677,10:43:03.160,6.4500,8
38583160887677,10:43:03.160,6.4500,100
39234717510006,10:53:54.717,6.5800,99
39234717510006,10:53:54.717,6.5900,1
39240413725032,10:54:00.413,6.5900,100
39278845017179,10:54:38.845,6.5900,99
39421486290656,10:57:01.486,6.5850,100
39458513080630,10:57:38.513,6.5000,100
39458615614966,10:57:38.615,6.5150,100
39642119068443,11:00:42.119,6.4900,100
40508451496922,11:15:08.451,6.5100,100
40508451496922,11:15:08.451,6.5000,100
40508451548970,11:15:08.451,6.5000,100
40508615187216,11:15:08.615,6.4700,100
40509073569885,11:15:09.073,6.4600,9
40509073569885,11:15:09.073,6.4600,41
41585580384175,11:33:05.580,6.4600,100
41957988662570,11:39:17.988,6.5100,100
42094009433968,11:41:34.009,6.5200,100
42413974327337,11:46:53.974,6.5000,100
42413976598388,11:46:53.976,6.5200,100
42524504945701,11:48:44.504,6.5000,4
42753606817946,11:52:33.606,6.5000,96
42753606817946,11:52:33.606,6.5000,4
42757892928763,11:52:37.892,6.5000,5
42757892928763,11:52:37.892,6.5000,95
43079091334329,11:57:59.091,6.5000,100
43079091334329,11:57:59.091,6.5000,12
43079104935679,11:57:59.104,6.5100,73
43079105252210,11:57:59.105,6.5100,27
43091092945035,11:58:11.092,6.5200,100
43125592037585,11:58:45.592,6.5350,100
43246491998475,12:00:46.491,6.5350,100
43390858777077,12:03:10.858,6.5200,100
43390865522287,12:03:10.865,6.5000,3000
43390865556485,12:03:10.865,6.5000,472
43390865590202,12:03:10.865,6.5000,100
43390865637911,12:03:10.865,6.5000,100
43390865647905,12:03:10.865,6.5000,100
43390865685673,12:03:10.865,6.5000,100
43390866452174,12:03:10.866,6.5000,1845
43390866583699,12:03:10.866,6.5000,1171
43397863505060,12:03:17.863,6.4600,5
43397863505060,12:03:17.863,6.4500,95
43398618892621,12:03:18.618,6.4500,5
43398618892621,12:03:18.618,6.4500,95
43398618920303,12:03:18.618,6.4500,5
43398618949702,12:03:18.618,6.4500,100
43414916676950,12:03:34.916,6.4800,100
43483473662221,12:04:43.473,6.5100,10
43483473662221,12:04:43.473,6.5100,47
43483572697385,12:04:43.572,6.5200,100
43660649202328,12:07:40.649,6.5000,100
43660653222304,12:07:40.653,6.4800,100
43660653222304,12:07:40.653,6.4500,100
43660653222304,12:07:40.653,6.4500,100
43660653222304,12:07:40.653,6.4100,100
43694436870078,12:08:14.436,6.4000,100
43694437250434,12:08:14.437,6.4000,100
43694440136687,12:08:14.440,6.4000,100
43694930895241,12:08:14.930,6.4000,100
44151326292279,12:15:51.326,6.4500,100
44519372862711,12:21:59.372,6.4600,100
44894508105157,12:28:14.508,6.4600,100
45301015885636,12:35:01.015,6.4700,100
45364656423755,12:36:04.656,6.4700,100
45371483252165,12:36:11.483,6.4700,100
45409684331483,12:36:49.684,6.4900,100
45542593312289,12:39:02.593,6.4500,15
45542593395479,12:39:02.593,6.4500,185
45575925123052,12:39:35.925,6.4000,4
46692065508062,12:58:12.065,6.4500,81
46692066151854,12:58:12.066,6.4500,19
46692066151854,12:58:12.066,6.4500,81
46692066202319,12:58:12.066,6.4500,19
47582828835168,13:13:02.828,6.4050,100
47834952660602,13:17:14.952,6.4050,100
47835788160649,13:17:15.788,6.4200,100
48433816347059,13:27:13.816,6.4600,100
48567428870862,13:29:27.428,6.4600,100
48577785176411,13:29:37.785,6.4500,100
48672819078799,13:31:12.819,6.4400,34
48699832456078,13:31:39.832,6.4400,65
48720837904040,13:32:00.837,6.4400,55
49030907557415,13:37:10.907,6.4700,100
49456557903662,13:44:16.557,6.5000,100
49505411648115,13:45:05.411,6.5000,100
49627657907842,13:47:07.657,6.4850,100
49727186836757,13:48:47.186,6.4700,96
49727186917443,13:48:47.186,6.4700,4
49979257686904,13:52:59.257,6.4700,100
49979258820195,13:52:59.258,6.4700,100
49979259011101,13:52:59.259,6.4700,100
49996263619649,13:53:16.263,6.4700,100
50222025030514,13:57:02.025,6.4750,100
50420276892617,14:00:20.276,6.4900,100
50434862100973,14:00:34.862,6.5000,100
50443467120888,14:00:43.467,6.4950,100
50452269076628,14:00:52.269,6.5000,100
50452271097810,14:00:52.271,6.5000,100
50459712062011,14:00:59.712,6.4950,100
50466508977635,14:01:06.508,6.5000,100
50466510717234,14:01:06.510,6.5000,100
50466510717234,14:01:06.510,6.5000,100
50512355612940,14:01:52.355,6.4950,100
50709960232285,14:05:09.960,6.4950,100
50721911260377,14:05:21.911,6.4950,100
50721911308115,14:05:21.911,6.5000,100
50721916296742,14:05:21.916,6.4900,100
50731077123117,14:05:31.077,6.4700,100
50783118313858,14:06:23.118,6.4750,100
51041831604854,14:10:41.831,6.4900,100
51183875807184,14:13:03.875,6.4750,70
51297429689621,14:14:57.429,6.4750,30
51297429689621,14:14:57.429,6.5000,70
51520076136318,14:18:40.076,6.5000,30
51520076136318,14:18:40.076,6.5000,70
51523076665544,14:18:43.076,6.4900,100
51549880792650,14:19:09.880,6.5000,100
51817782404814,14:23:37.782,6.4900,100
51817882710703,14:23:37.882,6.4900,100
51878612045633,14:24:38.612,6.4800,100
52498836865056,14:34:58.836,6.4600,100
52498836865056,14:34:58.836,6.4600,100
52564702057828,14:36:04.702,6.4400,100
52814242882617,14:40:14.242,6.4400,100
53003074006308,14:43:23.074,6.4450,100
53275543757270,14:47:55.543,6.5000,50
53855041932301,14:57:35.041,6.4850,100
53868073722955,14:57:48.073,6.4850,100
53873074261053,14:57:53.074,6.4850,100
54608073670361,15:10:08.073,6.4850,100
54613074696117,15:10:13.074,6.4850,100
55098160581921,15:18:18.160,6.4850,100
55329928225508,15:22:09.928,6.4850,100
55388073894022,15:23:08.073,6.4850,100
55393074210376,15:23:13.074,6.4850,100
55490827577029,15:24:50.827,6.4700,100
55684726292854,15:28:04.726,6.4700,100
55687953970947,15:28:07.953,6.4600,100
55838955841748,15:30:38.955,6.4500,15
55914999120851,15:31:54.999,6.4500,100
55919158970670,15:31:59.158,6.4250,100
56157537735666,15:35:57.537,6.4350,100
56158794489252,15:35:58.794,6.4350,100
56166119053863,15:36:06.119,6.4400,50
56218074423735,15:36:58.074,6.4300,50
56382487024543,15:39:42.487,6.4400,100
56655074437890,15:44:15.074,6.4500,100
56761587346574,15:46:01.587,6.4300,100
56761587346574,15:46:01.587,6.4300,100
56761666880269,15:46:01.666,6.4000,100
56761732726353,15:46:01.732,6.4000,200
57144077222684,15:52:24.077,6.4900,100
57145423617472,15:52:25.423,6.5000,50
57145423617472,15:52:25.423,6.5000,50
57358420903193,15:55:58.420,6.4900,50
57358420962926,15:55:58.420,6.4900,125
57358420962926,15:55:58.420,6.4900,100
57564077331521,15:59:24.077,6.4900,46
57583758295750,15:59:43.758,6.4900,100
57590023519159,15:59:50.023,6.4600,100
57590023519159,15:59:50.023,6.4500,17
57600585470263,16:00:00.585,6.4500,413
