timestamp,time,price,volume
34200862745869,09:30:00.862,1.0100,1083
34314166373228,09:31:54.166,1.0400,18
34314167783483,09:31:54.167,1.0400,103
34314167783483,09:31:54.167,1.0400,100
34314167783483,09:31:54.167,1.0400,100
34372115445357,09:32:52.115,1.0400,100
34372115445357,09:32:52.115,1.0400,197
34372116423616,09:32:52.116,1.0400,100
34527132939028,09:35:27.132,1.0400,100
34584270100357,09:36:24.270,1.0200,9
34921683097212,09:42:01.683,1.0200,35
34921683164772,09:42:01.683,1.0200,56
34921683164772,09:42:01.683,1.0200,2100
35067669823739,09:44:27.669,1.0100,12
35067669823739,09:44:27.669,1.0100,100
35279237380199,09:47:59.237,1.0000,100
35279237380199,09:47:59.237,1.0000,200
35279237380199,09:47:59.237,1.0000,1900
35279237487775,09:47:59.237,1.0000,300
35279237487775,09:47:59.237,1.0000,100
35279237487775,09:47:59.237,1.0000,100
35279237487775,09:47:59.237,1.0000,200
35279237487775,09:47:59.237,1.0000,100
35279237569453,09:47:59.237,1.0000,14
35279237896324,09:47:59.237,1.0100,300
35279237896324,09:47:59.237,1.0100,100
35279237896324,09:47:59.237,1.0100,200
35279237896324,09:47:59.237,1.0100,1218
35279237925118,09:47:59.237,1.0000,1200
35279239723771,09:47:59.239,1.0000,986
35279239723771,09:47:59.239,1.0000,100
35279239723771,09:47:59.239,1.0000,200
35551345900880,09:52:31.345,1.0050,100
35551345900880,09:52:31.345,1.0100,100
35551345988600,09:52:31.345,1.0000,2200
35551345988600,09:52:31.345,1.0000,100
35551345988600,09:52:31.345,1.0000,1400
35589239046903,09:53:09.239,1.0100,300
35589239046903,09:53:09.239,1.0100,900
36028446019874,10:00:28.446,1.0100,200
36028446019874,10:00:28.446,1.0100,100
36028446946845,10:00:28.446,1.0100,100
36028446946845,10:00:28.446,1.0100,800
36028449334144,10:00:28.449,1.0100,13795
36028449448246,10:00:28.449,1.0100,300
36123936337951,10:02:03.936,1.0100,100
36199065118201,10:03:19.065,1.0100,100
36251493335847,10:04:11.493,1.0100,100
36571051578403,10:09:31.051,1.0050,100
36571051578403,10:09:31.051,1.0000,800
36571051578403,10:09:31.051,1.0000,200
38031081813391,10:33:51.081,1.0100,500
38031081965037,10:33:51.081,1.0100,100
38108629808105,10:35:08.629,1.0100,300
38281184845339,10:38:01.184,1.0000,2500
38281184845339,10:38:01.184,1.0000,100
38281184845339,10:38:01.184,1.0000,100
38281184845339,10:38:01.184,1.0000,2200
38281184845339,10:38:01.184,1.0000,2200
38281184845339,10:38:01.184,1.0000,2494
38281185373588,10:38:01.185,1.0000,606
38281186068808,10:38:01.186,1.0000,100
38281187045848,10:38:01.187,1.0000,100
38281190569527,10:38:01.190,1.0000,100
38281190590415,10:38:01.190,1.0000,100
38281288898819,10:38:01.288,1.0000,100
38288478994001,10:38:08.478,1.0000,100
38288478994001,10:38:08.478,1.0000,100
38288523529046,10:38:08.523,1.0000,100
38288523529046,10:38:08.523,1.0000,100
38292396025918,10:38:12.396,1.0000,100
38292396025918,10:38:12.396,1.0000,100
38305174521035,10:38:25.174,1.0000,100
38305175343598,10:38:25.175,1.0000,100
38358200487678,10:39:18.200,0.9950,100
38375319672235,10:39:35.319,0.9949,100
38375319672235,10:39:35.319,0.9949,200
38375319672235,10:39:35.319,0.9949,100
38428115479355,10:40:28.115,0.9943,100
38428115479355,10:40:28.115,0.9943,100
38444139972927,10:40:44.139,0.9900,100
38444139972927,10:40:44.139,0.9900,100
38459897935572,10:40:59.897,0.9899,100
38459897935572,10:40:59.897,0.9899,100
38459897935572,10:40:59.897,0.9899,200
38512033226191,10:41:52.033,0.9885,100
38512033226191,10:41:52.033,0.9885,100
38571076787073,10:42:51.076,0.9887,100
38571080311159,10:42:51.080,0.9887,100
38571080311159,10:42:51.080,0.9887,100
38598438910771,10:43:18.438,0.9887,100
38677492183994,10:44:37.492,0.9887,100
38677492183994,10:44:37.492,0.9887,100
38677492183994,10:44:37.492,0.9887,100
38677492183994,10:44:37.492,0.9887,200
38677492183994,10:44:37.492,0.9887,1000
38677492213887,10:44:37.492,0.9886,100
38677492213887,10:44:37.492,0.9886,100
38820213100420,10:47:00.213,0.9885,100
38858118538313,10:47:38.118,0.9861,100
38918401731297,10:48:38.401,0.9830,100
38918401833197,10:48:38.401,0.9827,100
38978724747946,10:49:38.724,0.9827,100
38991838341142,10:49:51.838,0.9800,500
38991838341142,10:49:51.838,0.9800,100
38991861466206,10:49:51.861,0.9780,1700
38991861466206,10:49:51.861,0.9780,100
39024035995485,10:50:24.035,0.9760,100
39056596204952,10:50:56.596,0.9760,100
39056596204952,10:50:56.596,0.9760,100
39056604471296,10:50:56.604,0.9759,100
39056607436918,10:50:56.607,0.9760,100
39084347507144,10:51:24.347,0.9760,100
39144439999608,10:52:24.439,0.9762,100
39189514707829,10:53:09.514,0.9762,100
39249593874322,10:54:09.593,0.9762,100
39309678084200,10:55:09.678,0.9762,100
39385961189210,10:56:25.961,0.9797,100
39385980044183,10:56:25.980,0.9797,200
39385980391999,10:56:25.980,0.9800,100
39414838021501,10:56:54.838,0.9797,100
39474930492111,10:57:54.930,0.9797,100
39479264921520,10:57:59.264,0.9807,200
39535027318933,10:58:55.027,0.9810,100
39595123338776,10:59:55.123,0.9810,100
39640181694419,11:00:40.181,0.9810,100
39700299327018,11:01:40.299,0.9810,100
39760390127773,11:02:40.390,0.9810,100
39791216835750,11:03:11.216,0.9868,100
39820495485283,11:03:40.495,0.9810,100
39870333737489,11:04:30.333,0.9808,100
39991163634113,11:06:31.163,0.9810,100
40110979969470,11:08:30.979,0.9811,100
40110982021921,11:08:30.982,0.9808,200
40110982021921,11:08:30.982,0.9808,100
40110982209111,11:08:30.982,0.9808,200
40114151885756,11:08:34.151,0.9808,200
40116843563951,11:08:36.843,0.9808,100
40116843563951,11:08:36.843,0.9808,100
40116843640337,11:08:36.843,0.9808,100
40124050641305,11:08:44.050,0.9808,200
40124050734876,11:08:44.050,0.9808,100
40132756471193,11:08:52.756,0.9808,200
40139193506845,11:08:59.193,0.9808,100
40139193612755,11:08:59.193,0.9808,100
40166275335180,11:09:26.275,0.9808,100
40172997587335,11:09:32.997,0.9808,200
40172997587335,11:09:32.997,0.9808,100
40172997688480,11:09:32.997,0.9808,100
40172997759929,11:09:32.997,0.9808,300
40172997759929,11:09:32.997,0.9808,300
40172997780563,11:09:32.997,0.9808,100
40173118306501,11:09:33.118,0.9807,100
40176947924172,11:09:36.947,0.9807,700
40176947924172,11:09:36.947,0.9807,1000
40176947924172,11:09:36.947,0.9807,100
40177070271537,11:09:37.070,0.9797,100
40238070673041,11:10:38.070,0.9797,100
40241396611842,11:10:41.396,0.9797,9
40241396611842,11:10:41.396,0.9778,91
40316533307279,11:11:56.533,0.9778,100
40316535043066,11:11:56.535,0.9770,500
40376861749283,11:12:56.861,0.9770,100
40386371629646,11:13:06.371,0.9770,1000
40386373447552,11:13:06.373,0.9770,1147
40386373593414,11:13:06.373,0.9770,100
40436951510844,11:13:56.951,0.9770,100
40497035001251,11:14:57.035,0.9770,100
40517150693486,11:15:17.150,0.9805,100
40557145477389,11:15:57.145,0.9770,53
40557145477389,11:15:57.145,0.9770,47
40572205712446,11:16:12.205,0.9770,53
40572205712446,11:16:12.205,0.9770,47
40616684699153,11:16:56.684,0.9770,100
40616686082269,11:16:56.686,0.9770,100
40632264180161,11:17:12.264,0.9770,100
40692351759385,11:18:12.351,0.9770,100
40752438771448,11:19:12.438,0.9770,100
40872214317756,11:21:12.214,0.9800,4
40872234949162,11:21:12.234,0.9771,46
40872617359831,11:21:12.617,0.9770,700
40926611023834,11:22:06.611,0.9770,100
40977396122569,11:22:57.396,0.9770,100
40977513053888,11:22:57.513,0.9770,100
40993003666113,11:23:13.003,0.9770,100
41026439983239,11:23:46.439,0.9770,100
41053082617317,11:24:13.082,0.9770,100
41113181910499,11:25:13.181,0.9770,100
41173263717953,11:26:13.263,0.9770,100
41233352658230,11:27:13.352,0.9770,100
41269775511685,11:27:49.775,0.9800,100
41308466530632,11:28:28.466,0.9800,100
41329688220475,11:28:49.688,0.9800,1100
41368555104216,11:29:28.555,0.9800,100
41393544133806,11:29:53.544,0.9800,300
41400084697346,11:30:00.084,0.9800,100
41428683655622,11:30:28.683,0.9800,100
41428795225887,11:30:28.795,0.9800,100
41436436091478,11:30:36.436,0.9813,100
41436440836233,11:30:36.440,0.9864,200
41436440836233,11:30:36.440,0.9864,1000
41436445916923,11:30:36.445,0.9865,200
41436445916923,11:30:36.445,0.9865,1800
41436445916923,11:30:36.445,0.9865,200
41436452496460,11:30:36.452,0.9866,200
41436452496460,11:30:36.452,0.9866,100
41436452496460,11:30:36.452,0.9866,100
41436452496460,11:30:36.452,0.9866,100
41436452496460,11:30:36.452,0.9866,1000
41436452496460,11:30:36.452,0.9866,100
41436460951024,11:30:36.460,0.9877,200
41436460951024,11:30:36.460,0.9877,100
41436460951024,11:30:36.460,0.9877,100
41436462352805,11:30:36.462,0.9877,100
41436462352805,11:30:36.462,0.9877,100
41436462352805,11:30:36.462,0.9877,100
41436462352805,11:30:36.462,0.9877,100
41436462352805,11:30:36.462,0.9877,500
41436468678856,11:30:36.468,0.9889,100
41436468678856,11:30:36.468,0.9889,100
41436470758359,11:30:36.470,0.9889,100
41436470758359,11:30:36.470,0.9889,100
41436475707701,11:30:36.475,0.9890,100
41436475707701,11:30:36.475,0.9890,100
41436475707701,11:30:36.475,0.9890,100
41436481058946,11:30:36.481,0.9900,200
41436485801178,11:30:36.485,0.9938,200
41436490572415,11:30:36.490,0.9940,200
41436500133469,11:30:36.500,0.9943,501
41436566276860,11:30:36.566,0.9889,100
41503808685445,11:31:43.808,0.9901,300
41668122492055,11:34:28.122,0.9999,100
41767598207412,11:36:07.598,0.9951,100
41767598207412,11:36:07.598,0.9951,100
41767598278959,11:36:07.598,0.9951,100
41767598278959,11:36:07.598,0.9951,100
41767607471710,11:36:07.607,0.9951,100
41767612659110,11:36:07.612,0.9946,10
41767615711525,11:36:07.615,0.9901,300
41767615711525,11:36:07.615,0.9901,100
41767615711525,11:36:07.615,0.9901,200
41767615762607,11:36:07.615,0.9901,1600
41767615762607,11:36:07.615,0.9901,300
41767615762607,11:36:07.615,0.9901,700
41767619411712,11:36:07.619,0.9850,100
41767619411712,11:36:07.619,0.9850,100
41767619501171,11:36:07.619,0.9850,400
41767623133094,11:36:07.623,0.9791,1800
41767623133094,11:36:07.623,0.9791,100
41767623133094,11:36:07.623,0.9791,200
41767623177090,11:36:07.623,0.9791,600
41767625741160,11:36:07.625,0.9773,100
41767625741160,11:36:07.625,0.9773,100
41767625793956,11:36:07.625,0.9773,200
41767625793956,11:36:07.625,0.9773,600
41767625793956,11:36:07.625,0.9773,400
41767625793956,11:36:07.625,0.9773,200
41767629746541,11:36:07.629,0.9773,100
41767629841126,11:36:07.629,0.9773,200
41767632559514,11:36:07.632,0.9773,100
41767634810919,11:36:07.634,0.9773,100
41767637728258,11:36:07.637,0.9773,100
41767640360924,11:36:07.640,0.9773,100
41767640360924,11:36:07.640,0.9773,100
41767642717023,11:36:07.642,0.9773,100
41767642717023,11:36:07.642,0.9773,100
41767644802203,11:36:07.644,0.9773,100
41767644802203,11:36:07.644,0.9773,100
41767647018022,11:36:07.647,0.9770,953
41767647018022,11:36:07.647,0.9770,100
41767647050948,11:36:07.647,0.9770,1200
41767647960565,11:36:07.647,0.9770,1397
41767649691162,11:36:07.649,0.9770,1703
41767649691162,11:36:07.649,0.9770,200
41767649691162,11:36:07.649,0.9770,100
41767649746450,11:36:07.649,0.9770,500
41767651149794,11:36:07.651,0.9770,1397
42134794057703,11:42:14.794,0.9773,100
42549616199528,11:49:09.616,0.9801,100
42645531029607,11:50:45.531,0.9801,100
42670364053797,11:51:10.364,0.9860,100
42670364053797,11:51:10.364,0.9860,100
42670364053797,11:51:10.364,0.9860,100
42673391984783,11:51:13.391,0.9899,200
42705655795526,11:51:45.655,0.9899,100
42737169992670,11:52:17.169,0.9899,100
42737169992670,11:52:17.169,0.9899,100
42780750700401,11:53:00.750,0.9899,100
42840857393946,11:54:00.857,0.9899,100
42841020974486,11:54:01.020,0.9900,100
42841020974486,11:54:01.020,0.9900,100
42841022514601,11:54:01.022,0.9904,100
42900943859457,11:55:00.943,0.9901,100
42949495444617,11:55:49.495,0.9901,100
42961031227694,11:56:01.031,0.9901,100
43096224856667,11:58:16.224,0.9901,100
43171344765424,11:59:31.344,0.9901,100
43231421421748,12:00:31.421,0.9901,100
43291513536128,12:01:31.513,0.9901,100
43291629037958,12:01:31.629,0.9901,100
43366627321583,12:02:46.627,0.9901,100
43426736246929,12:03:46.736,0.9901,100
43591996111626,12:06:31.996,0.9901,90
43718941153186,12:08:38.941,0.9901,10
43718941153186,12:08:38.941,0.9901,190
43787333204539,12:09:47.333,0.9901,100
43931564205293,12:12:11.564,0.9900,100
43967850925986,12:12:47.850,0.9900,100
44042961259919,12:14:02.961,0.9900,100
44071686838750,12:14:31.686,0.9901,100
44098635205574,12:14:58.635,0.9901,76
44103052770694,12:15:03.052,0.9901,100
44178160298805,12:16:18.160,0.9901,100
44229899362964,12:17:09.899,0.9901,100
44253269737482,12:17:33.269,0.9901,100
44328376395909,12:18:48.376,0.9901,100
44328376587401,12:18:48.376,0.9901,24
44328376587401,12:18:48.376,0.9901,400
44328376587401,12:18:48.376,0.9901,76
44328548296466,12:18:48.548,0.9901,24
44328548296466,12:18:48.548,0.9901,76
44330066648883,12:18:50.066,0.9934,200
44330066648883,12:18:50.066,0.9934,200
44330066648883,12:18:50.066,0.9934,100
44330201731548,12:18:50.201,0.9934,100
44388466393403,12:19:48.466,0.9900,100
44463578282197,12:21:03.578,0.9900,100
44538687822569,12:22:18.687,0.9900,100
44583219141555,12:23:03.219,0.9900,100
44613813208788,12:23:33.813,0.9900,100
44749024084307,12:25:49.024,0.9900,100
44806039557364,12:26:46.039,0.9900,100
44824151502079,12:27:04.151,0.9900,100
44899266840934,12:28:19.266,0.9900,100
44974516629157,12:29:34.516,0.9900,100
45064753095703,12:31:04.753,0.9923,100
45064754481748,12:31:04.754,0.9923,100
45064754481748,12:31:04.754,0.9923,100
45064754481748,12:31:04.754,0.9923,100
45102216074894,12:31:42.216,0.9938,100
45102216074894,12:31:42.216,0.9938,200
45102226007523,12:31:42.226,0.9941,100
45102352282828,12:31:42.352,1.0100,100
45545246725434,12:39:05.246,1.0100,100
45545246725434,12:39:05.246,1.0100,100
45545246725434,12:39:05.246,1.0100,1000
45545246725434,12:39:05.246,1.0100,200
45545378831939,12:39:05.378,1.0100,100
45560386611477,12:39:20.386,1.0150,190
45680546627070,12:41:20.546,1.0100,90
45830759398975,12:43:50.759,1.0150,100
45860806984338,12:44:20.806,1.0100,100
46002763085292,12:46:42.763,1.0100,100
47050560313867,13:04:10.560,1.0000,123
47050560313867,13:04:10.560,1.0000,100
47050560313867,13:04:10.560,1.0000,500
47050560313867,13:04:10.560,1.0000,300
47050560313867,13:04:10.560,1.0000,200
47050560313867,13:04:10.560,1.0000,1200
47050560313867,13:04:10.560,1.0000,1100
47050560313867,13:04:10.560,1.0000,1200
47050562754905,13:04:10.562,1.0000,200
47050562754905,13:04:10.562,1.0000,100
47050564756589,13:04:10.564,0.9995,1200
47050564756589,13:04:10.564,0.9995,100
47050565195369,13:04:10.565,0.9956,118
47050565426369,13:04:10.565,0.9956,26
47052638916909,13:04:12.638,1.0000,51636
47059909519831,13:04:19.909,0.9957,300
47059909519831,13:04:19.909,0.9957,700
47146313755592,13:05:46.313,0.9956,100
47152750160029,13:05:52.750,0.9900,100
47788716904597,13:16:28.716,0.9954,100
47788716904597,13:16:28.716,0.9954,100
47871879537969,13:17:51.879,0.9954,100
47871879537969,13:17:51.879,0.9954,100
47871880945879,13:17:51.880,0.9954,100
47872018656088,13:17:52.018,0.9954,100
47888842932859,13:18:08.842,0.9954,100
48131314178626,13:22:11.314,0.9954,100
48242227127701,13:24:02.227,0.9954,200
48242359600290,13:24:02.359,0.9955,100
48620272801119,13:30:20.272,0.9954,200
48620411395143,13:30:20.411,0.9969,100
48823033556365,13:33:43.033,1.0050,1400
49646803734671,13:47:26.803,1.0100,100
49646803734671,13:47:26.803,1.0100,700
49646803734671,13:47:26.803,1.0100,200
49646803734671,13:47:26.803,1.0100,200
49646803734671,13:47:26.803,1.0100,100
49646806111031,13:47:26.806,1.0100,15
49735373861487,13:48:55.373,1.0100,1600
49735373861487,13:48:55.373,1.0100,700
49735373861487,13:48:55.373,1.0100,100
49735375980790,13:48:55.375,1.0100,100
49742036199881,13:49:02.036,1.0000,100
49742036199881,13:49:02.036,1.0000,300
49742036199881,13:49:02.036,1.0000,800
49742036199881,13:49:02.036,1.0000,400
49766362194826,13:49:26.362,1.0000,1300
49784160256642,13:49:44.160,1.0000,1100
49784160256642,13:49:44.160,1.0000,100
49784160256642,13:49:44.160,1.0000,2000
49796263384452,13:49:56.263,1.0100,600
49796263384452,13:49:56.263,1.0100,600
49796263384452,13:49:56.263,1.0100,100
49796834088221,13:49:56.834,1.0100,100
49799559001427,13:49:59.559,1.0100,100
49799559001427,13:49:59.559,1.0100,15
50188486240533,13:56:28.486,1.0050,200
50308169298048,13:58:28.169,1.0050,293
50308169791161,13:58:28.169,1.0050,490
50308170286671,13:58:28.170,1.0050,1417
50312261647058,13:58:32.261,1.0100,100
50312261647058,13:58:32.261,1.0100,600
50312261647058,13:58:32.261,1.0100,900
50312261647058,13:58:32.261,1.0100,1000
50312261647058,13:58:32.261,1.0100,100
50312261647058,13:58:32.261,1.0100,100
50402224312361,14:00:02.224,1.0200,100
50402224312361,14:00:02.224,1.0200,115
50402224312361,14:00:02.224,1.0200,6
50634192099519,14:03:54.192,1.0300,100
50634192099519,14:03:54.192,1.0300,500
50683899159956,14:04:43.899,1.0200,100
50683899159956,14:04:43.899,1.0200,100
50683899159956,14:04:43.899,1.0200,800
50689745193765,14:04:49.745,1.0200,500
50689747250935,14:04:49.747,1.0200,500
50689748777285,14:04:49.748,1.0200,500
50689750478788,14:04:49.750,1.0200,500
50689752080477,14:04:49.752,1.0200,500
50689753649281,14:04:49.753,1.0200,500
50689755370232,14:04:49.755,1.0200,500
50689757046318,14:04:49.757,1.0200,500
50689758934673,14:04:49.758,1.0200,500
50689760686028,14:04:49.760,1.0200,500
50689762574000,14:04:49.762,1.0200,500
50689764359434,14:04:49.764,1.0200,500
50689766017459,14:04:49.766,1.0200,500
50689767592844,14:04:49.767,1.0200,500
50689769363572,14:04:49.769,1.0200,500
50689770972208,14:04:49.770,1.0200,500
50689772553821,14:04:49.772,1.0200,500
50689774484397,14:04:49.774,1.0200,500
50689776257360,14:04:49.776,1.0200,500
50689778002969,14:04:49.778,1.0200,500
50689779714393,14:04:49.779,1.0200,500
50689781592466,14:04:49.781,1.0200,500
50689783184518,14:04:49.783,1.0200,500
50689784883695,14:04:49.784,1.0200,500
50689786635947,14:04:49.786,1.0200,500
50689788285147,14:04:49.788,1.0200,500
50689790063915,14:04:49.790,1.0200,500
50689791840153,14:04:49.791,1.0200,500
50689793435686,14:04:49.793,1.0200,500
50689795094321,14:04:49.795,1.0200,500
50689796637575,14:04:49.796,1.0200,500
50689798424967,14:04:49.798,1.0200,500
50689800220685,14:04:49.800,1.0200,500
50689801942375,14:04:49.801,1.0200,500
50689803617420,14:04:49.803,1.0200,500
50689805194541,14:04:49.805,1.0200,500
50689806950756,14:04:49.806,1.0200,500
50689808673714,14:04:49.808,1.0200,500
50689810461068,14:04:49.810,1.0200,500
50689812209092,14:04:49.812,1.0200,500
50689813675633,14:04:49.813,1.0200,500
50689815505774,14:04:49.815,1.0200,500
50689817405774,14:04:49.817,1.0200,500
50689819210534,14:04:49.819,1.0200,500
50689821003045,14:04:49.821,1.0200,500
50689822657979,14:04:49.822,1.0200,500
50689824466813,14:04:49.824,1.0200,500
50689826135556,14:04:49.826,1.0200,500
50689827812420,14:04:49.827,1.0200,500
50689829648579,14:04:49.829,1.0200,500
50689831407254,14:04:49.831,1.0200,500
50689833063197,14:04:49.833,1.0200,500
50689834789330,14:04:49.834,1.0200,500
50689836407323,14:04:49.836,1.0200,500
50689837974097,14:04:49.837,1.0200,500
50689839644237,14:04:49.839,1.0200,500
50689841217123,14:04:49.841,1.0200,500
50689842815017,14:04:49.842,1.0200,500
50689844640206,14:04:49.844,1.0200,500
50689846380871,14:04:49.846,1.0200,500
50689848085428,14:04:49.848,1.0200,500
50689849800611,14:04:49.849,1.0200,500
50689851407135,14:04:49.851,1.0200,500
50689853110259,14:04:49.853,1.0200,500
50689854897522,14:04:49.854,1.0200,500
50689856630598,14:04:49.856,1.0200,500
50689858328835,14:04:49.858,1.0200,500
50689859915556,14:04:49.859,1.0200,500
50689861568566,14:04:49.861,1.0200,500
50689863471829,14:04:49.863,1.0200,500
50689865440470,14:04:49.865,1.0200,500
50689867154764,14:04:49.867,1.0200,500
50689868723467,14:04:49.868,1.0200,500
50689870343851,14:04:49.870,1.0200,500
50689872087169,14:04:49.872,1.0200,500
50689873723911,14:04:49.873,1.0200,500
50689875523007,14:04:49.875,1.0200,500
50689876982072,14:04:49.876,1.0200,500
50689878525524,14:04:49.878,1.0200,500
50689880186917,14:04:49.880,1.0200,500
50689881923690,14:04:49.881,1.0200,500
50689883547465,14:04:49.883,1.0200,200
50689891447234,14:04:49.891,1.0100,100
50689891447234,14:04:49.891,1.0100,100
51001503353475,14:10:01.503,1.0100,100
51001503353475,14:10:01.503,1.0100,1000
51001503353475,14:10:01.503,1.0100,600
51001503353475,14:10:01.503,1.0100,1000
51001503353475,14:10:01.503,1.0100,100
51001503353475,14:10:01.503,1.0100,1600
51001503353475,14:10:01.503,1.0100,2000
51001507862415,14:10:01.507,1.0100,400
51005515694059,14:10:05.515,1.0100,1000
51011255974780,14:10:11.255,1.0100,100
51238971432171,14:13:58.971,1.0100,100
51299053506494,14:14:59.053,1.0150,100
51426858777244,14:17:06.858,1.0150,300
51426858777244,14:17:06.858,1.0150,100
51426858777244,14:17:06.858,1.0100,99100
51433765476465,14:17:13.765,1.0100,800
51433765476465,14:17:13.765,1.0100,400
51433765476465,14:17:13.765,1.0100,1000
51433765476465,14:17:13.765,1.0100,100
51436226580987,14:17:16.226,1.0100,300
51436227814706,14:17:16.227,1.0100,100
51524393884233,14:18:44.393,1.0100,100
51594684730323,14:19:54.684,1.0100,200
51594684730323,14:19:54.684,1.0100,100
51594684730323,14:19:54.684,1.0100,200
51594686870257,14:19:54.686,1.0100,100
51594688821842,14:19:54.688,1.0100,100
51594690728095,14:19:54.690,1.0100,100
51594690728095,14:19:54.690,1.0100,100
51594692560415,14:19:54.692,1.0100,100
51594694366112,14:19:54.694,1.0100,100
51594696365859,14:19:54.696,1.0100,100
51594696365859,14:19:54.696,1.0100,100
51594701030800,14:19:54.701,1.0100,100
51594701030800,14:19:54.701,1.0100,200
51605248680302,14:20:05.248,1.0100,200
51605250036399,14:20:05.250,1.0100,400
51705313592544,14:21:45.313,1.0200,100
51705313592544,14:21:45.313,1.0200,100
51705313592544,14:21:45.313,1.0200,600
51705313592544,14:21:45.313,1.0200,908
51736760416583,14:22:16.760,1.0150,100
51736761203299,14:22:16.761,1.0150,100
51796139680915,14:23:16.139,1.0200,100
51796145410900,14:23:16.145,1.0100,600
51796145410900,14:23:16.145,1.0100,1300
51796145410900,14:23:16.145,1.0100,1200
51796145410900,14:23:16.145,1.0100,2000
51846411788516,14:24:06.411,1.0100,100
52125393657309,14:28:45.393,1.0150,100
52125484701713,14:28:45.484,1.0150,100
52129878440682,14:28:49.878,1.0100,400
52129878440682,14:28:49.878,1.0100,600
53777774265816,14:56:17.774,1.0000,100
53837858043385,14:57:17.858,1.0000,100
53837976799321,14:57:17.976,1.0000,100
53853429818034,14:57:33.429,1.0000,100
53971618492332,14:59:31.618,1.0050,200
53971618492332,14:59:31.618,1.0100,1000
53971618492332,14:59:31.618,1.0100,200
53971618492332,14:59:31.618,1.0100,300
53971618492332,14:59:31.618,1.0100,111
53971618492332,14:59:31.618,1.0100,26
53971618492332,14:59:31.618,1.0100,133
53971618492332,14:59:31.618,1.0100,500
53971618492332,14:59:31.618,1.0100,500
53971620999983,14:59:31.620,1.0100,600
53971752456971,14:59:31.752,1.0100,100
53973047185359,14:59:33.047,1.0100,100
54000060023680,15:00:00.060,1.0150,170
54009794463773,15:00:09.794,1.0150,100
54061960429176,15:01:01.960,1.0150,100
54114100420178,15:01:54.100,1.0150,100
54114174413990,15:01:54.174,1.0150,100
54128725138919,15:02:08.725,1.0100,1100
54128725138919,15:02:08.725,1.0100,100
54128725138919,15:02:08.725,1.0100,100
54128725138919,15:02:08.725,1.0100,2630
56104003220675,15:35:04.003,1.0000,300
56104003220675,15:35:04.003,1.0000,1100
56104003220675,15:35:04.003,1.0000,200
56104003220675,15:35:04.003,1.0000,100
56104003220675,15:35:04.003,1.0000,16551
56104003317958,15:35:04.003,1.0000,105
56104165577715,15:35:04.165,1.0000,100
56113516885939,15:35:13.516,1.0000,95
56113516885939,15:35:13.516,1.0000,300
56113516885939,15:35:13.516,1.0000,200
56113516885939,15:35:13.516,1.0000,300
56113516885939,15:35:13.516,1.0000,1000
56113516885939,15:35:13.516,1.0000,88149
56113516885939,15:35:13.516,1.0000,100
56113531917893,15:35:13.531,0.9946,100
56115572982409,15:35:15.572,1.0000,1800
56115575282554,15:35:15.575,1.0000,100
56339501870148,15:38:59.501,1.0000,700
56339501870148,15:38:59.501,1.0000,1000
56339501870148,15:38:59.501,1.0000,100
56339501870148,15:38:59.501,1.0000,200
56341525897564,15:39:01.525,1.0000,80745
56350618188272,15:39:10.618,1.0000,690
56362502352027,15:39:22.502,1.0000,100
56451186234354,15:40:51.186,1.0000,600
56451186234354,15:40:51.186,1.0000,1000
56451186234354,15:40:51.186,1.0000,1000
56451186234354,15:40:51.186,1.0000,200
56451186234354,15:40:51.186,1.0000,200
56451186234354,15:40:51.186,1.0000,100
56451363006092,15:40:51.363,0.9951,100
56453224432925,15:40:53.224,1.0000,22210
56458081593494,15:40:58.081,0.9951,100
56458081593494,15:40:58.081,0.9951,200
56563566429526,15:42:43.566,0.9951,100
56565847779890,15:42:45.847,1.0000,1000
56565847779890,15:42:45.847,1.0000,100
56565847779890,15:42:45.847,1.0000,600
56565847779890,15:42:45.847,1.0000,500
56565847779890,15:42:45.847,1.0000,400
56572552351817,15:42:52.552,1.0100,400
56572553018631,15:42:52.553,1.0100,200
56572553018631,15:42:52.553,1.0100,1100
56595402227137,15:43:15.402,1.0150,100
56601601001725,15:43:21.601,1.0150,200
56601876002154,15:43:21.876,1.0150,100
56603601393763,15:43:23.601,1.0150,100
56605802464783,15:43:25.802,1.0150,100
56610001182766,15:43:30.001,1.0150,100
56617008102102,15:43:37.008,1.0100,300
56625008611974,15:43:45.008,1.0100,300
56631623366152,15:43:51.623,1.0100,100
56633209105900,15:43:53.209,1.0100,300
56637208063068,15:43:57.208,1.0100,200
56640404845463,15:44:00.404,1.0100,100
56643406189902,15:44:03.406,1.0100,100
56646643737438,15:44:06.643,1.0100,100
56652658659540,15:44:12.658,1.0100,200
56652658659540,15:44:12.658,1.0100,200
56659809649941,15:44:19.809,1.0100,300
56661666231518,15:44:21.666,1.0100,100
56667812586186,15:44:27.812,1.0100,300
56673407588654,15:44:33.407,1.0100,200
56676686509056,15:44:36.686,1.0100,100
56678409298452,15:44:38.409,1.0100,300
56687409953022,15:44:47.409,1.0100,300
56691706391015,15:44:51.706,1.0100,83
56695611020029,15:44:55.611,1.0100,17
56695611020029,15:44:55.611,1.0100,200
56695611020029,15:44:55.611,1.0100,83
56706727120608,15:45:06.727,1.0100,100
56721748169418,15:45:21.748,1.0100,17
56721748169418,15:45:21.748,1.0100,83
56736769183132,15:45:36.769,1.0100,100
56751790568919,15:45:51.790,1.0100,17
56788544940022,15:46:28.544,1.0000,600
56788544940022,15:46:28.544,1.0000,100
56792013953918,15:46:32.013,1.0000,300
56792013953918,15:46:32.013,1.0000,100
56811883235663,15:46:51.883,0.9952,100
56817056421716,15:46:57.056,0.9950,100
56826895874839,15:47:06.895,0.9950,100
56826895874839,15:47:06.895,0.9950,100
56841918481778,15:47:21.918,0.9950,100
56856938437516,15:47:36.938,0.9950,100
56871959471997,15:47:51.959,0.9950,100
56872078714514,15:47:52.078,0.9950,100
56886979208010,15:48:06.979,0.9950,100
56998699617871,15:49:58.699,0.9950,100
57007147534600,15:50:07.147,0.9950,100
57037192291899,15:50:37.192,0.9950,100
57074048947870,15:51:14.048,0.9951,100
57127121624161,15:52:07.121,0.9962,500
57127121624161,15:52:07.121,0.9962,300
57183360643320,15:53:03.360,1.0000,100
57198380747027,15:53:18.380,1.0000,300
57202431793655,15:53:22.431,0.9951,100
57217451461779,15:53:37.451,0.9951,100
57228433065185,15:53:48.433,1.0000,300
57248409774612,15:54:08.409,1.0000,200
57273519926530,15:54:33.519,1.0000,400
57278456381950,15:54:38.456,1.0000,100
57278456381950,15:54:38.456,1.0000,100
57288527823647,15:54:48.527,1.0000,300
57297037018704,15:54:57.037,1.0000,595
57297037018704,15:54:57.037,1.0000,300
57297037018704,15:54:57.037,1.0000,500
57300110243606,15:55:00.110,1.0100,100
57311230293917,15:55:11.230,1.0000,100
57311230293917,15:55:11.230,1.0000,200
57311230293917,15:55:11.230,1.0000,923
57311230293917,15:55:11.230,1.0000,277
57318572617945,15:55:18.572,1.0100,300
57326628858984,15:55:26.628,1.0000,500
57333593188524,15:55:33.593,1.0100,200
57333593188524,15:55:33.593,1.0100,100
57348456931749,15:55:48.456,1.0000,100
57354230678652,15:55:54.230,1.0000,100
57354230678652,15:55:54.230,1.0000,62
57354230678652,15:55:54.230,1.0000,500
57354230678652,15:55:54.230,1.0000,100
57354230678652,15:55:54.230,1.0000,300
57354230678652,15:55:54.230,1.0000,638
57367233754136,15:56:07.233,1.0000,1400
57368390901327,15:56:08.390,1.0000,100
57381631683240,15:56:21.631,1.0000,962
57381631683240,15:56:21.631,1.0000,100
57381631683240,15:56:21.631,1.0000,4
57381631683240,15:56:21.631,1.0000,200
57381631683240,15:56:21.631,1.0000,100
57381631683240,15:56:21.631,1.0000,558
57408221871347,15:56:48.221,1.0000,432
57408221871347,15:56:48.221,1.0000,281
57420821893678,15:57:00.821,1.0000,100
57420821893678,15:57:00.821,1.0000,85
57420821893678,15:57:00.821,1.0000,100
57420821893678,15:57:00.821,1.0000,200
57420821893678,15:57:00.821,1.0000,200
57420821893678,15:57:00.821,1.0000,64
57420821893678,15:57:00.821,1.0000,100
57420821893678,15:57:00.821,1.0000,300
57420821893678,15:57:00.821,1.0000,851
57420822111260,15:57:00.822,1.0000,5
57421129872458,15:57:01.129,1.0000,95
57421129872458,15:57:01.129,1.0000,5
57421195630626,15:57:01.195,1.0000,95
57421195630626,15:57:01.195,1.0000,5
57433621882399,15:57:13.621,1.0000,95
57433621882399,15:57:13.621,1.0000,100
57433621882399,15:57:13.621,1.0000,300
57433621882399,15:57:13.621,1.0000,300
57433621882399,15:57:13.621,1.0000,200
57433621882399,15:57:13.621,1.0000,266
57433621882399,15:57:13.621,1.0000,100
57436221891451,15:57:16.221,1.0000,100
57440938686760,15:57:20.938,1.0000,94
57440938686760,15:57:20.938,1.0000,23
57441822755611,15:57:21.822,1.0000,100
57532880504215,15:58:52.880,0.9951,100
57532880504215,15:58:52.880,0.9951,8
57543203876357,15:59:03.203,0.9951,100
57547898239040,15:59:07.898,0.9951,200
57555362017090,15:59:15.362,0.9951,100
57560163244674,15:59:20.163,1.0000,100
57560179990378,15:59:20.179,1.0000,100
57562918596962,15:59:22.918,0.9951,100
57567947297276,15:59:27.947,1.0000,100
57574263273242,15:59:34.263,1.0000,19
57580602500725,15:59:40.602,0.9991,100
57580678070941,15:59:40.678,0.9991,200
57585004286958,15:59:45.004,0.9951,100
57585112669394,15:59:45.112,0.9951,100
57585112819696,15:59:45.112,0.9951,100
57585112990728,15:59:45.112,0.9951,100
57590255528535,15:59:50.255,0.9949,10
57590828977955,15:59:50.828,0.9949,100
57590829170303,15:59:50.829,0.9949,90
57590829170303,15:59:50.829,0.9949,10
57590829284793,15:59:50.829,0.9949,90
57590829284793,15:59:50.829,0.9949,10
57592000660948,15:59:52.000,0.9948,200
57592000660948,15:59:52.000,0.9946,800
57592598460387,15:59:52.598,0.9999,200
57592963286333,15:59:52.963,0.9920,200
57594599054708,15:59:54.599,1.0000,300
57594799521634,15:59:54.799,1.0000,200
57595011918100,15:59:55.011,0.9921,200
57595011918100,15:59:55.011,0.9921,200
57595011918100,15:59:55.011,0.9921,50
57595013649107,15:59:55.013,0.9920,100
57595013760427,15:59:55.013,0.9920,100
57595013761046,15:59:55.013,0.9920,60
57595014307756,15:59:55.014,0.9920,100
57595014309019,15:59:55.014,0.9920,100
57595014332267,15:59:55.014,0.9920,100
57595177553549,15:59:55.177,0.9920,100
57595407855709,15:59:55.407,0.9920,1600
57595407973209,15:59:55.407,0.9920,74
57595463568265,15:59:55.463,0.9920,1700
57595463860012,15:59:55.463,0.9920,39
57595599321142,15:59:55.599,1.0000,200
57595804362713,15:59:55.804,1.0000,200
57596201000625,15:59:56.201,1.0000,200
57596400400278,15:59:56.400,1.0000,300
57596599292178,15:59:56.599,1.0000,200
57596798993113,15:59:56.798,1.0000,200
57597001798128,15:59:57.001,1.0000,300
57597200727566,15:59:57.200,1.0000,200
57597399439437,15:59:57.399,1.0000,300
57597598772205,15:59:57.598,1.0000,200
57597800022562,15:59:57.800,1.0000,300
57598002018641,15:59:58.002,1.0000,300
57598012460955,15:59:58.012,0.9947,314
57598012480776,15:59:58.012,0.9947,315
57598012480776,15:59:58.012,0.9947,315
57598012502748,15:59:58.012,0.9937,315
57598012502748,15:59:58.012,0.9937,102
57598200548503,15:59:58.200,0.9999,200
57598400790570,15:59:58.400,1.0000,300
57598401140742,15:59:58.401,0.9928,100
57598401449856,15:59:58.401,0.9928,100
57598598615279,15:59:58.598,1.0000,300
57598799958527,15:59:58.799,1.0000,200
57599004667138,15:59:59.004,1.0000,700
57599209349202,15:59:59.209,1.0000,700
57599403315612,15:59:59.403,1.0000,700
57599470063063,15:59:59.470,0.9928,100
57599908262787,15:59:59.908,1.0000,800
57600470794177,16:00:00.470,1.0000,12165
57600470794177,16:00:00.470,1.0000,61068
