timestamp,time,price,volume
34200225819829,09:30:00.225,0.0000,0
34215310819513,09:30:15.310,13.6000,16
34416598915331,09:33:36.598,13.5900,200
34416598915331,09:33:36.598,13.6000,500
35198324317787,09:46:38.324,13.5900,35
35928491864217,09:58:48.491,13.5800,200
36197120621524,10:03:17.120,13.5800,100
36197121733367,10:03:17.121,13.5800,100
36197122364328,10:03:17.122,13.5800,100
36197124231341,10:03:17.124,13.5800,100
36257368826573,10:04:17.368,13.5800,52
36344041078814,10:05:44.041,13.5800,300
36529361880079,10:08:49.361,13.5800,40
36721484496783,10:12:01.484,13.5700,100
37011689074191,10:16:51.689,13.5700,100
37011689460384,10:16:51.689,13.5700,10
37022600038306,10:17:02.600,13.5500,100
37028115879026,10:17:08.115,13.5500,100
37039624557470,10:17:19.624,13.5500,100
37044708887609,10:17:24.708,13.5500,100
37056570840364,10:17:36.570,13.5500,100
37065003168892,10:17:45.003,13.5500,100
37065010484581,10:17:45.010,13.5500,100
37070961306423,10:17:50.961,13.5500,100
37074571245322,10:17:54.571,13.5500,100
37087354295420,10:18:07.354,13.5500,100
37090918280355,10:18:10.918,13.5500,100
37243936906061,10:20:43.936,13.5200,10
39357058198079,10:55:57.058,13.5400,25
39388891729210,10:56:28.891,13.5400,4
39457972818187,10:57:37.972,13.5400,6
39513817168932,10:58:33.817,13.5500,2
39513817168932,10:58:33.817,13.5400,3
39948856493278,11:05:48.856,13.5600,100
45007110324866,12:30:07.110,13.6100,10
47348586699969,13:09:08.586,13.6200,1
47483490727330,13:11:23.490,13.6300,100
47485582594631,13:11:25.582,13.6300,100
47487300264425,13:11:27.300,13.6300,100
47487300700841,13:11:27.300,13.6300,7
50340000628305,13:59:00.000,13.6900,100
50458243212956,14:00:58.243,13.6900,150
50756543751599,14:05:56.543,13.7100,350
50776446303028,14:06:16.446,13.7100,450
50845336175260,14:07:25.336,13.7100,100
50847897295878,14:07:27.897,13.7100,100
50847935966986,14:07:27.935,13.7100,2500
50847936281703,14:07:27.936,13.7100,300
50852788397442,14:07:32.788,13.7100,98
50890194590613,14:08:10.194,13.7100,500
50903395158357,14:08:23.395,13.7100,2500
50905361071908,14:08:25.361,13.7100,500
51202228812854,14:13:22.228,13.7200,3000
51202240614498,14:13:22.240,13.7200,1200
51207334575545,14:13:27.334,13.7200,100
51348036594737,14:15:48.036,13.7300,3000
52298929458653,14:31:38.929,13.7600,300
52298936616214,14:31:38.936,13.7600,2700
52298937166300,14:31:38.937,13.8000,22
52298943746933,14:31:38.943,13.7600,800
53219736260642,14:46:59.736,13.7800,1295
53219743600792,14:46:59.743,13.7800,1705
53225569295662,14:47:05.569,13.7800,95
53850803270208,14:57:30.803,13.8000,100
54107721468894,15:01:47.721,13.7900,179
54107721502303,15:01:47.721,13.7900,786
54107721549415,15:01:47.721,13.7900,163
54107721599043,15:01:47.721,13.7900,179
54107721717768,15:01:47.721,13.7900,179
54107722032306,15:01:47.722,13.7900,179
54107758840262,15:01:47.758,13.7900,100
54112749947822,15:01:52.749,13.7900,500
54145394105313,15:02:25.394,13.7900,200
54145394958473,15:02:25.394,13.7900,535
54302520836534,15:05:02.520,13.7900,200
54392291406227,15:06:32.291,13.7900,2700
54392291705214,15:06:32.291,13.7900,100
54392341162891,15:06:32.341,13.7900,1100
54397328608595,15:06:37.328,13.7900,200
54402383905275,15:06:42.383,13.7900,200
54427320084993,15:07:07.320,13.7900,200
54460569394122,15:07:40.569,13.7900,100
54474258526659,15:07:54.258,13.7900,2900
54474381700321,15:07:54.381,13.7900,1000
54485798280152,15:08:05.798,13.7800,200
54486847155186,15:08:06.847,13.7800,1000
54489590084550,15:08:09.590,13.7800,100
54489591807352,15:08:09.591,13.7800,100
54489593473084,15:08:09.593,13.7800,100
54489594754376,15:08:09.594,13.7800,100
55342387570643,15:22:22.387,13.7900,200
55342387570643,15:22:22.387,13.7900,100
55342387570643,15:22:22.387,13.7900,24
55342387570643,15:22:22.387,13.7900,200
55342387570643,15:22:22.387,13.7900,400
55342387570643,15:22:22.387,13.7900,300
55659443857960,15:27:39.443,13.7900,200
55659894003680,15:27:39.894,13.7900,200
55993060071460,15:33:13.060,13.7700,400
56171158209612,15:36:11.158,13.7600,300
56171158209612,15:36:11.158,13.7600,700
56184153696821,15:36:24.153,13.7600,119
56184154721870,15:36:24.154,13.7600,100
56184155307938,15:36:24.155,13.7600,100
56184156341999,15:36:24.156,13.7600,100
56184156940111,15:36:24.156,13.7600,100
56184158597308,15:36:24.158,13.7600,100
56184159700619,15:36:24.159,13.7600,100
56184160263263,15:36:24.160,13.7600,100
56184161282267,15:36:24.161,13.7600,100
56184161922263,15:36:24.161,13.7600,100
56184162642102,15:36:24.162,13.7600,100
56261140262180,15:37:41.140,13.7600,132
56261141216353,15:37:41.141,13.7600,100
56261141800650,15:37:41.141,13.7600,100
56261142835761,15:37:41.142,13.7600,100
56261143412703,15:37:41.143,13.7600,100
56261145064745,15:37:41.145,13.7600,100
56261145989952,15:37:41.145,13.7600,100
56261146533063,15:37:41.146,13.7600,100
56261147439545,15:37:41.147,13.7600,100
56261148133262,15:37:41.148,13.7600,100
56261148757496,15:37:41.148,13.7600,100
56266318136401,15:37:46.318,13.7600,138
56266322132523,15:37:46.322,13.7600,100
56266322697726,15:37:46.322,13.7600,100
56511890645096,15:41:51.890,13.7600,2500
56511891529598,15:41:51.891,13.7600,500
56511895237025,15:41:51.895,13.7600,100
56511895237025,15:41:51.895,13.7600,200
57358416305872,15:55:58.416,13.7700,1900
57358428308149,15:55:58.428,13.7700,1100
57358429036404,15:55:58.429,13.7700,100
57358435194477,15:55:58.435,13.7700,200
57358435194477,15:55:58.435,13.7700,100
57358470981334,15:55:58.470,13.7700,1400
57363144339169,15:56:03.144,13.7700,100
57537901604892,15:58:57.901,13.7700,100
57537901604892,15:58:57.901,13.7700,100
57560605913944,15:59:20.605,13.7600,100
57560605913944,15:59:20.605,13.7600,200
57565092135664,15:59:25.092,13.7600,100
57565092243324,15:59:25.092,13.7600,100
57568234687360,15:59:28.234,13.7600,100
57568234687360,15:59:28.234,13.7600,100
57568234687360,15:59:28.234,13.7600,100
57568235379174,15:59:28.235,13.7500,2
57568235379174,15:59:28.235,13.7500,100
57568235379174,15:59:28.235,13.7500,100
57568235379174,15:59:28.235,13.7500,100
57585907417357,15:59:45.907,13.7600,100
57591507674060,15:59:51.507,13.7600,5
57600545509837,16:00:00.545,0.0000,0
