timestamp,time,price,volume
34149350374341,09:29:09.350,10.7900,1000
34200629140531,09:30:00.629,0.0000,0
34647218641169,09:37:27.218,10.8600,1
34756558420040,09:39:16.558,10.8100,100
34756558420040,09:39:16.558,10.8000,100
34756560613938,09:39:16.560,10.8000,77
34861047377942,09:41:01.047,10.7700,100
34861048490799,09:41:01.048,10.7700,100
34861366126559,09:41:01.366,10.7400,100
34861370234427,09:41:01.370,10.7500,100
34883607929709,09:41:23.607,10.7500,100
35226184973734,09:47:06.184,10.6500,50
35293782997499,09:48:13.782,10.6800,1
35589427348663,09:53:09.427,10.6800,2
35902318296907,09:58:22.318,10.6700,100
35960100146551,09:59:20.100,10.6300,2
35960102894175,09:59:20.102,10.6200,100
35963845229739,09:59:23.845,10.6200,100
36000599082512,10:00:00.599,10.6000,100
36060499599130,10:01:00.499,10.5900,100
36060535455054,10:01:00.535,10.5800,100
36060535455054,10:01:00.535,10.5800,100
36060535539565,10:01:00.535,10.5800,44
36060535561681,10:01:00.535,10.5800,56
36063708484798,10:01:03.708,10.5700,1
36140832147042,10:02:20.832,10.6100,100
36150518217683,10:02:30.518,10.6100,100
36181179200337,10:03:01.179,10.6400,1
36215692528496,10:03:35.692,10.6700,100
36311004518695,10:05:11.004,10.6700,100
36311005177678,10:05:11.005,10.6600,40
36311005405697,10:05:11.005,10.6600,60
36493354335855,10:08:13.354,10.7200,2
36538112477907,10:08:58.112,10.7100,100
36910689244038,10:15:10.689,10.6900,100
36927474258443,10:15:27.474,10.6700,40
36927474281290,10:15:27.474,10.6700,60
36927474365610,10:15:27.474,10.6700,100
37087580670803,10:18:07.580,10.6600,100
37163124835988,10:19:23.124,10.6300,62
37387079796693,10:23:07.079,10.6600,2
37525690355310,10:25:25.690,10.6500,100
37585734100186,10:26:25.734,10.6500,100
37708400755812,10:28:28.400,10.6600,29
37801104660464,10:30:01.104,10.6500,100
37989638316420,10:33:09.638,10.6400,2
38213142296518,10:36:53.142,10.6200,100
38213370448794,10:36:53.370,10.6200,100
38310555955546,10:38:30.555,10.6300,2
38928154325870,10:48:48.154,10.6300,100
38928154345507,10:48:48.154,10.6300,100
38928155783651,10:48:48.155,10.6200,100
38929248552310,10:48:49.248,10.6200,100
38990391023290,10:49:50.391,10.6200,100
38990391024663,10:49:50.391,10.6200,100
39421455402921,10:57:01.455,10.6200,28
39421474081599,10:57:01.474,10.6200,30
39440363628056,10:57:20.363,10.6200,200
39440363628056,10:57:20.363,10.6100,100
39440363628056,10:57:20.363,10.6100,1
39453871648384,10:57:33.871,10.6200,68
39583349346620,10:59:43.349,10.6100,100
39666336556602,11:01:06.336,10.6300,59
39793352353894,11:03:13.352,10.6700,2
40084148441337,11:08:04.148,10.6700,2
40396301019192,11:13:16.301,10.7000,1
40516329454001,11:15:16.329,10.6800,100
40679879494391,11:17:59.879,10.6500,235
40872828477973,11:21:12.828,10.6400,100
41007865503186,11:23:27.865,10.6500,2
41227747271319,11:27:07.747,10.6600,80
41277844034055,11:27:57.844,10.6600,20
41277844034055,11:27:57.844,10.6600,100
41301066446064,11:28:21.066,10.6500,100
41589069449544,11:33:09.069,10.6500,2
41589070184363,11:33:09.070,10.6500,98
41589070946330,11:33:09.070,10.6600,100
41589070946330,11:33:09.070,10.6600,100
41870145075842,11:37:50.145,10.6600,1
41870145075842,11:37:50.145,10.6600,10
41870145203100,11:37:50.145,10.6600,7
41870145237499,11:37:50.145,10.6600,4
41870145452696,11:37:50.145,10.6600,89
42196226915850,11:43:16.226,10.7000,2
42506340988535,11:48:26.340,10.7000,2
42506341065295,11:48:26.341,10.7000,92
42506341103011,11:48:26.341,10.7000,254
42561360946378,11:49:21.360,10.6900,100
43090020692373,11:58:10.020,10.6900,2
43208434411927,12:00:08.434,10.6800,100
43386233446107,12:03:06.233,10.6800,100
43399087380368,12:03:19.087,10.6900,2
44175541994123,12:16:15.541,10.7000,19
44175542338921,12:16:15.542,10.7000,181
44181948312316,12:16:21.948,10.7200,100
44181948312316,12:16:21.948,10.7200,100
44587926396492,12:23:07.926,10.7100,1
44587927654306,12:23:07.927,10.7100,99
44883497433766,12:28:03.497,10.7200,2
44938514994526,12:28:58.514,10.7000,1
44938514994526,12:28:58.514,10.7000,99
45078879913478,12:31:18.879,10.6900,100
45142125326174,12:32:22.125,10.6900,100
45550295456917,12:39:10.295,10.6900,100
45550826777945,12:39:10.826,10.6800,10
45550826777945,12:39:10.826,10.6700,90
45814276509080,12:43:34.276,10.6800,2
46393615871250,12:53:13.615,10.7000,2
46546691473044,12:55:46.691,10.6800,100
46692975218647,12:58:12.975,10.6800,100
47452144445422,13:10:52.144,10.7100,99
47460205325978,13:11:00.205,10.7100,1
47460205325978,13:11:00.205,10.7100,74
47460205325978,13:11:00.205,10.7100,100
47608672150261,13:13:28.672,10.7100,2
47626754693819,13:13:46.754,10.7100,100
47697561375876,13:14:57.561,10.7100,100
47797332018252,13:16:37.332,10.7200,100
47797835012226,13:16:37.835,10.7200,300
48180330064355,13:23:00.330,10.7200,2
48181031712234,13:23:01.031,10.7000,100
48660331987798,13:31:00.331,10.7000,3
48660411339890,13:31:00.411,10.6900,98
49008571838243,13:36:48.571,10.6900,100
49008572038008,13:36:48.572,10.6900,1
49073882016479,13:37:53.882,10.6700,100
49074388011088,13:37:54.388,10.6700,100
49074883015182,13:37:54.883,10.6700,100
49075389012739,13:37:55.389,10.6700,100
49087513380475,13:38:07.513,10.6800,2
49090416717326,13:38:10.416,10.6800,100
49410695366999,13:43:30.695,10.6900,2
49682465921796,13:48:02.465,10.6800,1
49909187749058,13:51:49.187,10.6600,77
49909187749058,13:51:49.187,10.6600,23
49988000281651,13:53:08.000,10.6700,2
50463207792460,14:01:03.207,10.6800,100
50463207792460,14:01:03.207,10.6800,100
50463611240237,14:01:03.611,10.6900,98
50463611255547,14:01:03.611,10.6900,2
50581605929284,14:03:01.605,10.7100,2
50671090201260,14:04:31.090,10.7000,4
50671145446598,14:04:31.145,10.7000,100
51037882414575,14:10:37.882,10.7100,58
51038384537443,14:10:38.384,10.7100,29
51044365946827,14:10:44.365,10.7000,100
51078412226625,14:11:18.412,10.7000,100
51078412226625,14:11:18.412,10.7000,100
51172173112014,14:12:52.173,10.7500,1
51246340806818,14:14:06.340,10.7400,100
51246340806818,14:14:06.340,10.7400,1
51248400548773,14:14:08.400,10.7300,1
51272209517151,14:14:32.209,10.7300,1
51306693234821,14:15:06.693,10.7300,1
51339382776155,14:15:39.382,10.7200,4
51371707500342,14:16:11.707,10.7300,100
51426897258142,14:17:06.897,10.7200,8
51426899266000,14:17:06.899,10.7200,7
51428841819112,14:17:08.841,10.7200,3
51446798062172,14:17:26.798,10.7200,5
51571036314221,14:19:31.036,10.7200,2
51587170641047,14:19:47.170,10.7200,5
51601938393826,14:20:01.938,10.7200,93
51870803599991,14:24:30.803,10.7100,3
51971661015919,14:26:11.661,10.7100,100
52101125095544,14:28:21.125,10.7200,8
52104858194596,14:28:24.858,10.7400,1
52205936498411,14:30:05.936,10.7300,100
52208878105315,14:30:08.878,10.7400,9
52208878182700,14:30:08.878,10.7400,100
52208894198788,14:30:08.894,10.7400,91
52385046430161,14:33:05.046,10.7300,100
52564487461259,14:36:04.487,10.7300,18
52564488670093,14:36:04.488,10.7300,59
52564495492767,14:36:04.495,10.7300,7
52601722813363,14:36:41.722,10.7200,100
52642645841858,14:37:22.645,10.7400,1
52741213127703,14:39:01.213,10.7500,10
52741266981127,14:39:01.266,10.7500,221
52745603167981,14:39:05.603,10.7500,100
52745603167981,14:39:05.603,10.7500,100
52884933163804,14:41:24.933,10.7400,76
52887157046000,14:41:27.157,10.7400,24
52887157046000,14:41:27.157,10.7400,76
52887157399332,14:41:27.157,10.7400,24
52991509456288,14:43:11.509,10.7500,100
53031693301912,14:43:51.693,10.7400,100
53044168340308,14:44:04.168,10.7500,100
53225152357005,14:47:05.152,10.7700,100
53227556657994,14:47:07.556,10.7600,5
53254747606761,14:47:34.747,10.7600,12
53254754376009,14:47:34.754,10.7600,4
53298649985164,14:48:18.649,10.7700,2
53411250983980,14:50:11.250,10.7600,10
53411250983980,14:50:11.250,10.7600,90
53420364446788,14:50:20.364,10.7600,4
53435431822377,14:50:35.431,10.7500,6
53584264086513,14:53:04.264,10.7700,5
53584264220760,14:53:04.264,10.7700,3
53806198960647,14:56:46.198,10.7600,63
53806199189112,14:56:46.199,10.7600,37
53806199189112,14:56:46.199,10.7600,24
53806199196109,14:56:46.199,10.7600,45
53806199201901,14:56:46.199,10.7600,31
53810035538105,14:56:50.035,10.7700,100
53858435959467,14:57:38.435,10.7500,11
54018175867092,15:00:18.175,10.7600,100
54018185178461,15:00:18.185,10.7500,100
54305748217229,15:05:05.748,10.7500,213
54311816739724,15:05:11.816,10.7400,36
54313916182127,15:05:13.916,10.7400,2
54315172932313,15:05:15.172,10.7400,100
54315173164935,15:05:15.173,10.7400,62
54326087890734,15:05:26.087,10.7400,100
54381576520555,15:06:21.576,10.7300,100
54492608597743,15:08:12.608,10.7300,100
54593233173868,15:09:53.233,10.7300,13
54593233308411,15:09:53.233,10.7300,87
54593233308411,15:09:53.233,10.7300,158
55012114366690,15:16:52.114,10.7200,100
55012114366690,15:16:52.114,10.7200,10
55013799879339,15:16:53.799,10.7300,100
55396118609049,15:23:16.118,10.7300,1
55455144769401,15:24:15.144,10.7200,100
55455144769401,15:24:15.144,10.7200,100
55614637875398,15:26:54.637,10.7100,100
55656095523922,15:27:36.095,10.7200,25
55917960680343,15:31:57.960,10.7200,91
55917971458742,15:31:57.971,10.7200,100
55917971957624,15:31:57.971,10.7200,9
55917971957624,15:31:57.971,10.7200,1
55919243055552,15:31:59.243,10.7100,2
56068824938886,15:34:28.824,10.7000,100
56093811825231,15:34:53.811,10.6900,100
56143520266884,15:35:43.520,10.6900,100
56178957918595,15:36:18.957,10.6900,100
56180989808423,15:36:20.989,10.6900,100
56180990666475,15:36:20.990,10.6800,4
56192372115583,15:36:32.372,10.6700,91
56192372115583,15:36:32.372,10.6700,9
56217869077514,15:36:57.869,10.6700,50
56217869077514,15:36:57.869,10.6700,50
56217869314915,15:36:57.869,10.6700,42
56217869602458,15:36:57.869,10.6700,8
56221939425712,15:37:01.939,10.6700,100
56222122016638,15:37:02.122,10.6800,100
56494372008331,15:41:34.372,10.7000,1
56494372008331,15:41:34.372,10.7000,200
56494372008331,15:41:34.372,10.7000,183
56494372137611,15:41:34.372,10.7000,17
56523661069573,15:42:03.661,10.7000,26
56623896474236,15:43:43.896,10.6900,97
56623988941975,15:43:43.988,10.6900,100
56623989176020,15:43:43.989,10.6900,3
56628349567150,15:43:48.349,10.6900,69
56628349611662,15:43:48.349,10.6900,31
56628349611662,15:43:48.349,10.6900,34
56829762367989,15:47:09.762,10.6800,86
56829762914709,15:47:09.762,10.6800,3
56829763503319,15:47:09.763,10.6800,11
56829763503319,15:47:09.763,10.6800,100
56829763503319,15:47:09.763,10.6800,1
56829763630427,15:47:09.763,10.6800,1
56829763708739,15:47:09.763,10.6800,99
56915388843764,15:48:35.388,10.6750,100
57087596941734,15:51:27.596,10.6750,100
57157395886960,15:52:37.395,10.6750,100
57200136680203,15:53:20.136,10.6700,6
57240106763633,15:54:00.106,10.6700,100
57240106899420,15:54:00.106,10.6700,100
57240107131738,15:54:00.107,10.6700,22
57269191744254,15:54:29.191,10.6650,52
57301046132000,15:55:01.046,10.6700,99
57301046365354,15:55:01.046,10.6700,12
57301046368964,15:55:01.046,10.6700,42
57301573643666,15:55:01.573,10.6700,97
57301573643666,15:55:01.573,10.6700,103
57308872166513,15:55:08.872,10.6700,32
57351687101299,15:55:51.687,10.6700,2
57380912666878,15:56:20.912,10.6650,1
57400146146810,15:56:40.146,10.6650,39
57403249273610,15:56:43.249,10.6700,32
57431191582901,15:57:11.191,10.6700,131
57431191582901,15:57:11.191,10.6700,100
57431191582901,15:57:11.191,10.6700,100
57431191582901,15:57:11.191,10.6700,100
57431192783171,15:57:11.192,10.6700,100
57431459290202,15:57:11.459,10.6800,100
57431459290202,15:57:11.459,10.6800,15
57440276399006,15:57:20.276,10.6900,100
57445151935421,15:57:25.151,10.7000,100
57461448163684,15:57:41.448,10.7000,100
57485414270667,15:58:05.414,10.7100,20
57485414270667,15:58:05.414,10.7100,10
57485414271742,15:58:05.414,10.7100,12
57493056865355,15:58:13.056,10.7150,100
57531323814501,15:58:51.323,10.7200,40
57531323814501,15:58:51.323,10.7200,60
57555014417349,15:59:15.014,10.7100,13
57555014442186,15:59:15.014,10.7100,17
57589085893301,15:59:49.085,10.7100,10
57600339738734,16:00:00.339,0.0000,0
