timestamp,time,price,volume
34200835049488,09:30:00.835,1.7300,510
34573006827924,09:36:13.006,1.7200,2
34619905372140,09:36:59.905,1.7200,2
35054823746202,09:44:14.823,1.7400,3
35079457518921,09:44:39.457,1.7300,100
35087272540403,09:44:47.272,1.7300,100
39338353300713,10:55:38.353,1.7300,100
40889196164370,11:21:29.196,1.7500,100
40889196164370,11:21:29.196,1.7500,100
40889196164370,11:21:29.196,1.7500,100
40892196384257,11:21:32.196,1.7600,100
40923149081803,11:22:03.149,1.7500,100
41010429486770,11:23:30.429,1.7500,100
41167240555577,11:26:07.240,1.7500,100
41826006744614,11:37:06.006,1.7500,100
42184586234878,11:43:04.586,1.7500,100
42390429101528,11:46:30.429,1.7500,100
43262293785646,12:01:02.293,1.7500,100
44013768327221,12:13:33.768,1.7500,100
44013768327221,12:13:33.768,1.7500,200
44013768327221,12:13:33.768,1.7500,100
44013768327221,12:13:33.768,1.7500,500
44013768327221,12:13:33.768,1.7500,100
44044977589090,12:14:04.977,1.7400,100
47815266397565,13:16:55.266,1.7300,100
49332597746552,13:42:12.597,1.7300,300
49332597746552,13:42:12.597,1.7300,100
49332597746552,13:42:12.597,1.7300,300
49332598574445,13:42:12.598,1.7200,100
49333196028807,13:42:13.196,1.7150,200
49333196028807,13:42:13.196,1.7200,50
49333196765314,13:42:13.196,1.7200,50
49333196765314,13:42:13.196,1.7200,100
49333196765314,13:42:13.196,1.7200,50
49333197203657,13:42:13.197,1.7200,50
49333197953000,13:42:13.197,1.7200,100
49333197964159,13:42:13.197,1.7200,150
49334939805051,13:42:14.939,1.7200,100
49334939805051,13:42:14.939,1.7200,100
49334946954831,13:42:14.946,1.7200,100
49335999270637,13:42:15.999,1.7200,100
49336196369923,13:42:16.196,1.7200,100
49339196855214,13:42:19.196,1.7200,100
49342196339638,13:42:22.196,1.7200,92
49342313948328,13:42:22.313,1.7200,8
49342313948328,13:42:22.313,1.7200,100
49342313948328,13:42:22.313,1.7200,2292
49342314246482,13:42:22.314,1.7200,100
49342314989650,13:42:22.314,1.7200,100
49342360872910,13:42:22.360,1.7200,100
49345196813306,13:42:25.196,1.7200,100
49345261035084,13:42:25.261,1.7200,100
49348196094435,13:42:28.196,1.7200,100
49348693241960,13:42:28.693,1.7200,100
49351195789067,13:42:31.195,1.7200,100
49353191825889,13:42:33.191,1.7200,100
49353193142267,13:42:33.193,1.7200,100
49353193142267,13:42:33.193,1.7200,400
49354195887459,13:42:34.195,1.7200,100
49354301210072,13:42:34.301,1.7200,100
49354301210072,13:42:34.301,1.7200,2300
49357196264217,13:42:37.196,1.7200,100
49360195650676,13:42:40.195,1.7200,100
49363195616741,13:42:43.195,1.7200,100
49363697087006,13:42:43.697,1.7200,100
49366215117905,13:42:46.215,1.7200,100
49369196244369,13:42:49.196,1.7200,100
49372195914591,13:42:52.195,1.7200,100
49378704597286,13:42:58.704,1.7200,100
49397839429217,13:43:17.839,1.7200,100
49397840150863,13:43:17.840,1.7200,100
49402196467248,13:43:22.196,1.7200,100
49405195894935,13:43:25.195,1.7200,100
49408196225639,13:43:28.196,1.7200,100
49411195969761,13:43:31.195,1.7200,100
49413711847489,13:43:33.711,1.7200,100
49414195568014,13:43:34.195,1.7200,100
49414196744597,13:43:34.196,1.7200,300
49414245946458,13:43:34.245,1.7200,100
49414295219045,13:43:34.295,1.7200,100
49414743529373,13:43:34.743,1.7200,100
49417195667055,13:43:37.195,1.7200,100
49420195939101,13:43:40.195,1.7200,100
49423195621906,13:43:43.195,1.7200,100
49426196323478,13:43:46.196,1.7200,100
49429196054126,13:43:49.196,1.7200,100
49429196715575,13:43:49.196,1.7200,100
49432196075295,13:43:52.196,1.7200,100
49435196206177,13:43:55.196,1.7200,100
49472195715247,13:44:32.195,1.7200,100
49522824403932,13:45:22.824,1.7200,100
49528559487808,13:45:28.559,1.7200,100
49533196149923,13:45:33.196,1.7200,100
49533196797674,13:45:33.196,1.7200,100
49536196405607,13:45:36.196,1.7200,100
49541196169304,13:45:41.196,1.7200,100
49546196013329,13:45:46.196,1.7200,100
49551196899016,13:45:51.196,1.7200,100
49657971815319,13:47:37.971,1.7200,100
49766196522711,13:49:26.196,1.7200,100
49880845577797,13:51:20.845,1.7200,100
49883214592003,13:51:23.214,1.7200,100
49883253232486,13:51:23.253,1.7200,100
50051973000271,13:54:11.973,1.7150,200
50382195104627,13:59:42.195,1.7200,100
50387196003046,13:59:47.196,1.7200,100
50421987882075,14:00:21.987,1.7200,100
50421987882075,14:00:21.987,1.7200,100
50421988184420,14:00:21.988,1.7200,100
50593173988431,14:03:13.173,1.7200,100
50593174420540,14:03:13.174,1.7200,100
50593174482666,14:03:13.174,1.7200,47
50599196095715,14:03:19.196,1.7200,53
50599196095715,14:03:19.196,1.7200,47
50707195989581,14:05:07.195,1.7200,100
50707692453835,14:05:07.692,1.7200,100
50707692453835,14:05:07.692,1.7200,200
50714366874453,14:05:14.366,1.7200,100
51176195555006,14:12:56.195,1.7200,100
51181195775604,14:13:01.195,1.7200,100
51182194953092,14:13:02.194,1.7200,100
51186197656252,14:13:06.197,1.7200,100
51218895096101,14:13:38.895,1.7200,100
51477087151314,14:17:57.087,1.7200,100
51488914991459,14:18:08.914,1.7200,100
51503886400288,14:18:23.886,1.7200,100
51551822450011,14:19:11.822,1.7200,100
51551822450011,14:19:11.822,1.7200,250
51551823111784,14:19:11.823,1.7200,100
51551823111784,14:19:11.823,1.7200,150
51938934733671,14:25:38.934,1.7200,100
51938934733671,14:25:38.934,1.7200,100
51980937288653,14:26:20.937,1.7200,100
52491357748609,14:34:51.357,1.7200,100
52519329049875,14:35:19.329,1.7200,100
52558653674333,14:35:58.653,1.7200,100
52648571667196,14:37:28.571,1.7200,100
52706759371761,14:38:26.759,1.7200,100
52722933503543,14:38:42.933,1.7200,100
52723832583853,14:38:43.832,1.7200,100
52798919554555,14:39:58.919,1.7200,100
52964115102055,14:42:44.115,1.7200,100
53054215484054,14:44:14.215,1.7200,100
53195629019345,14:46:35.629,1.7200,100
53195629019345,14:46:35.629,1.7200,100
53195629473475,14:46:35.629,1.7200,100
53196686030690,14:46:36.686,1.7200,100
53196686030690,14:46:36.686,1.7200,100
53197195558402,14:46:37.195,1.7200,100
53219430426540,14:46:59.430,1.7200,100
53228367261597,14:47:08.367,1.7200,100
53234196562270,14:47:14.196,1.7200,100
53294524153587,14:48:14.524,1.7200,100
53384840643561,14:49:44.840,1.7200,100
53400196574399,14:50:00.196,1.7200,100
53400233693847,14:50:00.233,1.7200,100
53460166640173,14:51:00.166,1.7200,100
53511506530771,14:51:51.506,1.7200,100
53521285529265,14:52:01.285,1.7200,100
53560938135369,14:52:40.938,1.7200,100
53580649652676,14:53:00.649,1.7200,100
53580649652676,14:53:00.649,1.7200,100
53580649652676,14:53:00.649,1.7200,200
53580650067976,14:53:00.650,1.7200,100
53581706106517,14:53:01.706,1.7200,100
53581706106517,14:53:01.706,1.7200,200
53581764092558,14:53:01.764,1.7200,100
53582197002466,14:53:02.197,1.7200,100
53585992382098,14:53:05.992,1.7200,100
53586066743606,14:53:06.066,1.7200,100
53586066743606,14:53:06.066,1.7200,100
53586087503599,14:53:06.087,1.7200,100
53587196143298,14:53:07.196,1.7200,100
53592196351794,14:53:12.196,1.7200,100
53595457688323,14:53:15.457,1.7200,100
53595458285985,14:53:15.458,1.7200,100
53603764234775,14:53:23.764,1.7200,100
53603764234775,14:53:23.764,1.7200,100
53617865549839,14:53:37.865,1.7200,100
53624742071857,14:53:44.742,1.7200,100
53624823477349,14:53:44.823,1.7200,100
53715719858615,14:55:15.719,1.7200,100
53742078964207,14:55:42.078,1.7200,100
53904078432870,14:58:24.078,1.7200,100
53982076584024,14:59:42.076,1.7200,100
54057077085197,15:00:57.077,1.7200,100
54091183331657,15:01:31.183,1.7200,100
54595035485813,15:09:55.035,1.7200,100
54595035485813,15:09:55.035,1.7200,100
54595035485813,15:09:55.035,1.7200,200
54595035567260,15:09:55.035,1.7200,100
54595035567260,15:09:55.035,1.7200,2000
54642196367169,15:10:42.196,1.7200,100
54642196367169,15:10:42.196,1.7200,200
54642196367169,15:10:42.196,1.7200,100
54647195884054,15:10:47.195,1.7200,100
54647195884054,15:10:47.195,1.7200,200
54647590836914,15:10:47.590,1.7200,100
54647687197223,15:10:47.687,1.7200,100
54652195657947,15:10:52.195,1.7200,100
54656196181791,15:10:56.196,1.7200,100
54656196181791,15:10:56.196,1.7200,200
54659194981972,15:10:59.194,1.7200,100
54664196223304,15:11:04.196,1.7200,100
54992404937584,15:16:32.404,1.7200,100
54992404937584,15:16:32.404,1.7200,100
54992404937584,15:16:32.404,1.7200,300
54992404937584,15:16:32.404,1.7200,3000
54992404937584,15:16:32.404,1.7200,680
54992405498677,15:16:32.405,1.7200,100
54992405703088,15:16:32.405,1.7200,100
54992406640822,15:16:32.406,1.7200,100
54992406640822,15:16:32.406,1.7200,100
54992406640822,15:16:32.406,1.7200,100
54992498983096,15:16:32.498,1.7200,100
55039196252301,15:17:19.196,1.7200,100
55039196252301,15:17:19.196,1.7200,100
55044196166610,15:17:24.196,1.7200,100
55044290455334,15:17:24.290,1.7200,100
55049195545933,15:17:29.195,1.7200,100
55267494090972,15:21:07.494,1.7200,100
55267494090972,15:21:07.494,1.7200,100
55279133717825,15:21:19.133,1.7200,100
55280196227496,15:21:20.196,1.7200,100
55280291231364,15:21:20.291,1.7200,100
55288196013588,15:21:28.196,1.7200,100
55288196013588,15:21:28.196,1.7200,100
55293197936768,15:21:33.197,1.7200,100
55293291956211,15:21:33.291,1.7200,100
55308196575868,15:21:48.196,1.7200,100
55308196575868,15:21:48.196,1.7200,100
55649689273902,15:27:29.689,1.7200,100
55649689273902,15:27:29.689,1.7200,100
55649689273902,15:27:29.689,1.7200,800
55649689273902,15:27:29.689,1.7200,200
55649689361925,15:27:29.689,1.7200,100
55649689361925,15:27:29.689,1.7200,1200
57259378434038,15:54:19.378,1.7100,88
57259378434038,15:54:19.378,1.7100,100
57259378434038,15:54:19.378,1.7100,200
57259378434038,15:54:19.378,1.7100,100
57259378434038,15:54:19.378,1.7100,2
57259378434038,15:54:19.378,1.7100,100
57259379604618,15:54:19.379,1.7000,55
57259379604618,15:54:19.379,1.7000,10
57259384068532,15:54:19.384,1.7000,100
57259384175012,15:54:19.384,1.7000,100
57259384175012,15:54:19.384,1.7000,1400
57259386575749,15:54:19.386,1.7000,100
57259386575749,15:54:19.386,1.7000,12747
57259386822350,15:54:19.386,1.7000,100
57259386822350,15:54:19.386,1.7000,100
57259393357580,15:54:19.393,1.7000,100
57259393439089,15:54:19.393,1.7000,100
57259393439089,15:54:19.393,1.7000,200
57259394772279,15:54:19.394,1.7000,100
57259394772279,15:54:19.394,1.7000,1629
57260015935768,15:54:20.015,1.7100,100
57479753569436,15:57:59.753,1.7100,100
57513210631321,15:58:33.210,1.7100,2
57572431307215,15:59:32.431,1.7100,198
57572431307215,15:59:32.431,1.7100,135
57572431307215,15:59:32.431,1.7100,80
57574058673136,15:59:34.058,1.7100,20
57574058673136,15:59:34.058,1.7100,65
57575221056161,15:59:35.221,1.7100,35
57575221056161,15:59:35.221,1.7100,2
57581243620592,15:59:41.243,1.7150,100
57585193510421,15:59:45.193,1.7150,100
57594314751630,15:59:54.314,1.7100,13
57600530672871,16:00:00.530,1.7100,12831
