timestamp,time,price,volume
34199957742086,09:29:59.957,73.9200,43
34200869969009,09:30:00.869,73.9200,20238
34201820359690,09:30:01.820,73.5000,50
34202571259778,09:30:02.571,73.8900,74
34203070847227,09:30:03.070,73.8900,100
34216031267782,09:30:16.031,73.4600,100
34231709773602,09:30:31.709,73.4700,20
34253126067051,09:30:53.126,73.4700,2
34300043045503,09:31:40.043,73.4800,152
34300043045503,09:31:40.043,73.4700,100
34300043045503,09:31:40.043,73.4700,100
34300043045503,09:31:40.043,73.4700,21
34300043045503,09:31:40.043,73.4700,48
34300043139795,09:31:40.043,73.4700,52
34300043139795,09:31:40.043,73.4700,48
34300043179250,09:31:40.043,73.4700,52
34300043289091,09:31:40.043,73.4700,51
34300043289091,09:31:40.043,73.4700,241
34300043353587,09:31:40.043,73.4900,100
34300043424920,09:31:40.043,73.5000,100
34300043590964,09:31:40.043,73.4900,52
34300043596696,09:31:40.043,73.4900,48
34300043596696,09:31:40.043,73.4900,52
34300043674933,09:31:40.043,73.4900,100
34300043693807,09:31:40.043,73.5000,52
34300044590313,09:31:40.044,73.5200,100
34300044933899,09:31:40.044,73.5600,100
34300048128704,09:31:40.048,73.5700,123
34300053897989,09:31:40.053,73.6600,100
34300053970323,09:31:40.053,73.6500,100
34300053989635,09:31:40.053,73.6500,100
34300054570624,09:31:40.054,73.5900,200
34300054570624,09:31:40.054,73.5900,100
34300054593634,09:31:40.054,73.6400,100
34300060126849,09:31:40.060,73.7000,100
34300060131412,09:31:40.060,73.7000,100
34300060164215,09:31:40.060,73.7000,32
34300060444906,09:31:40.060,73.7100,3
34300061611366,09:31:40.061,73.6900,100
34300062689151,09:31:40.062,73.6600,10
34300062689151,09:31:40.062,73.6600,90
34300064939249,09:31:40.064,73.6600,10
34301004843879,09:31:41.004,73.6600,33
34354495703237,09:32:34.495,73.8100,100
34354495770152,09:32:34.495,73.8200,50
34354495779833,09:32:34.495,73.8200,50
34354500609808,09:32:34.500,73.8700,100
34354500609808,09:32:34.500,73.8700,100
34354500609808,09:32:34.500,73.8700,100
34354500640964,09:32:34.500,73.8700,100
34354500654003,09:32:34.500,73.8800,37
34354501013620,09:32:34.501,73.8800,63
34358198068354,09:32:38.198,73.8800,544
34358198068354,09:32:38.198,73.8800,100
34358198068354,09:32:38.198,73.8800,100
34358368443676,09:32:38.368,73.8300,100
34358368443676,09:32:38.368,73.8300,100
34362202417553,09:32:42.202,73.8700,100
34365470043741,09:32:45.470,73.8800,100
34365470043741,09:32:45.470,73.8800,60
34365470043741,09:32:45.470,73.8800,40
34365470045555,09:32:45.470,73.8800,160
34365470045555,09:32:45.470,73.8800,40
34365470052508,09:32:45.470,73.8800,260
34373426097873,09:32:53.426,73.8600,100
34373426097873,09:32:53.426,73.8600,100
34383125666284,09:33:03.125,73.9400,100
34444893994470,09:34:04.893,73.9400,100
34444893994470,09:34:04.893,73.9400,100
34444893994470,09:34:04.893,73.9400,100
34444894041320,09:34:04.894,73.9400,200
34444894433179,09:34:04.894,73.9900,100
34444894471385,09:34:04.894,74.0000,100
34444894705465,09:34:04.894,74.0000,100
34444894756293,09:34:04.894,74.0000,100
34444894982826,09:34:04.894,74.0200,100
34444894982826,09:34:04.894,74.0200,28
34449368454308,09:34:09.368,73.9800,177
34475015193446,09:34:35.015,74.0700,100
34475015193446,09:34:35.015,74.1000,100
34475015193446,09:34:35.015,74.1000,100
34475015193446,09:34:35.015,74.1000,100
34475015193446,09:34:35.015,74.1000,100
34475015223645,09:34:35.015,74.1000,100
34475015291278,09:34:35.015,74.1000,100
34475015323575,09:34:35.015,74.0700,100
34475015673431,09:34:35.015,74.1000,100
34475015692135,09:34:35.015,74.1000,100
34475018750869,09:34:35.018,74.1300,100
34485717294315,09:34:45.717,74.1600,100
34485718174181,09:34:45.718,74.1200,16
34485718174181,09:34:45.718,74.1200,100
34485718284266,09:34:45.718,74.1000,29
34485718347306,09:34:45.718,74.1300,100
34485718371649,09:34:45.718,74.1300,100
34485718439719,09:34:45.718,74.1300,100
34485718444939,09:34:45.718,74.1100,87
34485718449904,09:34:45.718,74.1100,13
34485718453509,09:34:45.718,74.1000,63
34485718458332,09:34:45.718,74.1000,8
34485718458332,09:34:45.718,74.0800,13
34485718584683,09:34:45.718,74.1200,100
34485718595091,09:34:45.718,74.0800,87
34485718640156,09:34:45.718,74.0900,100
34485718658383,09:34:45.718,74.0900,100
34521063896596,09:35:21.063,74.0300,100
34521072008080,09:35:21.072,74.0300,100
34521289294571,09:35:21.289,74.0400,1
34521289758917,09:35:21.289,74.0700,100
34521290015640,09:35:21.290,74.0800,61
34521290023274,09:35:21.290,74.0800,39
34526656941131,09:35:26.656,74.0300,100
34536298423594,09:35:36.298,74.0400,32
34536298489919,09:35:36.298,74.0300,81
34536298495561,09:35:36.298,74.0300,19
34536693547000,09:35:36.693,74.0100,100
34536818467018,09:35:36.818,74.0900,15
34537311421700,09:35:37.311,74.0000,8
34537311421700,09:35:37.311,74.0000,92
34548205190784,09:35:48.205,74.0400,1
34548205190784,09:35:48.205,74.0400,99
34548205215068,09:35:48.205,74.0400,1
34548205296857,09:35:48.205,74.0400,99
34551215002807,09:35:51.215,74.0200,100
34566328755911,09:36:06.328,74.0900,100
34566328755911,09:36:06.328,74.0900,100
34566328821334,09:36:06.328,74.0900,100
34566328821334,09:36:06.328,74.1100,78
34566328852620,09:36:06.328,74.1100,222
34566328860332,09:36:06.328,74.1100,100
34566329717686,09:36:06.329,74.1400,100
34569368193986,09:36:09.368,74.1300,100
34569368193986,09:36:09.368,74.1200,100
34597825246660,09:36:37.825,74.1800,100
34605838779398,09:36:45.838,74.0700,14
34629368569110,09:37:09.368,74.0900,100
34630115570716,09:37:10.115,74.1800,100
34642209167062,09:37:22.209,74.1450,400
34642209210781,09:37:22.209,74.2000,300
34642209210781,09:37:22.209,74.2000,100
34642209210781,09:37:22.209,74.2000,100
34642209210781,09:37:22.209,74.2000,100
34642209210781,09:37:22.209,74.2000,100
34642209222905,09:37:22.209,74.2000,100
34642209222905,09:37:22.209,74.2000,100
34642210810624,09:37:22.210,74.2100,100
34651815504620,09:37:31.815,74.3000,70
34651815508027,09:37:31.815,74.3000,70
34651815521060,09:37:31.815,74.3000,14
34651815522674,09:37:31.815,74.3000,16
34651815639784,09:37:31.815,74.3100,100
34651815639784,09:37:31.815,74.3200,100
34651815639784,09:37:31.815,74.3200,300
34660368572908,09:37:40.368,74.2000,200
34660368572908,09:37:40.368,74.2000,100
34660368572908,09:37:40.368,74.2000,100
34660369491203,09:37:40.369,74.2300,7
34660784426894,09:37:40.784,74.2300,100
34660784453027,09:37:40.784,74.2050,300
34660785546907,09:37:40.785,74.2100,200
34663368156691,09:37:43.368,74.1900,100
34663368198411,09:37:43.368,74.1900,7
34663368198411,09:37:43.368,74.1900,100
34663368564862,09:37:43.368,74.1900,200
34664184405273,09:37:44.184,74.1800,100
34664184405273,09:37:44.184,74.1800,100
34664285246687,09:37:44.285,74.1900,100
34676261419172,09:37:56.261,74.1500,1
34681913670987,09:38:01.913,74.2000,100
34681914050636,09:38:01.914,74.2000,100
34681914069537,09:38:01.914,74.2000,100
34681916216060,09:38:01.916,74.2300,100
34681916714901,09:38:01.916,74.2200,100
34681916761341,09:38:01.916,74.2300,100
34681917144500,09:38:01.917,74.2300,100
34681917182932,09:38:01.917,74.2300,100
34681917182932,09:38:01.917,74.2300,100
34682199444580,09:38:02.199,74.2400,8
34684274328116,09:38:04.274,74.2200,100
34684274357190,09:38:04.274,74.2200,100
34689368316146,09:38:09.368,74.1200,100
34689368316146,09:38:09.368,74.1200,100
34689368316146,09:38:09.368,74.1100,100
34689368316146,09:38:09.368,74.1100,100
34696126267010,09:38:16.126,74.1800,1
34696126267010,09:38:16.126,74.1800,99
34696126292138,09:38:16.126,74.1800,1
34708268219468,09:38:28.268,74.1200,100
34708268248702,09:38:28.268,74.1100,100
34708268248702,09:38:28.268,74.1100,7
34708374252954,09:38:28.374,74.1000,100
34709205957809,09:38:29.205,74.0800,93
34709205966817,09:38:29.205,74.0800,36
34709229900466,09:38:29.229,74.0800,37
34713724315757,09:38:33.724,74.0800,8
34715713963335,09:38:35.713,74.0800,9
34716332482405,09:38:36.332,74.0900,1
34716332507425,09:38:36.332,74.0900,99
34716332507425,09:38:36.332,74.0900,100
34716332507425,09:38:36.332,74.0900,100
34716332507425,09:38:36.332,74.0900,100
34717715993300,09:38:37.715,74.1300,7
34717716018384,09:38:37.716,74.1300,93
34717716018384,09:38:37.716,74.1300,100
34717716018384,09:38:37.716,74.1300,300
34717716312731,09:38:37.716,74.1000,100
34717716351968,09:38:37.716,74.1200,100
34718827690430,09:38:38.827,74.1200,100
34718827896118,09:38:38.827,74.1300,100
34718827976836,09:38:38.827,74.1100,100
34718828255433,09:38:38.828,74.1300,100
34718828345795,09:38:38.828,74.1300,100
34719713371769,09:38:39.713,74.1300,7
34721717621506,09:38:41.717,74.1300,6
34723720578521,09:38:43.720,74.1300,3
34726538955329,09:38:46.538,74.1200,100
34733715380417,09:38:53.715,74.1100,1
34733715380417,09:38:53.715,74.1300,1
34733716296523,09:38:53.716,74.1300,96
34733716296523,09:38:53.716,74.1300,200
34733716296523,09:38:53.716,74.1300,100
34733716296523,09:38:53.716,74.1300,4
34733716931102,09:38:53.716,74.1300,96
34733716982738,09:38:53.716,74.1400,200
34733717009952,09:38:53.717,74.1400,100
34733717027924,09:38:53.717,74.1500,100
34739716977768,09:38:59.716,74.1800,3
34743236164614,09:39:03.236,74.1800,97
34743236164614,09:39:03.236,74.1800,100
34743236164614,09:39:03.236,74.1800,3
34743236501373,09:39:03.236,74.1800,100
34743236811978,09:39:03.236,74.1800,92
34743236846614,09:39:03.236,74.1800,5
34748331329292,09:39:08.331,74.2300,1
34748331354322,09:39:08.331,74.2300,99
34748331623184,09:39:08.331,74.2300,100
34749717017318,09:39:09.717,74.2700,1
34749717042356,09:39:09.717,74.2700,100
34787691237083,09:39:47.691,74.2800,2
34787691237083,09:39:47.691,74.2900,98
34787691243166,09:39:47.691,74.2900,2
34787691243166,09:39:47.691,74.2900,98
34787691282946,09:39:47.691,74.2900,2
34789466034792,09:39:49.466,74.3000,100
34789466405017,09:39:49.466,74.2900,100
34795238089689,09:39:55.238,74.2800,100
34809368319760,09:40:09.368,74.2200,100
34809368319760,09:40:09.368,74.2100,100
34821239257634,09:40:21.239,74.2600,100
34841754811248,09:40:41.754,74.2100,100
34853815848955,09:40:53.815,74.2300,100
34871144500964,09:41:11.144,74.2000,100
34871144579800,09:41:11.144,74.2000,7
34871144586303,09:41:11.144,74.2000,73
34871144586303,09:41:11.144,74.2000,7
34871144611744,09:41:11.144,74.2000,7
34871144902438,09:41:11.144,74.2000,86
34871145161819,09:41:11.145,74.1900,100
34886601875526,09:41:26.601,74.1600,74
34918682681620,09:41:58.682,74.1200,100
34918683370517,09:41:58.683,74.1000,75
34920035016339,09:42:00.035,74.0600,4
34950367732562,09:42:30.367,73.9300,100
34952614505338,09:42:32.614,73.9200,100
34952614535470,09:42:32.614,73.9300,200
34952614565456,09:42:32.614,73.9300,100
34952614638220,09:42:32.614,73.9400,100
34952614772235,09:42:32.614,73.9400,100
34952616393241,09:42:32.616,73.9800,2
34952616393241,09:42:32.616,73.9900,98
34952616422924,09:42:32.616,73.9900,2
34952616460835,09:42:32.616,73.9900,14
34952616463359,09:42:32.616,73.9900,50
34952616489414,09:42:32.616,73.9900,36
34952616489414,09:42:32.616,73.9900,50
34952616519979,09:42:32.616,73.9900,36
34952616559738,09:42:32.616,73.9900,14
34952617518343,09:42:32.617,74.0000,100
34968707134890,09:42:48.707,73.9800,100
34981483074625,09:43:01.483,74.0300,100
34981483074625,09:43:01.483,74.0300,39
34981483101504,09:43:01.483,74.0300,61
34981483101504,09:43:01.483,74.0300,100
34981483101504,09:43:01.483,74.0300,100
34981483141081,09:43:01.483,74.0300,50
34981483206979,09:43:01.483,74.0300,100
34981483214560,09:43:01.483,74.0300,50
34981483214560,09:43:01.483,74.0300,50
34981483306511,09:43:01.483,74.0300,50
34981483319274,09:43:01.483,74.0400,81
34981483333932,09:43:01.483,74.0400,19
34981483333932,09:43:01.483,74.0400,100
34981483341330,09:43:01.483,74.0400,37
34981483345242,09:43:01.483,74.0400,63
34998123872898,09:43:18.123,74.0300,77
35001161982214,09:43:21.161,74.0700,100
35001162304715,09:43:21.162,74.0700,100
35001162331603,09:43:21.162,74.0700,44
35015842052363,09:43:35.842,74.0200,100
35015842052363,09:43:35.842,74.0100,100
35015842052363,09:43:35.842,74.0100,150
35015842088891,09:43:35.842,74.0100,100
35019952356522,09:43:39.952,73.9800,100
35019952385380,09:43:39.952,73.9800,200
35019952411357,09:43:39.952,73.9800,100
35044392353748,09:44:04.392,73.9700,100
35044392362304,09:44:04.392,73.9700,100
35106323199934,09:45:06.323,73.9250,77
35106323199934,09:45:06.323,73.9900,23
35106323209267,09:45:06.323,73.9900,3
35106323241587,09:45:06.323,73.9900,74
35106323241587,09:45:06.323,73.9900,3
35106323275509,09:45:06.323,73.9900,100
35106323867952,09:45:06.323,74.0000,8
35106323869701,09:45:06.323,74.0000,73
35106323875192,09:45:06.323,74.0000,19
35106325288285,09:45:06.325,73.9900,100
35106327285766,09:45:06.327,73.9900,10
35110228148610,09:45:10.228,74.0100,100
35110228148610,09:45:10.228,74.0200,100
35202056191876,09:46:42.056,73.9800,1
35218406674351,09:46:58.406,73.9800,77
35218406674351,09:46:58.406,74.0200,54
35224792428690,09:47:04.792,74.0200,300
35224792524466,09:47:04.792,74.0200,100
35224922670498,09:47:04.922,74.0300,100
35230655782254,09:47:10.655,74.0500,1
35230655909808,09:47:10.655,74.0500,1
35230655932658,09:47:10.655,74.0500,1
35230659214087,09:47:10.659,74.0600,1
35231944133573,09:47:11.944,74.0400,100
35231944133573,09:47:11.944,74.0400,97
35231944186102,09:47:11.944,74.0300,100
35231944186102,09:47:11.944,74.0300,50
35232502289081,09:47:12.502,74.0500,100
35237342245670,09:47:17.342,74.0200,2
35237342272613,09:47:17.342,74.0200,98
35237342272613,09:47:17.342,74.0200,100
35237342272613,09:47:17.342,74.0200,100
35237342272613,09:47:17.342,74.0200,200
35237343032232,09:47:17.343,74.0200,100
35267420350213,09:47:47.420,73.9800,1
35267420927002,09:47:47.420,73.9600,100
35267421212895,09:47:47.421,73.9500,200
35286879499629,09:48:06.879,73.9000,200
35286879499629,09:48:06.879,73.9000,68
35286879503036,09:48:06.879,73.9000,32
35286879507939,09:48:06.879,73.9000,32
35287888459341,09:48:07.888,73.8400,100
35287895124915,09:48:07.895,73.8400,100
35289019319126,09:48:09.019,73.8600,100
35289019670804,09:48:09.019,73.8600,100
35289019672283,09:48:09.019,73.8600,100
35289019701058,09:48:09.019,73.8600,27
35290384195667,09:48:10.384,73.7800,100
35294382793068,09:48:14.382,73.8200,1
35320384981438,09:48:40.384,73.7500,4
35320386132174,09:48:40.386,73.7300,100
35320386132174,09:48:40.386,73.7200,100
35320386159107,09:48:40.386,73.7200,100
35320386850567,09:48:40.386,73.7100,100
35320386881280,09:48:40.386,73.7100,1
35327245900004,09:48:47.245,73.7300,100
35327245937227,09:48:47.245,73.7300,158
35327245961884,09:48:47.245,73.7300,42
35327245973907,09:48:47.245,73.7300,58
35327245973907,09:48:47.245,73.7300,1
35327245987851,09:48:47.245,73.7300,41
35327246268006,09:48:47.246,73.7400,100
35327246303495,09:48:47.246,73.7400,41
35327246304726,09:48:47.246,73.7400,59
35327246304726,09:48:47.246,73.7400,41
35327246308741,09:48:47.246,73.7400,59
35327246360655,09:48:47.246,73.7500,41
35327246384041,09:48:47.246,73.7500,59
35327246417493,09:48:47.246,73.7600,41
35331931366530,09:48:51.931,73.7400,100
35349368363521,09:49:09.368,73.7000,100
35385151890041,09:49:45.151,73.7400,100
35385151947125,09:49:45.151,73.7300,100
35385152175729,09:49:45.152,73.7300,26
35396084962957,09:49:56.084,73.7600,1
35396084962957,09:49:56.084,73.7600,74
35400847681412,09:50:00.847,73.7650,5
35404310745598,09:50:04.310,73.7650,77
35405627528400,09:50:05.627,73.8200,400
35406217678524,09:50:06.217,73.8600,6
35412448849534,09:50:12.448,73.8600,94
35413629143056,09:50:13.629,73.8900,100
35413629145489,09:50:13.629,73.8900,100
35455916145337,09:50:55.916,73.8800,1
35463340133421,09:51:03.340,73.9500,3
35484254649271,09:51:24.254,73.9500,100
35498656474697,09:51:38.656,73.9500,77
35498656474697,09:51:38.656,73.9500,23
35498656484647,09:51:38.656,73.9500,6
35498656518949,09:51:38.656,73.9500,1
35522863290543,09:52:02.863,73.9000,200
35522866969666,09:52:02.866,73.9000,1
35525512881764,09:52:05.512,73.9200,2
35534327693688,09:52:14.327,73.8600,100
35534327943682,09:52:14.327,73.8500,100
35534327943682,09:52:14.327,73.8500,100
35534332930473,09:52:14.332,73.8600,100
35535132123814,09:52:15.132,73.8400,100
35535132632486,09:52:15.132,73.8300,100
35535132632486,09:52:15.132,73.8300,100
35536277526123,09:52:16.277,73.8200,100
35544367955633,09:52:24.367,73.8100,100
35544368378504,09:52:24.368,73.8000,24
35544368388050,09:52:24.368,73.8000,76
35562844206012,09:52:42.844,73.8000,27
35589368912191,09:53:09.368,73.7400,100
35589370486265,09:53:09.370,73.7500,100
35616129791089,09:53:36.129,73.7600,1
35616131245963,09:53:36.131,73.7400,100
35616131245963,09:53:36.131,73.7400,100
35616131273088,09:53:36.131,73.7400,100
35616131273088,09:53:36.131,73.7400,61
35616132437934,09:53:36.132,73.7300,100
35616132437934,09:53:36.132,73.7300,100
35624131269582,09:53:44.131,73.6900,100
35632372541620,09:53:52.372,73.6650,77
35658066994948,09:54:18.066,73.6600,1
35697646385573,09:54:57.646,73.7100,32
35697646412020,09:54:57.646,73.7100,68
35697646412020,09:54:57.646,73.7100,100
35697646412020,09:54:57.646,73.7100,32
35697646490673,09:54:57.646,73.7100,68
35697646510932,09:54:57.646,73.7100,23
35697646512230,09:54:57.646,73.7100,68
35697646556016,09:54:57.646,73.7100,9
35697646556016,09:54:57.646,73.7100,91
35697646558773,09:54:57.646,73.7100,9
35697646610652,09:54:57.646,73.7200,17
35697646621115,09:54:57.646,73.7200,74
35697646645619,09:54:57.646,73.7200,9
35697646645619,09:54:57.646,73.7200,6
35697646846520,09:54:57.646,73.7200,85
35697646852259,09:54:57.646,73.7200,9
35697647107161,09:54:57.647,73.7200,100
35697647145436,09:54:57.647,73.7400,20
35697647164926,09:54:57.647,73.7400,180
35697647404501,09:54:57.647,73.7400,3
35697649266057,09:54:57.649,73.7200,100
35697649459090,09:54:57.649,73.7200,100
35711619108741,09:55:11.619,73.6800,1
35711619108741,09:55:11.619,73.6600,100
35711619108741,09:55:11.619,73.6600,100
35711619847355,09:55:11.619,73.6500,100
35711620707874,09:55:11.620,73.6400,100
35711662272020,09:55:11.662,73.6300,100
35748010941382,09:55:48.010,73.6000,100
35748012349729,09:55:48.012,73.5900,1
35748012349729,09:55:48.012,73.5900,200
35756004704405,09:55:56.004,73.6400,2
35769368552955,09:56:09.368,73.5700,100
35799226349736,09:56:39.226,73.5900,100
35799226349736,09:56:39.226,73.5900,100
35799226349736,09:56:39.226,73.5900,14
35799226349736,09:56:39.226,73.5900,1
35799227732918,09:56:39.227,73.5700,100
35799237744651,09:56:39.237,73.5600,100
35805177135966,09:56:45.177,73.5450,77
35805177135966,09:56:45.177,73.5800,100
35805177135966,09:56:45.177,73.5800,100
35805177135966,09:56:45.177,73.5800,323
35805177187201,09:56:45.177,73.5800,77
35805177256866,09:56:45.177,73.5800,100
35805177330210,09:56:45.177,73.5900,100
35805177365737,09:56:45.177,73.5900,100
35805177410547,09:56:45.177,73.5900,100
35805177414992,09:56:45.177,73.5900,100
35805177685614,09:56:45.177,73.5900,100
35805177738826,09:56:45.177,73.6000,100
35805177837429,09:56:45.177,73.6000,100
35805178370655,09:56:45.178,73.5900,100
35805476073275,09:56:45.476,73.5900,100
35838367654982,09:57:18.367,73.5600,100
35843368097555,09:57:23.368,73.5500,100
35862909934810,09:57:42.909,73.5700,1
35871570557843,09:57:51.570,73.5600,100
35871570562914,09:57:51.570,73.5600,100
35871571561944,09:57:51.571,73.5400,100
35871571887084,09:57:51.571,73.5400,100
35883187692631,09:58:03.187,73.6100,3
35922059197616,09:58:42.059,73.5850,1
35935593819226,09:58:55.593,73.5850,12
35939236709849,09:58:59.236,73.5850,77
35939236709849,09:58:59.236,73.6100,23
35960243573235,09:59:20.243,73.5600,100
35960243573235,09:59:20.243,73.5600,100
35960243573235,09:59:20.243,73.5600,100
35960243743553,09:59:20.243,73.5500,100
35960243783013,09:59:20.243,73.5400,1
35960243783013,09:59:20.243,73.5400,100
35960243840051,09:59:20.243,73.5500,100
35960244292247,09:59:20.244,73.5500,100
35969801373979,09:59:29.801,73.5100,73
35969801376857,09:59:29.801,73.5100,27
35969801376857,09:59:29.801,73.5000,47
35969802234802,09:59:29.802,73.5000,53
35969802234802,09:59:29.802,73.5000,6
35969802655634,09:59:29.802,73.5000,50
35969802668919,09:59:29.802,73.5000,44
35969802668919,09:59:29.802,73.5000,1
35969802684105,09:59:29.802,73.4800,30
36009849602878,10:00:09.849,73.4800,14
36009849957356,10:00:09.849,73.4800,14
36010848281051,10:00:10.848,73.4600,27
36011244473010,10:00:11.244,73.4500,100
36011244473010,10:00:11.244,73.4500,100
36011244473010,10:00:11.244,73.4500,100
36011244473010,10:00:11.244,73.4500,100
36011244813355,10:00:11.244,73.4400,53
36011244851770,10:00:11.244,73.4400,47
36011255684381,10:00:11.255,73.4200,1
36011255684381,10:00:11.255,73.4200,99
36011255710290,10:00:11.255,73.4200,1
36011256008803,10:00:11.256,73.4200,100
36012331745824,10:00:12.331,73.4400,100
36012331745824,10:00:12.331,73.4400,100
36012331745824,10:00:12.331,73.4400,300
36012331745824,10:00:12.331,73.4400,100
36012331788304,10:00:12.331,73.4400,100
36012331816701,10:00:12.331,73.4400,88
36012331890573,10:00:12.331,73.4500,16
36012580963875,10:00:12.580,73.4500,100
36012580963875,10:00:12.580,73.4500,100
36012580963875,10:00:12.580,73.4500,100
36012580996258,10:00:12.580,73.4500,72
36012581005915,10:00:12.581,73.4500,28
36012581005915,10:00:12.581,73.4500,72
36012581011065,10:00:12.581,73.4500,28
36012581011065,10:00:12.581,73.4600,72
36012581068631,10:00:12.581,73.4600,28
36012581200939,10:00:12.581,73.4500,100
36013577234266,10:00:13.577,73.4800,7
36015584595756,10:00:15.584,73.4800,1
36018312002326,10:00:18.312,73.4800,92
36018312002326,10:00:18.312,73.4800,200
36018312003876,10:00:18.312,73.4800,100
36024367623950,10:00:24.367,73.4600,3
36033573430538,10:00:33.573,73.4750,1
36036387399671,10:00:36.387,73.4750,77
36036387399671,10:00:36.387,73.5000,100
36036387399671,10:00:36.387,73.5000,23
36036387430673,10:00:36.387,73.5000,77
36036387430673,10:00:36.387,73.5000,77
36038575800108,10:00:38.575,73.5200,1
36038575831027,10:00:38.575,73.5200,99
36038575831027,10:00:38.575,73.5200,100
36038575871942,10:00:38.575,73.5300,34
36038576059761,10:00:38.576,73.5300,66
36039607372857,10:00:39.607,73.5400,100
36039607686300,10:00:39.607,73.5400,100
36058535424614,10:00:58.535,73.5200,100
36058536514640,10:00:58.536,73.5200,100
36068368038536,10:01:08.368,73.5200,100
36069368339260,10:01:09.368,73.5200,100
36069368339260,10:01:09.368,73.5100,100
36069368364188,10:01:09.368,73.5100,100
36069368364188,10:01:09.368,73.5100,26
36079046611672,10:01:19.046,73.4600,100
36079046611672,10:01:19.046,73.4600,100
36079046611672,10:01:19.046,73.4500,100
36083530330359,10:01:23.530,73.5200,100
36083530408809,10:01:23.530,73.5200,100
36083530523486,10:01:23.530,73.5200,100
36083535230141,10:01:23.535,73.5200,100
36085056493715,10:01:25.056,73.5100,100
36128043704046,10:02:08.043,73.5300,1
36128048957007,10:02:08.048,73.5300,9
36128048982617,10:02:08.048,73.5300,89
36128048982617,10:02:08.048,73.5300,74
36128048982617,10:02:08.048,73.5300,100
36128050213332,10:02:08.050,73.5400,100
36129368890531,10:02:09.368,73.5200,200
36129368890531,10:02:09.368,73.5200,100
36143783555162,10:02:23.783,73.5100,2
36144491712583,10:02:24.491,73.5300,2
36159891652653,10:02:39.891,73.4900,11
36159891652653,10:02:39.891,73.4900,29
36159891697512,10:02:39.891,73.4900,3
36160585254678,10:02:40.585,73.4800,6
36160585991141,10:02:40.585,73.4700,100
36166686878141,10:02:46.686,73.4600,100
36166686878141,10:02:46.686,73.4600,100
36166690102341,10:02:46.690,73.4400,100
36166693560497,10:02:46.693,73.4400,100
36166694417021,10:02:46.694,73.4300,28
36168332676944,10:02:48.332,73.4600,21
36171877521867,10:02:51.877,73.4600,2
36175104072801,10:02:55.104,73.4400,100
36175104172007,10:02:55.104,73.4400,100
36175104172007,10:02:55.104,73.4300,100
36175104197598,10:02:55.104,73.4300,100
36187856720649,10:03:07.856,73.4000,131
36189975496928,10:03:09.975,73.4300,21
36198443831818,10:03:18.443,73.4200,1
36203443816638,10:03:23.443,73.4200,1
36205923608525,10:03:25.923,73.4200,99
36205923608525,10:03:25.923,73.4200,1
36226341673144,10:03:46.341,73.4300,43
36236330945580,10:03:56.330,73.4200,1
36241432330367,10:04:01.432,73.4200,96
36241433166876,10:04:01.433,73.4200,100
36241898746222,10:04:01.898,73.4200,100
36241935376260,10:04:01.935,73.4200,100
36241935407132,10:04:01.935,73.4200,44
36242045095912,10:04:02.045,73.4100,100
36242045095912,10:04:02.045,73.4100,100
36242045121682,10:04:02.045,73.4100,100
36242045665736,10:04:02.045,73.4000,72
36242045812731,10:04:02.045,73.4000,28
36242046377718,10:04:02.046,73.3900,31
36242046377718,10:04:02.046,73.3900,41
36242046387570,10:04:02.046,73.3900,59
36242046387570,10:04:02.046,73.3900,100
36242046387570,10:04:02.046,73.3900,1
36242046685364,10:04:02.046,73.3900,100
36242047011764,10:04:02.047,73.3800,2
36242700194419,10:04:02.700,73.3900,100
36242700194419,10:04:02.700,73.3900,100
36249368716012,10:04:09.368,73.3700,100
36249368716012,10:04:09.368,73.3700,100
36249369038199,10:04:09.369,73.3700,100
36249369397970,10:04:09.369,73.3700,100
36252873357374,10:04:12.873,73.3500,100
36252873361966,10:04:12.873,73.3500,11
36252873361966,10:04:12.873,73.3500,69
36253367906987,10:04:13.367,73.3300,29
36253367906987,10:04:13.367,73.3200,29
36253367906987,10:04:13.367,73.3200,42
36256331178993,10:04:16.331,73.3400,1
36256331203174,10:04:16.331,73.3400,99
36265807851758,10:04:25.807,73.3500,100
36265807851758,10:04:25.807,73.3500,300
36265807950801,10:04:25.807,73.3500,100
36268114638439,10:04:28.114,73.3300,100
36280585398692,10:04:40.585,73.3500,59
36293695735227,10:04:53.695,73.3600,100
36293695831238,10:04:53.695,73.3600,100
36293696031666,10:04:53.696,73.3600,100
36296251286693,10:04:56.251,73.3800,55
36296251286693,10:04:56.251,73.3800,45
36300827294855,10:05:00.827,73.3800,6
36302824824858,10:05:02.824,73.3800,1
36304822889939,10:05:04.822,73.3800,1
36304822914143,10:05:04.822,73.3800,192
36304822914143,10:05:04.822,73.3800,100
36304823202119,10:05:04.823,73.3800,100
36304823202119,10:05:04.823,73.3800,100
36304824166330,10:05:04.824,73.3900,100
36306383878320,10:05:06.383,73.3800,100
36306383902186,10:05:06.383,73.3800,100
36306450349648,10:05:06.450,73.3800,2
36309370050188,10:05:09.370,73.3500,100
36311925072041,10:05:11.925,73.3300,20
36311925145444,10:05:11.925,73.3300,80
36311925145444,10:05:11.925,73.3300,20
36311925470900,10:05:11.925,73.3300,70
36311925751977,10:05:11.925,73.3300,10
36333164384012,10:05:33.164,73.3400,200
36335818982213,10:05:35.818,73.3500,2
36339819543928,10:05:39.819,73.3500,1
36340394782121,10:05:40.394,73.3500,100
36343490460220,10:05:43.490,73.3500,97
36343490460220,10:05:43.490,73.3500,3
36343490465610,10:05:43.490,73.3500,63
36345497302000,10:05:45.497,73.3600,100
36346293865543,10:05:46.293,73.3500,200
36346293865543,10:05:46.293,73.3500,100
36346293865543,10:05:46.293,73.3500,41
36360087095231,10:06:00.087,73.3200,2
36360087095231,10:06:00.087,73.3200,98
36360092562704,10:06:00.092,73.3200,100
36360092562704,10:06:00.092,73.3200,100
36360093007717,10:06:00.093,73.3400,100
36360904349063,10:06:00.904,73.3500,100
36367715132327,10:06:07.715,73.3800,100
36367715132327,10:06:07.715,73.3800,100
36367715163517,10:06:07.715,73.3800,100
36367715596895,10:06:07.715,73.3800,100
36368010513619,10:06:08.010,73.3800,100
36368010513619,10:06:08.010,73.3800,100
36369115568757,10:06:09.115,73.3600,2
36369368425110,10:06:09.368,73.3200,100
36369368425110,10:06:09.368,73.3100,100
36369368494246,10:06:09.368,73.3300,22
36369369011407,10:06:09.369,73.3300,78
36373367685360,10:06:13.367,73.3400,100
36373367685360,10:06:13.367,73.3400,22
36373367685360,10:06:13.367,73.3400,100
36373367685360,10:06:13.367,73.3400,100
36373367685360,10:06:13.367,73.3400,78
36373367685360,10:06:13.367,73.3400,100
36373367685360,10:06:13.367,73.3400,11
36373367685360,10:06:13.367,73.3400,100
36373367685360,10:06:13.367,73.3400,1
36373367755753,10:06:13.367,73.3400,1
36380829931544,10:06:20.829,73.3800,1
36387819008225,10:06:27.819,73.3800,3
36389819093936,10:06:29.819,73.3800,1
36393734657404,10:06:33.734,73.3800,100
36393735212396,10:06:33.735,73.3800,100
36393735454488,10:06:33.735,73.3800,100
36393735454488,10:06:33.735,73.3800,100
36393735516951,10:06:33.735,73.3800,100
36393735913392,10:06:33.735,73.3700,10
36393735938133,10:06:33.735,73.3700,90
36395026954513,10:06:35.026,73.3600,100
36395606241739,10:06:35.606,73.3500,100
36395606267886,10:06:35.606,73.3500,100
36397819434615,10:06:37.819,73.3500,24
36400175099681,10:06:40.175,73.3300,100
36416232196276,10:06:56.232,73.3500,6
36418228453292,10:06:58.228,73.3500,2
36423229214865,10:07:03.229,73.3500,1
36430191328417,10:07:10.191,73.3200,87
36430191328417,10:07:10.191,73.3200,13
36430191333247,10:07:10.191,73.3200,87
36430191333247,10:07:10.191,73.3200,13
36430191372111,10:07:10.191,73.3200,87
36430191372111,10:07:10.191,73.3200,1
36430191372111,10:07:10.191,73.3200,12
36430191377265,10:07:10.191,73.3200,88
36430191377265,10:07:10.191,73.3200,10
36430191525115,10:07:10.191,73.3200,190
36430191830205,10:07:10.191,73.3200,100
36430192534007,10:07:10.192,73.3200,5
36431229417556,10:07:11.229,73.3400,20
36431234939885,10:07:11.234,73.3400,15
36432334288081,10:07:12.334,73.3400,13
36434227910417,10:07:14.227,73.3400,8
36436229669933,10:07:16.229,73.3400,6
36438236561847,10:07:18.236,73.3400,2
36440228548698,10:07:20.228,73.3400,5
36440497688076,10:07:20.497,73.3100,1
36440498811237,10:07:20.498,73.3000,22
36440498854532,10:07:20.498,73.3000,78
36440498854532,10:07:20.498,73.3000,100
36440498854532,10:07:20.498,73.3000,44
36440499834268,10:07:20.499,73.2900,8
36440513511528,10:07:20.513,73.3300,100
36442228318361,10:07:22.228,73.3400,4
36442228344047,10:07:22.228,73.3400,62
36442228344047,10:07:22.228,73.3400,100
36442228346263,10:07:22.228,73.3400,110
36444230203266,10:07:24.230,73.3500,390
36444230898151,10:07:24.230,73.3600,100
36444230986047,10:07:24.230,73.3600,100
36448330722570,10:07:28.330,73.3700,1
36450228897375,10:07:30.228,73.3700,2
36461427604047,10:07:41.427,73.3300,100
36461427604047,10:07:41.427,73.3200,100
36461427622321,10:07:41.427,73.3200,100
36461427622321,10:07:41.427,73.3200,1
36461427622321,10:07:41.427,73.3200,100
36461427930482,10:07:41.427,73.3200,100
36481107138240,10:08:01.107,73.3200,100
36492197618601,10:08:12.197,73.3400,100
36492197618601,10:08:12.197,73.3400,100
36492197682096,10:08:12.197,73.3400,100
36492197757271,10:08:12.197,73.3400,100
36492330835153,10:08:12.330,73.3400,1
36494889265378,10:08:14.889,73.3400,99
36495730677176,10:08:15.730,73.3600,1
36521751347130,10:08:41.751,73.3200,11
36521751347130,10:08:41.751,73.3200,1
36521751347130,10:08:41.751,73.3200,88
36521751401540,10:08:41.751,73.3200,12
36521751650296,10:08:41.751,73.3200,100
36522186025925,10:08:42.186,73.3300,100
36522894951007,10:08:42.894,73.3400,1
36529973037757,10:08:49.973,73.3400,1
36532977304767,10:08:52.977,73.3400,1
36535579823146,10:08:55.579,73.3400,1
36536625647229,10:08:56.625,73.3400,96
36536625647229,10:08:56.625,73.3400,1
36536625647229,10:08:56.625,73.3400,100
36537072369516,10:08:57.072,73.3600,60
36537582372150,10:08:57.582,73.3600,1
36541583213218,10:09:01.583,73.3600,1
36550065828940,10:09:10.065,73.3600,1
36551623263955,10:09:11.623,73.3100,100
36553157608693,10:09:13.157,73.3400,100
36553157608693,10:09:13.157,73.3500,100
36553573785293,10:09:13.573,73.3200,99
36554980418609,10:09:14.980,73.3200,2
36556732931451,10:09:16.732,73.3100,100
36556732931451,10:09:16.732,73.3100,100
36556732931451,10:09:16.732,73.3100,100
36556732931451,10:09:16.732,73.3100,23
36556732931451,10:09:16.732,73.3100,100
36556732931451,10:09:16.732,73.3100,177
36556732981867,10:09:16.732,73.3100,23
36557516958805,10:09:17.516,73.2900,100
36566690740069,10:09:26.690,73.3300,2
36576481489669,10:09:36.481,73.3400,100
36576481489669,10:09:36.481,73.3400,100
36576481489669,10:09:36.481,73.3400,100
36576481519028,10:09:36.481,73.3400,12
36578060474937,10:09:38.060,73.3500,100
36578060574847,10:09:38.060,73.3500,100
36579841180919,10:09:39.841,73.3600,100
36579841214701,10:09:39.841,73.3600,100
36579841293012,10:09:39.841,73.3600,3
36580061048189,10:09:40.061,73.3700,84
36580061131506,10:09:40.061,73.3700,13
36580061131506,10:09:40.061,73.3700,100
36580061131506,10:09:40.061,73.3700,100
36580062704882,10:09:40.062,73.3800,100
36580063205285,10:09:40.063,73.3900,100
36580063205285,10:09:40.063,73.3900,100
36580063205285,10:09:40.063,73.3900,100
36580063257806,10:09:40.063,73.4000,100
36580063875184,10:09:40.063,73.4000,100
36580063875184,10:09:40.063,73.4000,44
36580063901052,10:09:40.063,73.4000,56
36609368279876,10:10:09.368,73.3800,100
36609368310824,10:10:09.368,73.3800,1
36609368310824,10:10:09.368,73.3800,11
36630367650774,10:10:30.367,73.3500,1
36630367650774,10:10:30.367,73.3500,14
36630367650774,10:10:30.367,73.3500,50
36630367650774,10:10:30.367,73.3500,6
36630367650774,10:10:30.367,73.3500,29
36630367976105,10:10:30.367,73.3500,71
36630367976105,10:10:30.367,73.3500,100
36630367978075,10:10:30.367,73.3500,100
36640240366927,10:10:40.240,73.3400,100
36655323082102,10:10:55.323,73.3800,12
36684511674692,10:11:24.511,73.3900,100
36684511674692,10:11:24.511,73.3900,100
36684511674692,10:11:24.511,73.3900,100
36684609049375,10:11:24.609,73.3800,100
36691378365297,10:11:31.378,73.4100,100
36692363222810,10:11:32.363,73.3900,100
36692902279664,10:11:32.902,73.4200,1
36697042621137,10:11:37.042,73.4200,100
36697831550902,10:11:37.831,73.4300,100
36697831905985,10:11:37.831,73.4300,47
36697831924082,10:11:37.831,73.4300,53
36697831924082,10:11:37.831,73.4300,47
36697832059213,10:11:37.832,73.4300,21
36697832270501,10:11:37.832,73.4300,47
36697832340127,10:11:37.832,73.4300,38
36697832372907,10:11:37.832,73.4300,9
36697832379640,10:11:37.832,73.4300,38
36697839628320,10:11:37.839,73.4300,9
36697839628320,10:11:37.839,73.4300,100
36697840367583,10:11:37.840,73.4100,3
36697841357605,10:11:37.841,73.4000,100
36698461304389,10:11:38.461,73.4000,100
36698461330810,10:11:38.461,73.4000,50
36698461330810,10:11:38.461,73.4000,45
36698461664341,10:11:38.461,73.4000,100
36705453468434,10:11:45.453,73.3900,100
36705455286249,10:11:45.455,73.3700,100
36708636978569,10:11:48.636,73.3900,100
36708637009616,10:11:48.637,73.3900,100
36708691584474,10:11:48.691,73.4100,100
36708693609223,10:11:48.693,73.4100,100
36708708076946,10:11:48.708,73.3800,100
36729369162954,10:12:09.369,73.3800,100
36729369162954,10:12:09.369,73.3800,12
36729369162954,10:12:09.369,73.3800,88
36729407271632,10:12:09.407,73.3700,100
36730274064387,10:12:10.274,73.3800,1
36730274064387,10:12:10.274,73.3800,99
36730520186325,10:12:10.520,73.3800,1
36730520186325,10:12:10.520,73.3800,100
36730520759697,10:12:10.520,73.3700,100
36730520786757,10:12:10.520,73.3700,100
36730520786757,10:12:10.520,73.3700,100
36757311490132,10:12:37.311,73.3500,100
36770549853405,10:12:50.549,73.3500,1
36770549853405,10:12:50.549,73.3500,100
36777008697407,10:12:57.008,73.3700,11
36781478356510,10:13:01.478,73.3500,100
36781478356510,10:13:01.478,73.3500,100
36781483236383,10:13:01.483,73.3700,76
36781483262463,10:13:01.483,73.3700,24
36781483262463,10:13:01.483,73.3700,100
36781483262463,10:13:01.483,73.3700,100
36781483311957,10:13:01.483,73.3700,100
36781483311957,10:13:01.483,73.3700,100
36787064852957,10:13:07.064,73.3600,100
36787064859596,10:13:07.064,73.3600,1
36787064859596,10:13:07.064,73.3600,99
36787064881017,10:13:07.064,73.3600,1
36787065666403,10:13:07.065,73.3500,1
36787070336770,10:13:07.070,73.3300,100
36787116933283,10:13:07.116,73.3100,100
36787216294533,10:13:07.216,73.3100,100
36847169376779,10:14:07.169,73.3200,9
36874862453055,10:14:34.862,73.3200,91
36874862453055,10:14:34.862,73.3400,51
36874862547054,10:14:34.862,73.3400,49
36874862547054,10:14:34.862,73.3400,51
36874862573266,10:14:34.862,73.3400,49
36874862578328,10:14:34.862,73.3400,49
36874862627256,10:14:34.862,73.3400,100
36874862670344,10:14:34.862,73.3400,51
36874862670344,10:14:34.862,73.3400,49
36874863396047,10:14:34.863,73.3400,100
36874863978964,10:14:34.863,73.3400,51
36874868274263,10:14:34.868,73.3400,49
36875442989195,10:14:35.442,73.3400,100
36875444752287,10:14:35.444,73.3500,100
36875444915629,10:14:35.444,73.3500,100
36875444915629,10:14:35.444,73.3500,100
36875446547776,10:14:35.446,73.3600,100
36875447888501,10:14:35.447,73.3800,100
36875447888501,10:14:35.447,73.3800,100
36890674304354,10:14:50.674,73.3800,100
36890674304354,10:14:50.674,73.3800,3
36890674304354,10:14:50.674,73.3800,97
36890674327547,10:14:50.674,73.3800,3
36897170367016,10:14:57.170,73.4200,2
36908140697711,10:15:08.140,73.4200,100
36930995950557,10:15:30.995,73.3800,1
36930995950557,10:15:30.995,73.3800,100
36930995950557,10:15:30.995,73.3800,13
36930995950557,10:15:30.995,73.3800,86
36930995958552,10:15:30.995,73.3800,114
36930995958552,10:15:30.995,73.3800,5
36930996217560,10:15:30.996,73.3700,10
36930996701855,10:15:30.996,73.3800,100
36931302077941,10:15:31.302,73.3900,100
36931302077941,10:15:31.302,73.3900,37
36939548600419,10:15:39.548,73.3900,100
36943509064398,10:15:43.509,73.4200,100
36943509064398,10:15:43.509,73.4200,100
36944065803797,10:15:44.065,73.4200,100
36944067514790,10:15:44.067,73.4300,100
36944067514790,10:15:44.067,73.4300,100
36944068293317,10:15:44.068,73.4400,100
36944140166901,10:15:44.140,73.4500,100
36944140240860,10:15:44.140,73.4500,100
36944140311923,10:15:44.140,73.4600,100
36945533336208,10:15:45.533,73.4500,38
36945533336208,10:15:45.533,73.4500,100
36945533917112,10:15:45.533,73.4300,100
36945534630592,10:15:45.534,73.4200,32
36945534630592,10:15:45.534,73.4200,200
36945681704185,10:15:45.681,73.4100,130
36946570380380,10:15:46.570,73.4100,100
36950088725814,10:15:50.088,73.4100,100
36956928792033,10:15:56.928,73.4100,100
36968787981605,10:16:08.787,73.4600,82
36968788083732,10:16:08.788,73.4600,8
36976614651834,10:16:16.614,73.4600,10
36976614651834,10:16:16.614,73.4600,90
36976614661669,10:16:16.614,73.4600,10
37003718905552,10:16:43.718,73.4800,100
37003718905552,10:16:43.718,73.4800,100
37003718905552,10:16:43.718,73.4800,100
37003719403968,10:16:43.719,73.4800,100
37013971277348,10:16:53.971,73.4600,11
37013971277348,10:16:53.971,73.4600,21
37013971277348,10:16:53.971,73.4600,100
37013971740034,10:16:53.971,73.4600,100
37032871643850,10:17:12.871,73.4400,3
37032871946023,10:17:12.871,73.4300,100
37032989932207,10:17:12.989,73.4400,100
37039164472812,10:17:19.164,73.4300,1
37061272425322,10:17:41.272,73.4500,100
37061272425322,10:17:41.272,73.4500,100
37061272455535,10:17:41.272,73.4500,100
37061272524961,10:17:41.272,73.4500,100
37064540448007,10:17:44.540,73.4400,100
37064552425074,10:17:44.552,73.4500,100
37064556463257,10:17:44.556,73.4400,100
37072244075067,10:17:52.244,73.4600,100
37075527134545,10:17:55.527,73.4800,100
37075527134545,10:17:55.527,73.4800,100
37087341612730,10:18:07.341,73.4700,34
37087341612730,10:18:07.341,73.4700,66
37087341726433,10:18:07.341,73.4700,34
37087341726433,10:18:07.341,73.4700,101
37087341726433,10:18:07.341,73.4700,100
37087341726433,10:18:07.341,73.4700,1
37087342279850,10:18:07.342,73.4600,11
37089368623627,10:18:09.368,73.4300,100
37089368623627,10:18:09.368,73.4300,100
37092397189826,10:18:12.397,73.4300,1
37124623025119,10:18:44.623,73.4200,100
37124623025119,10:18:44.623,73.4200,100
37124623025119,10:18:44.623,73.4200,100
37124623025119,10:18:44.623,73.4200,100
37124623025119,10:18:44.623,73.4200,1
37124623025119,10:18:44.623,73.4200,100
37124623190313,10:18:44.623,73.4100,100
37124623190313,10:18:44.623,73.4100,99
37147368197137,10:19:07.368,73.4100,100
37147368197137,10:19:07.368,73.4100,100
37147368197137,10:19:07.368,73.4100,100
37147369377666,10:19:07.369,73.4100,10
37147800591704,10:19:07.800,73.3900,100
37147800591704,10:19:07.800,73.3900,10
37150368019277,10:19:10.368,73.3700,100
37151705236166,10:19:11.705,73.3700,200
37180157914816,10:19:40.157,73.3700,1
37194494113576,10:19:54.494,73.4000,100
37194494113576,10:19:54.494,73.4000,100
37194494162131,10:19:54.494,73.4000,60
37194494182969,10:19:54.494,73.4000,40
37194540624296,10:19:54.540,73.4100,100
37195196561295,10:19:55.196,73.4200,100
37195196585806,10:19:55.196,73.4200,100
37195196587262,10:19:55.196,73.4200,100
37195197882325,10:19:55.197,73.4200,100
37196071678113,10:19:56.071,73.4100,10
37196071678113,10:19:56.071,73.4100,34
37201496386221,10:20:01.496,73.4100,100
37208126887508,10:20:08.126,73.4000,100
37208126887508,10:20:08.126,73.4000,12
37217674885797,10:20:17.674,73.4300,100
37217674927177,10:20:17.674,73.4300,100
37217731984082,10:20:17.731,73.4300,90
37219716692712,10:20:19.716,73.4100,4
37219716692712,10:20:19.716,73.4100,96
37219716719045,10:20:19.716,73.4100,4
37219716756855,10:20:19.716,73.4100,4
37234003489661,10:20:34.003,73.4300,10
37234003489661,10:20:34.003,73.4300,100
37234003489661,10:20:34.003,73.4300,100
37234003496932,10:20:34.003,73.4300,100
37242113148513,10:20:42.113,73.4400,100
37242113148513,10:20:42.113,73.4400,300
37242113148513,10:20:42.113,73.4400,100
37242113149554,10:20:42.113,73.4400,500
37242113181613,10:20:42.113,73.4400,100
37242131218862,10:20:42.131,73.4400,2
37314594221863,10:21:54.594,73.4400,100
37314594221863,10:21:54.594,73.4400,100
37314594221863,10:21:54.594,73.4400,2
37314594221863,10:21:54.594,73.4400,36
37314594221863,10:21:54.594,73.4400,100
37329368498915,10:22:09.368,73.4300,1
37329368498915,10:22:09.368,73.4300,100
37329368498915,10:22:09.368,73.4300,12
37330547839538,10:22:10.547,73.4200,100
37330547864024,10:22:10.547,73.4200,100
37348387845310,10:22:28.387,73.4400,100
37373868313181,10:22:53.868,73.4300,5
37402223054756,10:23:22.223,73.4500,100
37402223054756,10:23:22.223,73.4500,100
37402223054756,10:23:22.223,73.4500,100
37402223054756,10:23:22.223,73.4500,100
37402223054756,10:23:22.223,73.4500,100
37402223088971,10:23:22.223,73.4500,100
37402223106174,10:23:22.223,73.4500,21
37402223133526,10:23:22.223,73.4500,79
37408233057452,10:23:28.233,73.4600,67
37408320084783,10:23:28.320,73.4600,33
37408320084783,10:23:28.320,73.4600,67
37410968139227,10:23:30.968,73.4400,3
37410968139227,10:23:30.968,73.4400,97
37413931988373,10:23:33.931,73.4600,33
37413932719411,10:23:33.932,73.4700,100
37413933500430,10:23:33.933,73.4800,100
37416708565111,10:23:36.708,73.4900,100
37416708565111,10:23:36.708,73.4900,100
37416709782506,10:23:36.709,73.4900,100
37417390158014,10:23:37.390,73.5100,100
37423196178135,10:23:43.196,73.5200,100
37423196178135,10:23:43.196,73.5200,100
37423196178135,10:23:43.196,73.5200,100
37423196469211,10:23:43.196,73.5200,100
37426754776134,10:23:46.754,73.5100,100
37426754776134,10:23:46.754,73.5100,31
37494907180923,10:24:54.907,73.5000,100
37509178792572,10:25:09.178,73.5000,69
37509178792572,10:25:09.178,73.5000,231
37509182700185,10:25:09.182,73.5000,100
37511259188715,10:25:11.259,73.5000,69
37511259188715,10:25:11.259,73.5200,31
37511259215917,10:25:11.259,73.5200,69
37511259215917,10:25:11.259,73.5200,100
37511259215917,10:25:11.259,73.5200,100
37511259262462,10:25:11.259,73.5200,5
37511259407660,10:25:11.259,73.5200,95
37511894132146,10:25:11.894,73.5200,100
37514591318517,10:25:14.591,73.5200,100
37514591318517,10:25:14.591,73.5200,100
37514591318517,10:25:14.591,73.5200,100
37514591367068,10:25:14.591,73.5200,100
37514591367068,10:25:14.591,73.5200,100
37514595660541,10:25:14.595,73.5400,100
37527285569421,10:25:27.285,73.5400,100
37527286212068,10:25:27.286,73.5400,100
37561470481505,10:26:01.470,73.6100,4
37563952224653,10:26:03.952,73.6100,100
37569417765137,10:26:09.417,73.6100,90
37569417766686,10:26:09.417,73.6100,4
37569417766686,10:26:09.417,73.6100,100
37569427223013,10:26:09.427,73.6100,66
37605534377443,10:26:45.534,73.6400,100
37605534377443,10:26:45.534,73.6400,8
37605621183692,10:26:45.621,73.6200,100
37605621183692,10:26:45.621,73.6200,100
37605621183692,10:26:45.621,73.6200,31
37605629704806,10:26:45.629,73.6300,100
37608165032937,10:26:48.165,73.6400,200
37608303629044,10:26:48.303,73.6200,64
37641368293609,10:27:21.368,73.6200,100
37641368293609,10:27:21.368,73.6200,1
37644883705959,10:27:24.883,73.6100,200
37644883705959,10:27:24.883,73.6100,100
37644884387310,10:27:24.884,73.6000,100
37644884387310,10:27:24.884,73.6000,11
37644884438972,10:27:24.884,73.6000,5
37670141429972,10:27:50.141,73.6100,97
37674844870422,10:27:54.844,73.6100,1
37687866500160,10:28:07.866,73.6000,80
37687866566822,10:28:07.866,73.6000,100
37687866566822,10:28:07.866,73.5900,40
37703552275446,10:28:23.552,73.6300,100
37703552275446,10:28:23.552,73.6300,100
37703553264091,10:28:23.553,73.6300,100
37705380978861,10:28:25.380,73.6400,100
37705380978861,10:28:25.380,73.6400,100
37709158470436,10:28:29.158,73.6400,100
37737160260525,10:28:57.160,73.6500,20
37737160288166,10:28:57.160,73.6500,80
37737160288166,10:28:57.160,73.6500,100
37737160288166,10:28:57.160,73.6500,100
37737160459138,10:28:57.160,73.6500,100
37739189735592,10:28:59.189,73.6700,100
37743018033408,10:29:03.018,73.7100,100
37746539795732,10:29:06.539,73.7200,100
37750023836880,10:29:10.023,73.7000,10
37808759006384,10:30:08.759,73.7400,100
37825108293229,10:30:25.108,73.7400,100
37825108293229,10:30:25.108,73.7400,100
37825108293229,10:30:25.108,73.7400,100
37825108411834,10:30:25.108,73.7400,100
37825110048456,10:30:25.110,73.7600,200
37825111028907,10:30:25.111,73.7700,100
37827404552614,10:30:27.404,73.8000,100
37832614169157,10:30:32.614,73.8000,100
37832614169157,10:30:32.614,73.8000,300
37832614511605,10:30:32.614,73.7900,100
37832614511605,10:30:32.614,73.7900,100
37832614511605,10:30:32.614,73.7900,100
37832614511605,10:30:32.614,73.7900,100
37832615003497,10:30:32.615,73.7800,100
37832620127855,10:30:32.620,73.7800,100
37832708422542,10:30:32.708,73.8000,100
37836380318642,10:30:36.380,73.8100,100
37851350756346,10:30:51.350,73.8100,7
37851351104188,10:30:51.351,73.8100,100
37855305929304,10:30:55.305,73.8300,100
37856034667981,10:30:56.034,73.8200,100
37866681503904,10:31:06.681,73.8400,100
37866681503904,10:31:06.681,73.8400,100
37866681503904,10:31:06.681,73.8400,5
37867569091436,10:31:07.569,73.8800,100
37871086033923,10:31:11.086,73.8700,100
37871135972692,10:31:11.135,73.8700,100
37871216850183,10:31:11.216,73.8500,1
37871216850183,10:31:11.216,73.8500,11
37871216850183,10:31:11.216,73.8400,100
37871220309682,10:31:11.220,73.8400,10
37871882025023,10:31:11.882,73.8300,56
37871882025023,10:31:11.882,73.8300,100
37876850004355,10:31:16.850,73.8200,10
37876850004355,10:31:16.850,73.8200,24
37876850606498,10:31:16.850,73.8100,100
37876850606498,10:31:16.850,73.8100,100
37880100425691,10:31:20.100,73.8000,100
37880100425691,10:31:20.100,73.8000,100
37880100453253,10:31:20.100,73.8000,100
37900698717582,10:31:40.698,73.7800,100
37903832634846,10:31:43.832,73.7700,100
37903832634846,10:31:43.832,73.7700,1
37903862718335,10:31:43.862,73.7600,100
37921809195789,10:32:01.809,73.7300,100
37921809195789,10:32:01.809,73.7300,21
37921809197119,10:32:01.809,73.7300,79
37921809197119,10:32:01.809,73.7300,100
37921809197119,10:32:01.809,73.7300,1
37921809197119,10:32:01.809,73.7300,20
37921809386920,10:32:01.809,73.7300,9
37921810088265,10:32:01.810,73.7200,200
37921810088265,10:32:01.810,73.7200,100
37921810088265,10:32:01.810,73.7200,100
37936817053907,10:32:16.817,73.6800,2
37947666375463,10:32:27.666,73.7200,100
37947666375463,10:32:27.666,73.7200,200
37947666375463,10:32:27.666,73.7200,126
37947666400033,10:32:27.666,73.7200,74
37949555599366,10:32:29.555,73.7500,100
37949555679845,10:32:29.555,73.7500,100
37954324247324,10:32:34.324,73.7300,9
37954324247324,10:32:34.324,73.7300,1
37965425283773,10:32:45.425,73.7500,100
37965425283773,10:32:45.425,73.7500,54
37965425289075,10:32:45.425,73.7500,46
37965425289075,10:32:45.425,73.7500,21
37965425303867,10:32:45.425,73.7500,66
37965425316457,10:32:45.425,73.7500,13
37965425316457,10:32:45.425,73.7500,100
37965425316457,10:32:45.425,73.7500,33
37965425359071,10:32:45.425,73.7500,67
37965428771528,10:32:45.428,73.7600,100
37982605056022,10:33:02.605,73.7600,100
37982605056022,10:33:02.605,73.7600,1
37982605056022,10:33:02.605,73.7600,100
37982605056022,10:33:02.605,73.7600,100
37982605522482,10:33:02.605,73.7500,10
37982605522482,10:33:02.605,73.7500,100
37989368846384,10:33:09.368,73.7400,100
37989368846384,10:33:09.368,73.7400,100
37989369010112,10:33:09.369,73.7400,1
37989369948641,10:33:09.369,73.7200,100
37989369948641,10:33:09.369,73.7200,100
37989369948641,10:33:09.369,73.7200,100
37989369948641,10:33:09.369,73.7200,100
37989369948641,10:33:09.369,73.7200,89
37989369956178,10:33:09.369,73.7200,11
37989369956178,10:33:09.369,73.7200,89
37995359557999,10:33:15.359,73.7200,100
37995373201106,10:33:15.373,73.7200,11
37995373201106,10:33:15.373,73.7200,184
37995373201106,10:33:15.373,73.7200,1
37995536094478,10:33:15.536,73.7200,100
38006579385615,10:33:26.579,73.7000,100
38006579385615,10:33:26.579,73.7000,100
38026759194332,10:33:46.759,73.6900,100
38026759564001,10:33:46.759,73.6800,100
38026759564001,10:33:46.759,73.6800,94
38026759594264,10:33:46.759,73.6800,6
38026914561910,10:33:46.914,73.6900,1
38035368134683,10:33:55.368,73.6500,21
38035368134683,10:33:55.368,73.6500,79
38035368164369,10:33:55.368,73.6500,21
38035368164369,10:33:55.368,73.6500,100
38040368547228,10:34:00.368,73.6500,100
38052267052774,10:34:12.267,73.6500,33
38052267052774,10:34:12.267,73.6500,1
38052268140885,10:34:12.268,73.6400,11
38068368666901,10:34:28.368,73.6300,100
38076396783314,10:34:36.396,73.6300,1
38076396794796,10:34:36.396,73.6300,99
38076396794796,10:34:36.396,73.6300,1
38089988195226,10:34:49.988,73.6300,35
38107342933531,10:35:07.342,73.6600,100
38107342933531,10:35:07.342,73.6600,100
38107342933531,10:35:07.342,73.6600,20
38107342933531,10:35:07.342,73.6600,80
38107342963166,10:35:07.342,73.6600,20
38107342965202,10:35:07.342,73.6600,20
38107342975907,10:35:07.342,73.6600,20
38107342977585,10:35:07.342,73.6600,134
38107342986418,10:35:07.342,73.6600,20
38107342994329,10:35:07.342,73.6600,6
38107342994329,10:35:07.342,73.6600,94
38107343004121,10:35:07.343,73.6600,6
38107343004121,10:35:07.343,73.6600,14
38107343604063,10:35:07.343,73.6600,86
38107343604063,10:35:07.343,73.6600,14
38107344915899,10:35:07.344,73.6600,80
38107344917282,10:35:07.344,73.6600,6
38107344917282,10:35:07.344,73.6600,80
38107344923597,10:35:07.344,73.6600,20
38107344923597,10:35:07.344,73.6600,80
38107346155988,10:35:07.346,73.6600,20
38115533844255,10:35:15.533,73.6500,1
38115534348196,10:35:15.534,73.6400,100
38154285678738,10:35:54.285,73.6500,100
38157054636618,10:35:57.054,73.6500,30
38157054661818,10:35:57.054,73.6500,6
38162416721715,10:36:02.416,73.6500,202
38162416803149,10:36:02.416,73.6500,202
38162416807319,10:36:02.416,73.6500,100
38162416866404,10:36:02.416,73.6500,196
38162416866404,10:36:02.416,73.6600,6
38162437464012,10:36:02.437,73.6500,100
38162437488782,10:36:02.437,73.6500,100
38162438907366,10:36:02.438,73.6600,94
38162442984632,10:36:02.442,73.6600,100
38163570990663,10:36:03.570,73.6500,100
38163570990663,10:36:03.570,73.6500,1
38163570990663,10:36:03.570,73.6500,12
38164322891313,10:36:04.322,73.6500,2
38164322891313,10:36:04.322,73.6500,98
38164322921473,10:36:04.322,73.6500,2
38165712702496,10:36:05.712,73.6300,35
38165712702496,10:36:05.712,73.6300,100
38174454498574,10:36:14.454,73.6400,100
38174454498574,10:36:14.454,73.6400,100
38174454498574,10:36:14.454,73.6400,100
38230462803936,10:37:10.462,73.6400,100
38230462803936,10:37:10.462,73.6400,100
38230462803936,10:37:10.462,73.6400,2
38230465216854,10:37:10.465,73.6200,100
38230782009322,10:37:10.782,73.6300,100
38234785937083,10:37:14.785,73.6100,100
38237698342729,10:37:17.698,73.5900,100
38237698342729,10:37:17.698,73.5900,8
38237698342729,10:37:17.698,73.5900,92
38238293240843,10:37:18.293,73.5900,34
38256026467133,10:37:36.026,73.5800,1
38256026467133,10:37:36.026,73.5800,10
38268188028458,10:37:48.188,73.5800,100
38289368827825,10:38:09.368,73.5700,200
38289368827825,10:38:09.368,73.5600,77
38298342481615,10:38:18.342,73.6000,15
38298350648871,10:38:18.350,73.6000,85
38298350648871,10:38:18.350,73.6000,100
38303392432914,10:38:23.392,73.5800,100
38303392432914,10:38:23.392,73.5800,100
38304706022553,10:38:24.706,73.5800,100
38312671309170,10:38:32.671,73.6100,100
38312671317928,10:38:32.671,73.6100,100
38312671403617,10:38:32.671,73.6100,100
38313368247934,10:38:33.368,73.5800,34
38313368247934,10:38:33.368,73.5800,1
38313368247934,10:38:33.368,73.5800,65
38316893688157,10:38:36.893,73.6000,100
38316894143427,10:38:36.894,73.6000,100
38322368657283,10:38:42.368,73.6000,100
38322368682843,10:38:42.368,73.6000,100
38322368682843,10:38:42.368,73.6000,1
38324915114625,10:38:44.915,73.5900,100
38324915114625,10:38:44.915,73.5900,12
38337362979089,10:38:57.362,73.6000,78
38342721613855,10:39:02.721,73.6000,100
38342721613855,10:39:02.721,73.6000,100
38342721613855,10:39:02.721,73.6000,100
38342721613855,10:39:02.721,73.6000,100
38342722572973,10:39:02.722,73.6000,34
38342722574377,10:39:02.722,73.6000,66
38344569756982,10:39:04.569,73.6000,100
38344569782015,10:39:04.569,73.6000,100
38344570460425,10:39:04.570,73.5900,100
38346981326134,10:39:06.981,73.5800,100
38346981326134,10:39:06.981,73.5800,1
38350370881673,10:39:10.370,73.5700,100
38350370906448,10:39:10.370,73.5700,100
38358479836472,10:39:18.479,73.5700,100
38360467362159,10:39:20.467,73.5600,100
38360467362159,10:39:20.467,73.5600,100
38360467362159,10:39:20.467,73.5600,42
38360571670335,10:39:20.571,73.5500,100
38382365241794,10:39:42.365,73.5200,23
38382365241794,10:39:42.365,73.5100,77
38382378224315,10:39:42.378,73.5400,100
38382378298073,10:39:42.378,73.5200,100
38382593067883,10:39:42.593,73.5200,100
38389008249038,10:39:49.008,73.5500,100
38389008249038,10:39:49.008,73.5500,100
38389008249038,10:39:49.008,73.5500,100
38389008344797,10:39:49.008,73.5500,100
38401893703095,10:40:01.893,73.5500,100
38401893732760,10:40:01.893,73.5500,100
38401893744769,10:40:01.893,73.5500,20
38401893808595,10:40:01.893,73.5500,80
38401893808595,10:40:01.893,73.5500,20
38401894519458,10:40:01.894,73.5500,100
38402160608956,10:40:02.160,73.5400,1
38409368579905,10:40:09.368,73.5300,100
38435777657936,10:40:35.777,73.5400,100
38435777657936,10:40:35.777,73.5400,1
38436898239981,10:40:36.898,73.5400,100
38450093939164,10:40:50.093,73.5400,100
38450093939164,10:40:50.093,73.5400,100
38451310695836,10:40:51.310,73.5400,100
38451310720578,10:40:51.310,73.5400,100
38452063224853,10:40:52.063,73.5600,300
38452063248658,10:40:52.063,73.5600,100
38452063280248,10:40:52.063,73.5600,100
38452063530937,10:40:52.063,73.5600,17
38452063801146,10:40:52.063,73.5600,283
38452207140369,10:40:52.207,73.5800,100
38469369188823,10:41:09.369,73.6000,100
38509120548788,10:41:49.120,73.6000,100
38509120595054,10:41:49.120,73.6000,100
38509120597701,10:41:49.120,73.6000,100
38509120616313,10:41:49.120,73.6000,100
38509120683306,10:41:49.120,73.6000,128
38509120823180,10:41:49.120,73.6000,164
38509120834671,10:41:49.120,73.6000,132
38509120859671,10:41:49.120,73.6000,66
38509120909501,10:41:49.120,73.6000,10
38509120909501,10:41:49.120,73.6000,100
38509120909501,10:41:49.120,73.6000,2
38521128806271,10:42:01.128,73.6400,100
38521128806271,10:42:01.128,73.6400,100
38521128806271,10:42:01.128,73.6400,19
38521128806271,10:42:01.128,73.6400,100
38521128820815,10:42:01.128,73.6400,100
38521128820815,10:42:01.128,73.6400,100
38521128820815,10:42:01.128,73.6400,100
38521128820815,10:42:01.128,73.6400,19
38521128846595,10:42:01.128,73.6400,81
38521128846595,10:42:01.128,73.6400,100
38521329669240,10:42:01.329,73.6400,5
38531148248446,10:42:11.148,73.6500,100
38531148248446,10:42:11.148,73.6500,100
38531148699749,10:42:11.148,73.6500,100
38531148705554,10:42:11.148,73.6500,100
38531148712479,10:42:11.148,73.6500,100
38545016458806,10:42:25.016,73.6500,1
38562157251787,10:42:42.157,73.6700,100
38562157251787,10:42:42.157,73.6700,100
38562157278132,10:42:42.157,73.6700,12
38562157278132,10:42:42.157,73.6700,100
38562166509997,10:42:42.166,73.6700,2
38562367990123,10:42:42.367,73.6400,100
38605465015311,10:43:25.465,73.6800,100
38605465015311,10:43:25.465,73.6800,100
38605465051902,10:43:25.465,73.6800,100
38605465051902,10:43:25.465,73.6800,100
38605646842108,10:43:25.646,73.6700,2
38637671751870,10:43:57.671,73.6700,23
38637671761220,10:43:57.671,73.6700,32
38637671795408,10:43:57.671,73.6700,45
38638572564134,10:43:58.572,73.6900,100
38638572564134,10:43:58.572,73.6900,200
38638572564134,10:43:58.572,73.6900,100
38641743049294,10:44:01.743,73.7000,100
38641743049294,10:44:01.743,73.7000,17
38642904271262,10:44:02.904,73.7000,83
38642905461321,10:44:02.905,73.7000,100
38647312506179,10:44:07.312,73.7300,100
38647312506179,10:44:07.312,73.7300,100
38657472305602,10:44:17.472,73.7700,100
38657476626079,10:44:17.476,73.7800,100
38657477365958,10:44:17.477,73.7800,100
38669035162666,10:44:29.035,73.8100,100
38672510910346,10:44:32.510,73.8100,100
38672510910346,10:44:32.510,73.8100,100
38672510937851,10:44:32.510,73.8100,2
38673466528123,10:44:33.466,73.8000,2
38673466528123,10:44:33.466,73.7900,100
38673466528123,10:44:33.466,73.7900,10
38673466558807,10:44:33.466,73.7900,2
38693970462613,10:44:53.970,73.8100,2
38693970488270,10:44:53.970,73.8100,98
38693970504100,10:44:53.970,73.8100,17
38693970521218,10:44:53.970,73.8100,83
38739700210305,10:45:39.700,73.7900,1
38747077888113,10:45:47.077,73.7800,100
38747077888113,10:45:47.077,73.7800,100
38747078730222,10:45:47.078,73.7700,100
38747078730222,10:45:47.078,73.7700,100
38747078730222,10:45:47.078,73.7700,1
38758137436392,10:45:58.137,73.7700,100
38770801167388,10:46:10.801,73.7700,7
38812449279225,10:46:52.449,73.7500,92
38812449281866,10:46:52.449,73.7500,8
38812449281866,10:46:52.449,73.7500,59
38812449306433,10:46:52.449,73.7500,41
38812449306433,10:46:52.449,73.7500,100
38812449306433,10:46:52.449,73.7500,100
38812449306433,10:46:52.449,73.7500,100
38812449306433,10:46:52.449,73.7500,1
38812450121558,10:46:52.450,73.7400,100
38812714603983,10:46:52.714,73.7300,54
38812906107105,10:46:52.906,73.7300,46
38817367595281,10:46:57.367,73.7000,100
38822323025199,10:47:02.323,73.7000,1
38823000894859,10:47:03.000,73.6900,24
38823000894859,10:47:03.000,73.6900,1
38827404961324,10:47:07.404,73.6600,100
38827404961324,10:47:07.404,73.6600,100
38827404961324,10:47:07.404,73.6600,100
38833456025256,10:47:13.456,73.6400,100
38875567072943,10:47:55.567,73.6400,100
38875567072943,10:47:55.567,73.6400,100
38875567460672,10:47:55.567,73.6400,1
38875567460672,10:47:55.567,73.6400,100
38875567984532,10:47:55.567,73.6400,100
38875677104255,10:47:55.677,73.6300,100
38892279197279,10:48:12.279,73.6100,100
38917810619200,10:48:37.810,73.6400,100
38917810619200,10:48:37.810,73.6400,100
38917811220408,10:48:37.811,73.6500,17
38917811801835,10:48:37.811,73.6500,183
38919384848166,10:48:39.384,73.6500,193
38919863269245,10:48:39.863,73.6500,100
38919863269245,10:48:39.863,73.6500,63
38919863269245,10:48:39.863,73.6500,100
38919875930836,10:48:39.875,73.6600,100
38931536281255,10:48:51.536,73.6400,1
38931536281255,10:48:51.536,73.6400,100
38949369318515,10:49:09.369,73.6200,1
38949369318515,10:49:09.369,73.6200,7
38970367641841,10:49:30.367,73.6200,100
38970367709028,10:49:30.367,73.6200,1
38991743638730,10:49:51.743,73.6100,100
39009861036242,10:50:09.861,73.6300,200
39009861036242,10:50:09.861,73.6400,100
39009861036242,10:50:09.861,73.6400,100
39009861036242,10:50:09.861,73.6400,100
39009861036242,10:50:09.861,73.6400,100
39009861036242,10:50:09.861,73.6400,100
39009861366219,10:50:09.861,73.6400,100
39011889558506,10:50:11.889,73.6600,100
39011889613715,10:50:11.889,73.6600,100
39012078105742,10:50:12.078,73.6600,100
39012078105742,10:50:12.078,73.6600,100
39012078212798,10:50:12.078,73.6600,100
39012078212798,10:50:12.078,73.6600,100
39012078402744,10:50:12.078,73.6600,100
39012078490285,10:50:12.078,73.6600,100
39012331689951,10:50:12.331,73.6600,100
39012331689951,10:50:12.331,73.6600,6
39012331741882,10:50:12.331,73.6600,94
39012331741882,10:50:12.331,73.6600,6
39015274546692,10:50:15.274,73.6700,100
39015274546692,10:50:15.274,73.6700,100
39015274620777,10:50:15.274,73.6700,100
39015274620777,10:50:15.274,73.6700,100
39015275117297,10:50:15.275,73.6700,100
39017574355475,10:50:17.574,73.6600,100
39017574355475,10:50:17.574,73.6600,1
39017574736222,10:50:17.574,73.6500,100
39019902068105,10:50:19.902,73.6400,200
39023939597097,10:50:23.939,73.6300,14
39023939597097,10:50:23.939,73.6300,100
39028423652641,10:50:28.423,73.6200,100
39039356049540,10:50:39.356,73.6200,100
39039571593706,10:50:39.571,73.6200,1
39039810834612,10:50:39.810,73.6200,84
39039810900079,10:50:39.810,73.6200,4
39070021953894,10:51:10.021,73.5900,1
39070021953894,10:51:10.021,73.5900,99
39083212229756,10:51:23.212,73.6200,12
39083212229756,10:51:23.212,73.6200,88
39083212314075,10:51:23.212,73.6200,12
39083212314075,10:51:23.212,73.6200,100
39083212314075,10:51:23.212,73.6200,8
39083212657546,10:51:23.212,73.6200,92
39083212657546,10:51:23.212,73.6200,100
39084809985002,10:51:24.809,73.6300,100
39087368481012,10:51:27.368,73.6100,100
39087368481012,10:51:27.368,73.6100,1
39125500286553,10:52:05.500,73.6000,1
39125500286553,10:52:05.500,73.6000,100
39125500286553,10:52:05.500,73.6000,100
39125500286553,10:52:05.500,73.6000,14
39125602817263,10:52:05.602,73.5900,100
39125603244366,10:52:05.603,73.5900,100
39125603687881,10:52:05.603,73.5900,100
39125603736625,10:52:05.603,73.5800,100
39130752923266,10:52:10.752,73.5700,1
39130754776061,10:52:10.754,73.5700,98
39130754926946,10:52:10.754,73.5700,2
39146269215635,10:52:26.269,73.5900,100
39146269215635,10:52:26.269,73.5900,100
39146269215635,10:52:26.269,73.5900,100
39146269216964,10:52:26.269,73.5900,151
39146269217742,10:52:26.269,73.5900,49
39180649612508,10:53:00.649,73.5700,100
39180649612508,10:53:00.649,73.5700,100
39180649612508,10:53:00.649,73.5700,100
39180649612508,10:53:00.649,73.5700,100
39180649612508,10:53:00.649,73.5700,1
39180651319143,10:53:00.651,73.5600,14
39189368668291,10:53:09.368,73.5500,159
39189368668291,10:53:09.368,73.5500,41
39189368698687,10:53:09.368,73.5500,59
39234484571023,10:53:54.484,73.5300,5
39234869466112,10:53:54.869,73.5400,100
39234869466112,10:53:54.869,73.5400,100
39234869466112,10:53:54.869,73.5400,100
39234869468143,10:53:54.869,73.5400,100
39234869468143,10:53:54.869,73.5400,100
39234873621523,10:53:54.873,73.5500,27
39234873645377,10:53:54.873,73.5500,73
39234874114292,10:53:54.874,73.5600,100
39235218243365,10:53:55.218,73.5600,100
39235218287814,10:53:55.218,73.5600,100
39235602066215,10:53:55.602,73.5700,100
39235602066215,10:53:55.602,73.5700,100
39235602066215,10:53:55.602,73.5700,100
39235602066215,10:53:55.602,73.5700,100
39235602243984,10:53:55.602,73.5700,100
39235602476404,10:53:55.602,73.5700,100
39236511826060,10:53:56.511,73.6000,100
39236511826060,10:53:56.511,73.6000,100
39261738662046,10:54:21.738,73.6200,100
39261738662046,10:54:21.738,73.6200,97
39261738687663,10:54:21.738,73.6200,3
39261738687663,10:54:21.738,73.6200,100
39261738767342,10:54:21.738,73.6200,100
39261738992934,10:54:21.738,73.6200,100
39261739019255,10:54:21.739,73.6200,100
39261742685651,10:54:21.742,73.6300,100
39274106612441,10:54:34.106,73.6300,3
39274106612441,10:54:34.106,73.6300,100
39308075379823,10:55:08.075,73.6500,100
39308075379823,10:55:08.075,73.6500,100
39310179419739,10:55:10.179,73.6700,100
39311614097058,10:55:11.614,73.6700,100
39316678432655,10:55:16.678,73.6700,100
39318308031061,10:55:18.308,73.6800,100
39334508165721,10:55:34.508,73.7000,100
39338500860891,10:55:38.500,73.7200,31
39338504637058,10:55:38.504,73.7200,69
39338504637058,10:55:38.504,73.7200,31
39338504700718,10:55:38.504,73.7200,69
39340372704295,10:55:40.372,73.7400,100
39380118786378,10:56:20.118,73.7300,100
39380118786378,10:56:20.118,73.7300,100
39380118786378,10:56:20.118,73.7300,2
39380118786378,10:56:20.118,73.7300,100
39380118786378,10:56:20.118,73.7300,6
39380118786378,10:56:20.118,73.7300,12
39421955728741,10:57:01.955,73.7300,100
39421955728741,10:57:01.955,73.7300,2
39421955749880,10:57:01.955,73.7300,5
39426838289543,10:57:06.838,73.7200,100
39426838316150,10:57:06.838,73.7200,40
39426838316150,10:57:06.838,73.7200,100
39426838316150,10:57:06.838,73.7200,1
39426838795516,10:57:06.838,73.7200,100
39426839794151,10:57:06.839,73.7100,100
39427019636266,10:57:07.019,73.7100,100
39427019636266,10:57:07.019,73.7100,100
39429368510972,10:57:09.368,73.6800,100
39429368510972,10:57:09.368,73.6800,100
39430668670552,10:57:10.668,73.6600,100
39430668670552,10:57:10.668,73.6600,100
39430668670552,10:57:10.668,73.6600,100
39434036137411,10:57:14.036,73.6400,100
39452710154387,10:57:32.710,73.5900,1
39452710154387,10:57:32.710,73.5900,99
39466907288799,10:57:46.907,73.5900,1
39466907288799,10:57:46.907,73.5900,99
39466907297929,10:57:46.907,73.5900,1
39477424814357,10:57:57.424,73.5700,100
39477424815136,10:57:57.424,73.5700,100
39477424847904,10:57:57.424,73.5700,200
39477424883020,10:57:57.424,73.5700,100
39477425362016,10:57:57.425,73.5700,100
39481984348088,10:58:01.984,73.5800,32
39481984391058,10:58:01.984,73.5800,68
39481984391058,10:58:01.984,73.5800,32
39481984417086,10:58:01.984,73.5800,68
39481984500121,10:58:01.984,73.5800,100
39483183068790,10:58:03.183,73.5800,100
39488179327846,10:58:08.179,73.5600,13
39488179327846,10:58:08.179,73.5600,87
39488179352943,10:58:08.179,73.5600,13
39511549159395,10:58:31.549,73.5500,100
39511549159395,10:58:31.549,73.5500,1
39511549159395,10:58:31.549,73.5500,99
39511549192721,10:58:31.549,73.5500,1
39511549192721,10:58:31.549,73.5500,97
39518248033670,10:58:38.248,73.5300,100
39518248045160,10:58:38.248,73.5300,32
39518248057704,10:58:38.248,73.5300,68
39548316553176,10:59:08.316,73.5200,56
39548316577702,10:59:08.316,73.5200,44
39548331993216,10:59:08.331,73.5200,12
39549825155213,10:59:09.825,73.5200,88
39550849826841,10:59:10.849,73.5300,100
39550849923082,10:59:10.849,73.5300,100
39555510845198,10:59:15.510,73.5300,100
39573263108557,10:59:33.263,73.5200,100
39573263108557,10:59:33.263,73.5200,2
39584663158024,10:59:44.663,73.5400,100
39584663158024,10:59:44.663,73.5400,100
39584664130381,10:59:44.664,73.5400,100
39590320234351,10:59:50.320,73.5600,32
39590320251940,10:59:50.320,73.5600,68
39593221644444,10:59:53.221,73.5500,1
39593240796707,10:59:53.240,73.5600,100
39601233237525,11:00:01.233,73.5600,100
39601233237525,11:00:01.233,73.5600,28
39601233402474,11:00:01.233,73.5600,1
39601233493780,11:00:01.233,73.5600,71
39602846033992,11:00:02.846,73.5700,100
39633088240561,11:00:33.088,73.5600,13
39633088240561,11:00:33.088,73.5600,1
39633088240561,11:00:33.088,73.5600,86
39633088259590,11:00:33.088,73.5600,14
39633088259590,11:00:33.088,73.5600,86
39633088362472,11:00:33.088,73.5600,14
39633088362472,11:00:33.088,73.5600,143
39633090169872,11:00:33.090,73.5500,100
39634818817515,11:00:34.818,73.5600,14
39634818817515,11:00:34.818,73.5700,100
39634818817515,11:00:34.818,73.5700,86
39658194877145,11:00:58.194,73.5700,14
39658194877145,11:00:58.194,73.5700,1
39662823785564,11:01:02.823,73.5700,100
39662824049287,11:01:02.824,73.5700,100
39662826130763,11:01:02.826,73.5700,100
39662941798861,11:01:02.941,73.5800,100
39663390619848,11:01:03.390,73.6000,68
39663392370698,11:01:03.392,73.6000,32
39663393346971,11:01:03.393,73.6100,14
39663393536256,11:01:03.393,73.6100,14
39663441180317,11:01:03.441,73.6100,72
39663463531863,11:01:03.463,73.6500,100
39663463531863,11:01:03.463,73.6500,100
39663469918292,11:01:03.469,73.6600,100
39663816417199,11:01:03.816,73.6700,1
39663816417199,11:01:03.816,73.6600,99
39663816442935,11:01:03.816,73.6600,1
39664238074562,11:01:04.238,73.6600,100
39664668072955,11:01:04.668,73.6700,5
39665475302022,11:01:05.475,73.6800,100
39666850495934,11:01:06.850,73.6600,100
39667401805182,11:01:07.401,73.6300,100
39667434406492,11:01:07.434,73.6300,100
39671701409717,11:01:11.701,73.6300,100
39684232962795,11:01:24.232,73.6400,100
39684245572909,11:01:24.245,73.6400,100
39720005827944,11:02:00.005,73.6400,100
39720006201608,11:02:00.006,73.6400,100
39720006561673,11:02:00.006,73.6400,100
39723503648937,11:02:03.503,73.6600,62
39724847596303,11:02:04.847,73.6600,2
39726302132480,11:02:06.302,73.6600,36
39726302132480,11:02:06.302,73.6600,25
39726302145713,11:02:06.302,73.6600,63
39726302176489,11:02:06.302,73.6600,12
39726302176489,11:02:06.302,73.6600,63
39726302178510,11:02:06.302,73.6600,37
39726302178510,11:02:06.302,73.6600,38
39726302339360,11:02:06.302,73.6600,62
39726302393625,11:02:06.302,73.6600,38
39754137583140,11:02:34.137,73.7200,100
39754137585623,11:02:34.137,73.7200,100
39754137585623,11:02:34.137,73.7200,100
39754137585623,11:02:34.137,73.7200,49
39754137594267,11:02:34.137,73.7200,51
39754137594267,11:02:34.137,73.7200,4
39754137594267,11:02:34.137,73.7200,6
39758249567747,11:02:38.249,73.7200,100
39758249567747,11:02:38.249,73.7200,100
39788388150953,11:03:08.388,73.7200,2
39788388150953,11:03:08.388,73.7100,100
39788388150953,11:03:08.388,73.7100,1
39788388150953,11:03:08.388,73.7100,98
39788388183884,11:03:08.388,73.7100,2
39788389244289,11:03:08.389,73.7000,200
39788389244289,11:03:08.389,73.7000,53
39788389284574,11:03:08.389,73.7000,9
39788389285180,11:03:08.389,73.7000,38
39788389285180,11:03:08.389,73.7000,62
39788389298719,11:03:08.389,73.7000,38
39788389298719,11:03:08.389,73.7000,9
39788389475487,11:03:08.389,73.7000,47
39789388284716,11:03:09.388,73.7000,4
39789388413402,11:03:09.388,73.7000,4
39790587529262,11:03:10.587,73.7000,100
39792689507756,11:03:12.689,73.6900,100
39792689517113,11:03:12.689,73.6900,1
39792689517113,11:03:12.689,73.6900,13
39795638155654,11:03:15.638,73.6700,86
39795638189532,11:03:15.638,73.6700,14
39844767016595,11:04:04.767,73.6500,100
39846260751090,11:04:06.260,73.6700,100
39858368130235,11:04:18.368,73.6400,100
39858368130235,11:04:18.368,73.6400,2
39858368130235,11:04:18.368,73.6400,100
39882078270401,11:04:42.078,73.6300,13
39882078270401,11:04:42.078,73.6300,100
39882078270401,11:04:42.078,73.6300,1
39882078270401,11:04:42.078,73.6300,100
39882078270401,11:04:42.078,73.6300,36
39888387054230,11:04:48.387,73.6300,100
39888387054230,11:04:48.387,73.6300,100
39895865633912,11:04:55.865,73.6100,100
39895865741116,11:04:55.865,73.6100,100
39896696357310,11:04:56.696,73.6200,100
39900412578408,11:05:00.412,73.6100,5
39900655552890,11:05:00.655,73.6300,100
39900656105541,11:05:00.656,73.6300,100
39900929366341,11:05:00.929,73.6400,100
39900929891489,11:05:00.929,73.6400,100
39906089205077,11:05:06.089,73.6400,100
39906205710718,11:05:06.205,73.6500,200
39906205710718,11:05:06.205,73.6500,100
39906205844315,11:05:06.205,73.6500,12
39906206086379,11:05:06.206,73.6500,88
39906206511419,11:05:06.206,73.6500,100
39909369225235,11:05:09.369,73.6500,100
39909370467280,11:05:09.370,73.6500,100
39909386157393,11:05:09.386,73.6500,100
39914443051865,11:05:14.443,73.6400,96
39914443088221,11:05:14.443,73.6400,4
39914449258609,11:05:14.449,73.6400,1
39922192981310,11:05:22.192,73.6300,100
39922192981310,11:05:22.192,73.6300,54
39922193011637,11:05:22.193,73.6300,46
39922193011637,11:05:22.193,73.6300,100
39926827521514,11:05:26.827,73.6200,16
39926827973433,11:05:26.827,73.6200,100
40016601948863,11:06:56.601,73.6500,100
40016601995037,11:06:56.601,73.6500,100
40016602324728,11:06:56.602,73.6500,100
40036128671270,11:07:16.128,73.6400,3
40036128671270,11:07:16.128,73.6400,12
40036128671270,11:07:16.128,73.6400,100
40036128671270,11:07:16.128,73.6400,85
40036129006063,11:07:16.129,73.6400,15
40036129006063,11:07:16.129,73.6400,100
40050432792405,11:07:30.432,73.6300,100
40050432792405,11:07:30.432,73.6300,1
40050432792405,11:07:30.432,73.6300,100
40050432792405,11:07:30.432,73.6300,84
40050432848362,11:07:30.432,73.6300,16
40050434381658,11:07:30.434,73.6200,100
40051700082355,11:07:31.700,73.6300,100
40051700082355,11:07:31.700,73.6300,100
40051700403755,11:07:31.700,73.6400,100
40051701882183,11:07:31.701,73.6600,100
40051703992343,11:07:31.703,73.6400,100
40053279376520,11:07:33.279,73.6400,8
40053279379182,11:07:33.279,73.6400,92
40053279379182,11:07:33.279,73.6400,42
40053279449226,11:07:33.279,73.6400,5
40053279465624,11:07:33.279,73.6400,53
40056085261268,11:07:36.085,73.6400,100
40089369041453,11:08:09.369,73.6300,100
40089369067843,11:08:09.369,73.6300,1
40089369067843,11:08:09.369,73.6300,100
40089369067843,11:08:09.369,73.6300,1
40089369067843,11:08:09.369,73.6300,11
40093458944457,11:08:13.458,73.6200,36
40093458971686,11:08:13.458,73.6200,64
40093458971686,11:08:13.458,73.6200,1
40093458971686,11:08:13.458,73.6200,100
40121365454051,11:08:41.365,73.6200,100
40142400870411,11:09:02.400,73.6200,100
40142400870411,11:09:02.400,73.6200,200
40142400870411,11:09:02.400,73.6200,1
40142400870411,11:09:02.400,73.6200,6
40142402218504,11:09:02.402,73.6100,100
40142583271207,11:09:02.583,73.5800,94
40162956828558,11:09:22.956,73.5600,22
40162956828558,11:09:22.956,73.5600,1
40162956828558,11:09:22.956,73.5600,77
40175400375969,11:09:35.400,73.5600,100
40175400375969,11:09:35.400,73.5600,100
40175401815151,11:09:35.401,73.5700,100
40195910768962,11:09:55.910,73.5800,37
40195912372594,11:09:55.912,73.5800,63
40196475641273,11:09:56.475,73.5700,1
40196506046970,11:09:56.506,73.5700,200
40196506485406,11:09:56.506,73.5800,100
40196580373091,11:09:56.580,73.5700,95
40201120736267,11:10:01.120,73.5800,100
40207213206199,11:10:07.213,73.6000,26
40207213231409,11:10:07.213,73.6000,74
40209368858586,11:10:09.368,73.6000,200
40212554474061,11:10:12.554,73.6200,100
40212555051457,11:10:12.555,73.6200,15
40212555494251,11:10:12.555,73.6200,100
40213471267633,11:10:13.471,73.6100,100
40213471267633,11:10:13.471,73.6100,13
40214539041277,11:10:14.539,73.6100,200
40225487411915,11:10:25.487,73.6200,9
40225667886491,11:10:25.667,73.6300,91
40225669292417,11:10:25.669,73.6300,9
40245986788266,11:10:45.986,73.6100,1
40245987255387,11:10:45.987,73.6000,100
40245987258811,11:10:45.987,73.6000,100
40260319827427,11:11:00.319,73.6100,100
40260319883367,11:11:00.319,73.6100,1
40260319883367,11:11:00.319,73.6100,99
40260319926210,11:11:00.319,73.6100,1
40268446949752,11:11:08.446,73.6300,100
40268447084150,11:11:08.447,73.6300,98
40281061749477,11:11:21.061,73.6200,1
40281144222692,11:11:21.144,73.6200,100
40281144249336,11:11:21.144,73.6200,100
40297464099889,11:11:37.464,73.6200,100
40297464207065,11:11:37.464,73.6200,1
40298417216700,11:11:38.417,73.6100,100
40298417216700,11:11:38.417,73.6100,100
40304606087042,11:11:44.606,73.6300,100
40319863480691,11:11:59.863,73.6400,100
40322784385853,11:12:02.784,73.6600,100
40322784494034,11:12:02.784,73.6600,100
40322784496501,11:12:02.784,73.6600,100
40322784544161,11:12:02.784,73.6600,100
40323399164017,11:12:03.399,73.6700,100
40323399164017,11:12:03.399,73.6700,100
40323655585300,11:12:03.655,73.6800,100
40323655585300,11:12:03.655,73.6700,100
40336968054208,11:12:16.968,73.7100,5
40337570169801,11:12:17.570,73.7000,200
40337570169801,11:12:17.570,73.7000,12
40337570169801,11:12:17.570,73.7000,100
40337570169801,11:12:17.570,73.7000,100
40337570682501,11:12:17.570,73.7000,100
40338569513944,11:12:18.569,73.7000,100
40338569543141,11:12:18.569,73.7000,100
40338569543141,11:12:18.569,73.7000,50
40338569543141,11:12:18.569,73.7000,200
40338569543141,11:12:18.569,73.7000,100
40365207845731,11:12:45.207,73.7100,100
40365207870374,11:12:45.207,73.7100,100
40365207870374,11:12:45.207,73.7100,3
40365368602052,11:12:45.368,73.7000,100
40365368626628,11:12:45.368,73.7000,100
40389368562449,11:13:09.368,73.6800,200
40389368757652,11:13:09.368,73.6800,100
40389368757652,11:13:09.368,73.6800,1
40389368757652,11:13:09.368,73.6800,99
40389368789950,11:13:09.368,73.6800,1
40389569243651,11:13:09.569,73.6900,100
40409257246815,11:13:29.257,73.6800,100
40409257316335,11:13:29.257,73.6800,100
40409257340701,11:13:29.257,73.6800,1
40427739706322,11:13:47.739,73.6900,200
40436437145327,11:13:56.437,73.7000,100
40436440832244,11:13:56.440,73.7100,100
40458570174738,11:14:18.570,73.6800,1
40458570174738,11:14:18.570,73.6800,99
40458570619639,11:14:18.570,73.6800,1
40458570619639,11:14:18.570,73.6800,6
40458570619639,11:14:18.570,73.6800,100
40458570619639,11:14:18.570,73.6800,100
40458570619639,11:14:18.570,73.6800,11
40458571179453,11:14:18.571,73.6700,100
40458571179453,11:14:18.571,73.6700,100
40459568019140,11:14:19.568,73.6400,100
40459568019140,11:14:19.568,73.6300,1
40482635889159,11:14:42.635,73.6800,100
40482635889159,11:14:42.635,73.6800,100
40482635889159,11:14:42.635,73.6800,100
40482636193505,11:14:42.636,73.6800,100
40482636195088,11:14:42.636,73.6800,100
40493367903458,11:14:53.367,73.6600,2
40493367903458,11:14:53.367,73.6600,7
40493367903458,11:14:53.367,73.6600,100
40496367955850,11:14:56.367,73.6600,1
40496367955850,11:14:56.367,73.6600,99
40535535718423,11:15:35.535,73.6800,100
40535539052315,11:15:35.539,73.6800,22
40538347642477,11:15:38.347,73.6700,100
40538347642477,11:15:38.347,73.6700,1
40538347642477,11:15:38.347,73.6700,99
40538347761672,11:15:38.347,73.6700,1
40538981352343,11:15:38.981,73.6700,100
40545255753145,11:15:45.255,73.6800,200
40545255753145,11:15:45.255,73.6900,100
40545255753145,11:15:45.255,73.6900,60
40545255753145,11:15:45.255,73.6900,100
40545255753145,11:15:45.255,73.6900,100
40551174386074,11:15:51.174,73.6800,100
40551205746830,11:15:51.205,73.6800,100
40551205924821,11:15:51.205,73.6700,100
40551259844269,11:15:51.259,73.6700,100
40551568021171,11:15:51.568,73.6600,100
40551568451797,11:15:51.568,73.6600,5
40551680844819,11:15:51.680,73.6500,28
40552569921316,11:15:52.569,73.6400,100
40552569921316,11:15:52.569,73.6400,100
40552569921316,11:15:52.569,73.6400,8
40569368319800,11:16:09.368,73.6400,1
40581614897344,11:16:21.614,73.6300,34
40581614897344,11:16:21.614,73.6300,100
40581614897344,11:16:21.614,73.6300,66
40581614983938,11:16:21.614,73.6300,34
40599923389146,11:16:39.923,73.6200,100
40599923398070,11:16:39.923,73.6400,100
40599923437926,11:16:39.923,73.6400,62
40599923465421,11:16:39.923,73.6400,38
40599923562129,11:16:39.923,73.6400,100
40626310805597,11:17:06.310,73.6400,100
40626310893060,11:17:06.310,73.6400,28
40626314271288,11:17:06.314,73.6200,1
40626314271288,11:17:06.314,73.6200,100
40626314726109,11:17:06.314,73.6200,100
40626327585617,11:17:06.327,73.6300,100
40626572432903,11:17:06.572,73.6200,100
40626574110333,11:17:06.574,73.6100,100
40626574924279,11:17:06.574,73.5900,28
40626575800529,11:17:06.575,73.5800,100
40626575800529,11:17:06.575,73.5700,100
40629368714753,11:17:09.368,73.5800,100
40629368714753,11:17:09.368,73.5700,1
40629368714753,11:17:09.368,73.5700,1
40629368714753,11:17:09.368,73.5700,98
40632088752549,11:17:12.088,73.5700,12
40632115406061,11:17:12.115,73.5600,100
40632368266566,11:17:12.368,73.5500,100
40655248616097,11:17:35.248,73.5500,100
40655248616097,11:17:35.248,73.5500,186
40655248643228,11:17:35.248,73.5500,14
40655248643228,11:17:35.248,73.5500,200
40658527333598,11:17:38.527,73.5100,1
40663356894074,11:17:43.356,73.4900,100
40663745033045,11:17:43.745,73.5000,52
40673798843712,11:17:53.798,73.5000,20
40673798868515,11:17:53.798,73.5000,80
40674584811694,11:17:54.584,73.5000,100
40674584811694,11:17:54.584,73.5000,100
40674586776051,11:17:54.586,73.4900,100
40675584140178,11:17:55.584,73.4900,100
40675584140178,11:17:55.584,73.4900,100
40700488155866,11:18:20.488,73.4900,10
40700492403733,11:18:20.492,73.4900,90
40716715026501,11:18:36.715,73.5100,35
40716715052268,11:18:36.715,73.5100,65
40716715052268,11:18:36.715,73.5100,300
40716715052268,11:18:36.715,73.5100,72
40716715052268,11:18:36.715,73.5100,100
40716715052268,11:18:36.715,73.5100,100
40716715052268,11:18:36.715,73.5100,100
40716715052268,11:18:36.715,73.5100,100
40716715111430,11:18:36.715,73.5100,100
40716715111430,11:18:36.715,73.5100,200
40716715111430,11:18:36.715,73.5100,100
40716715111430,11:18:36.715,73.5100,100
40728475607983,11:18:48.475,73.5300,72
40728475939890,11:18:48.475,73.5300,28
40728476283613,11:18:48.476,73.5400,100
40728479038687,11:18:48.479,73.5400,100
40728484347696,11:18:48.484,73.5400,15
40728484347696,11:18:48.484,73.5400,100
40728704275265,11:18:48.704,73.5400,1
40731562195439,11:18:51.562,73.5400,29
40741392459716,11:19:01.392,73.5300,100
40741392459716,11:19:01.392,73.5300,13
40741392459716,11:19:01.392,73.5300,100
40741392459716,11:19:01.392,73.5300,100
40741392459716,11:19:01.392,73.5300,2
40741392459716,11:19:01.392,73.5300,100
40743494721859,11:19:03.494,73.5300,100
40743494721859,11:19:03.494,73.5300,100
40749368683335,11:19:09.368,73.5200,100
40749368683335,11:19:09.368,73.5200,189
40749368683335,11:19:09.368,73.5200,11
40755015890258,11:19:15.015,73.5200,89
40755015890258,11:19:15.015,73.5200,11
40755015901501,11:19:15.015,73.5200,89
40757720935867,11:19:17.720,73.5100,1
40758733959296,11:19:18.733,73.5000,1
40758733959296,11:19:18.733,73.5000,99
40764111778877,11:19:24.111,73.4900,38
40764112325320,11:19:24.112,73.4900,62
40764116210009,11:19:24.116,73.4900,9
40764116234841,11:19:24.116,73.4900,91
40764116312339,11:19:24.116,73.4900,100
40764138834358,11:19:24.138,73.4900,100
40764584542178,11:19:24.584,73.4800,200
40774368148872,11:19:34.368,73.4500,100
40777993382843,11:19:37.993,73.4700,100
40790509146620,11:19:50.509,73.4700,100
40790509146620,11:19:50.509,73.4800,100
40790509172603,11:19:50.509,73.4800,100
40792447509598,11:19:52.447,73.4900,100
40792449146878,11:19:52.449,73.4800,15
40809581969191,11:20:09.581,73.4900,115
40809581969191,11:20:09.581,73.5000,85
40809582000715,11:20:09.582,73.5000,15
40809582000715,11:20:09.582,73.5000,91
40809582028558,11:20:09.582,73.5000,9
40809582120576,11:20:09.582,73.5000,67
40809582141508,11:20:09.582,73.5000,13
40809595756506,11:20:09.595,73.5000,20
40809595756506,11:20:09.595,73.5000,80
40814722501601,11:20:14.722,73.4900,100
40814722501601,11:20:14.722,73.4900,100
40815583634436,11:20:15.583,73.4800,100
40815583634436,11:20:15.583,73.4800,100
40815583634436,11:20:15.583,73.4800,1
40815583634436,11:20:15.583,73.4800,13
40826119454480,11:20:26.119,73.4700,100
40826119454480,11:20:26.119,73.4700,100
40828554268559,11:20:28.554,73.4700,1
40848405695502,11:20:48.405,73.4700,100
40869368864941,11:21:09.368,73.4400,1
40869368864941,11:21:09.368,73.4400,75
40869368864941,11:21:09.368,73.4400,100
40869368864941,11:21:09.368,73.4400,110
40869368864941,11:21:09.368,73.4400,1
40869368864941,11:21:09.368,73.4400,13
40869373514678,11:21:09.373,73.4400,100
40869373613615,11:21:09.373,73.4400,100
40869583318417,11:21:09.583,73.4400,100
40869583318417,11:21:09.583,73.4400,100
40870502483968,11:21:10.502,73.4500,21
40877772434219,11:21:17.772,73.4400,100
40877772434219,11:21:17.772,73.4400,100
40890295134126,11:21:30.295,73.4500,100
40890295699881,11:21:30.295,73.4500,11
40890355166475,11:21:30.355,73.4600,90
40890355190861,11:21:30.355,73.4600,10
40890355190861,11:21:30.355,73.4600,200
40890355504205,11:21:30.355,73.4600,50
40890355521828,11:21:30.355,73.4600,50
40896695882000,11:21:36.695,73.4800,100
40896695882000,11:21:36.695,73.4800,100
40896695882000,11:21:36.695,73.4800,100
40897604836682,11:21:37.604,73.4800,100
40917630916555,11:21:57.630,73.5000,39
40919289657951,11:21:59.289,73.5000,61
40919289657951,11:21:59.289,73.5000,100
40919289657951,11:21:59.289,73.5000,38
40919290011398,11:21:59.290,73.5000,35
40919290098958,11:21:59.290,73.5000,27
40919292743768,11:21:59.292,73.5100,100
40919292817117,11:21:59.292,73.5100,100
40919294499568,11:21:59.294,73.5100,100
40919339716583,11:21:59.339,73.5100,100
40921674742120,11:22:01.674,73.5000,1
40923162226064,11:22:03.162,73.5000,15
40923162226064,11:22:03.162,73.5000,85
40924491388150,11:22:04.491,73.5000,79
40926546684086,11:22:06.546,73.5000,5
40930517748619,11:22:10.517,73.4900,1
40930517748619,11:22:10.517,73.4900,13
40930517748619,11:22:10.517,73.4900,86
40930518433913,11:22:10.518,73.4900,14
40930582125055,11:22:10.582,73.4800,6
40930582149470,11:22:10.582,73.4800,6
40930582152103,11:22:10.582,73.4800,6
40930891218118,11:22:10.891,73.4800,32
40978702608816,11:22:58.702,73.5000,1
40989369004792,11:23:09.369,73.4900,1
40989369004792,11:23:09.369,73.4900,99
40989369204308,11:23:09.369,73.4900,1
40989369204308,11:23:09.369,73.4900,100
40989369204308,11:23:09.369,73.4900,183
41010675292350,11:23:30.675,73.5000,100
41010675292350,11:23:30.675,73.5000,49
41010676274204,11:23:30.676,73.5000,51
41010676274204,11:23:30.676,73.5000,100
41010676274204,11:23:30.676,73.5000,5
41011073448384,11:23:31.073,73.5000,100
41011073598251,11:23:31.073,73.5100,100
41011187408109,11:23:31.187,73.5000,100
41021061519209,11:23:41.061,73.5000,100
41022479508789,11:23:42.479,73.5000,100
41023368167959,11:23:43.368,73.4900,1
41023368167959,11:23:43.368,73.4900,100
41023368167959,11:23:43.368,73.4900,100
41028246985962,11:23:48.246,73.4900,24
41028247017314,11:23:48.247,73.4900,76
41028247017314,11:23:48.247,73.4900,128
41028247029958,11:23:48.247,73.4900,100
41028248529874,11:23:48.248,73.5000,100
41028248529874,11:23:48.248,73.5000,100
41047696402187,11:24:07.696,73.5100,77
41077011432600,11:24:37.011,73.4900,1
41077017459637,11:24:37.017,73.4800,100
41077017459637,11:24:37.017,73.4800,100
41077017459637,11:24:37.017,73.4800,100
41078544003451,11:24:38.544,73.4700,100
41078544003451,11:24:38.544,73.4700,13
41078544003451,11:24:38.544,73.4700,1
41078584932403,11:24:38.584,73.4400,100
41109377339516,11:25:09.377,73.4500,100
41109377339516,11:25:09.377,73.4500,1
41109377339516,11:25:09.377,73.4500,99
41109377370867,11:25:09.377,73.4500,1
41111083359249,11:25:11.083,73.4400,100
41111083393084,11:25:11.083,73.4400,100
41111575924362,11:25:11.575,73.4400,100
41111575924362,11:25:11.575,73.4400,100
41112015292722,11:25:12.015,73.4400,100
41112015292722,11:25:12.015,73.4400,100
41112015292722,11:25:12.015,73.4400,200
41112653707932,11:25:12.653,73.4400,100
41114719498095,11:25:14.719,73.4500,100
41114719498095,11:25:14.719,73.4500,100
41114778655228,11:25:14.778,73.4500,100
41116746841051,11:25:16.746,73.4600,100
41116746841051,11:25:16.746,73.4600,100
41116747506424,11:25:16.747,73.4600,198
41116747506424,11:25:16.747,73.4700,25
41116747533582,11:25:16.747,73.4700,75
41116747533582,11:25:16.747,73.4700,100
41116747533582,11:25:16.747,73.4700,23
41116755197444,11:25:16.755,73.4800,100
41119426738141,11:25:19.426,73.4900,100
41123609524330,11:25:23.609,73.5000,100
41127151130365,11:25:27.151,73.5000,100
41142073237677,11:25:42.073,73.5100,100
41142073237677,11:25:42.073,73.5100,100
41142073237677,11:25:42.073,73.5100,1
41145370450835,11:25:45.370,73.5000,100
41146922732098,11:25:46.922,73.5000,100
41155177661548,11:25:55.177,73.4900,100
41163395238774,11:26:03.395,73.5300,100
41169372282128,11:26:09.372,73.5200,100
41172244473437,11:26:12.244,73.5400,5
41172370262709,11:26:12.370,73.5100,100
41172370773975,11:26:12.370,73.5100,1
41172370773975,11:26:12.370,73.5100,6
41172370860174,11:26:12.370,73.5100,4
41172370923017,11:26:12.370,73.5100,2
41174090420257,11:26:14.090,73.5400,95
41174090420257,11:26:14.090,73.5400,5
41175414456772,11:26:15.414,73.5400,100
41175514468461,11:26:15.514,73.5500,100
41184637199582,11:26:24.637,73.5500,100
41184637199582,11:26:24.637,73.5500,24
41184637211254,11:26:24.637,73.5500,76
41184637225294,11:26:24.637,73.5500,76
41184637231860,11:26:24.637,73.5500,24
41184637231860,11:26:24.637,73.5500,52
41184637244279,11:26:24.637,73.5500,48
41184638088494,11:26:24.638,73.5500,100
41184639327672,11:26:24.639,73.5500,100
41184640729633,11:26:24.640,73.5400,100
41217552094735,11:26:57.552,73.5500,11
41228592623360,11:27:08.592,73.5500,87
41228592714094,11:27:08.592,73.5500,100
41229367604263,11:27:09.367,73.5400,100
41229367629270,11:27:09.367,73.5400,100
41229367629270,11:27:09.367,73.5400,100
41229367629270,11:27:09.367,73.5400,1
41229372649053,11:27:09.372,73.5300,12
41229372673055,11:27:09.372,73.5300,88
41229397843548,11:27:09.397,73.5300,100
41244961771624,11:27:24.961,73.5300,100
41256083847579,11:27:36.083,73.5200,100
41256083862981,11:27:36.083,73.5200,100
41256083862981,11:27:36.083,73.5200,1
41256088422209,11:27:36.088,73.5100,100
41256088422209,11:27:36.088,73.5100,200
41256088422209,11:27:36.088,73.5100,100
41277404715399,11:27:57.404,73.4900,1
41277405834854,11:27:57.405,73.4800,1
41288878267504,11:28:08.878,73.4700,100
41297298147788,11:28:17.298,73.4500,12
41297298147788,11:28:17.298,73.4500,88
41297298195462,11:28:17.298,73.4500,12
41297298195462,11:28:17.298,73.4500,1
41297298819444,11:28:17.298,73.4400,22
41297298819444,11:28:17.298,73.4400,6
41305027447998,11:28:25.027,73.4300,100
41316897765293,11:28:36.897,73.4500,56
41316902117610,11:28:36.902,73.4500,44
41316902117610,11:28:36.902,73.4500,100
41316902117610,11:28:36.902,73.4500,100
41316902235818,11:28:36.902,73.4500,100
41316931910836,11:28:36.931,73.4700,100
41349372157663,11:29:09.372,73.4500,100
41349372183902,11:29:09.372,73.4500,1
41349372183902,11:29:09.372,73.4500,100
41354905282088,11:29:14.905,73.4700,100
41354905357387,11:29:14.905,73.4700,100
41374616345179,11:29:34.616,73.4800,100
41377909001944,11:29:37.909,73.4900,15
41377909038643,11:29:37.909,73.4900,8
41384317598891,11:29:44.317,73.5000,200
41384328047274,11:29:44.328,73.5100,100
41390952964661,11:29:50.952,73.5100,100
41400856566422,11:30:00.856,73.5100,1
41400856566422,11:30:00.856,73.5100,99
41400856593994,11:30:00.856,73.5100,1
41400856593994,11:30:00.856,73.5100,100
41400856593994,11:30:00.856,73.5100,100
41400856593994,11:30:00.856,73.5100,2
41406075016368,11:30:06.075,73.4950,100
41408771737627,11:30:08.771,73.5000,100
41414204932201,11:30:14.204,73.5200,11
41414204932201,11:30:14.204,73.5200,3
41423970618080,11:30:23.970,73.4800,12
41423970618080,11:30:23.970,73.4800,8
41423970666745,11:30:23.970,73.4800,92
41423970666745,11:30:23.970,73.4800,1
41437005077755,11:30:37.005,73.4700,100
41437005091311,11:30:37.005,73.4700,49
41437005119856,11:30:37.005,73.4700,14
41451634492824,11:30:51.634,73.4600,1
41451634492824,11:30:51.634,73.4600,99
41451634501711,11:30:51.634,73.4600,1
41451634535588,11:30:51.634,73.4600,1
41457911074338,11:30:57.911,73.4600,99
41457911682620,11:30:57.911,73.4700,5
41470147904600,11:31:10.147,73.4900,100
41470147904600,11:31:10.147,73.5000,100
41476894826996,11:31:16.894,73.5000,100
41476895364087,11:31:16.895,73.5100,100
41481696154744,11:31:21.696,73.5000,1
41498149003933,11:31:38.149,73.5100,100
41498149012559,11:31:38.149,73.5100,99
41498149033348,11:31:38.149,73.5100,1
41520291513548,11:32:00.291,73.5100,100
41520291586187,11:32:00.291,73.5100,3
41520291586187,11:32:00.291,73.5100,97
41520291617206,11:32:00.291,73.5100,3
41520291617206,11:32:00.291,73.5100,84
41532126622250,11:32:12.126,73.5000,12
41532126622250,11:32:12.126,73.5000,1
41532126622250,11:32:12.126,73.5000,87
41532126635435,11:32:12.126,73.5000,13
41532126635435,11:32:12.126,73.5000,87
41532126651599,11:32:12.126,73.5000,13
41542161879213,11:32:22.161,73.5000,100
41542191981830,11:32:22.191,73.5100,16
41555270528758,11:32:35.270,73.4900,1
41555271223736,11:32:35.271,73.4900,100
41555279802053,11:32:35.279,73.4900,100
41558411969482,11:32:38.411,73.5100,84
41558411969482,11:32:38.411,73.5100,16
41558411979106,11:32:38.411,73.5100,84
41582052486853,11:33:02.052,73.5300,100
41582052869060,11:33:02.052,73.5200,200
41582053030898,11:33:02.053,73.5200,1
41582053030898,11:33:02.053,73.5300,9
41583401750711,11:33:03.401,73.5300,1
41583401750711,11:33:03.401,73.5300,99
41583401777060,11:33:03.401,73.5300,1
41587968574673,11:33:07.968,73.5500,100
41587969806188,11:33:07.969,73.5400,100
41597853569796,11:33:17.853,73.5500,100
41597853569796,11:33:17.853,73.5500,100
41598120963611,11:33:18.120,73.5500,100
41602197144773,11:33:22.197,73.5600,100
41602574602705,11:33:22.574,73.5700,28
41602574806751,11:33:22.574,73.5700,72
41602574806751,11:33:22.574,73.5700,100
41603665738059,11:33:23.665,73.5600,100
41603665738059,11:33:23.665,73.5600,100
41603667488289,11:33:23.667,73.5700,100
41605306630305,11:33:25.306,73.5600,100
41618497976335,11:33:38.497,73.5700,100
41625230100646,11:33:45.230,73.5800,100
41632021109048,11:33:52.021,73.6100,100
41634117883279,11:33:54.117,73.5800,100
41673454679538,11:34:33.454,73.6000,1
41673454679538,11:34:33.454,73.5800,3
41673454679538,11:34:33.454,73.5800,62
41673455035617,11:34:33.455,73.5800,38
41673455035617,11:34:33.455,73.5800,100
41673455035617,11:34:33.455,73.5800,12
41688371272204,11:34:48.371,73.5800,100
41714086364937,11:35:14.086,73.5900,2
41714086364937,11:35:14.086,73.5900,98
41714086439157,11:35:14.086,73.5900,2
41714086439157,11:35:14.086,73.5900,3
41714086439157,11:35:14.086,73.5900,95
41714087359749,11:35:14.087,73.5900,100
41714087359749,11:35:14.087,73.5900,105
41721522637085,11:35:21.522,73.5900,100
41721522679122,11:35:21.522,73.5900,100
41726200703223,11:35:26.200,73.6000,81
41726200705803,11:35:26.200,73.6000,19
41726200705803,11:35:26.200,73.6000,100
41726201099039,11:35:26.201,73.6100,73
41726201099039,11:35:26.201,73.6100,86
41778847546497,11:36:18.847,73.6100,200
41778847613928,11:36:18.847,73.6200,200
41778847615749,11:36:18.847,73.6300,88
41778847704528,11:36:18.847,73.6300,12
41778847704528,11:36:18.847,73.6300,21
41778847931054,11:36:18.847,73.6300,79
41778849647460,11:36:18.849,73.6200,100
41789223137108,11:36:29.223,73.6200,100
41789225360210,11:36:29.225,73.6300,100
41796706006251,11:36:36.706,73.6200,1
41796706608677,11:36:36.706,73.6100,2
41796706608677,11:36:36.706,73.6100,100
41796706608677,11:36:36.706,73.6100,98
41796706639895,11:36:36.706,73.6100,2
41796706639895,11:36:36.706,73.6100,100
41796706639895,11:36:36.706,73.6100,12
41796706651456,11:36:36.706,73.6100,104
41796706840170,11:36:36.706,73.6100,96
41802244651082,11:36:42.244,73.6200,21
41802244653679,11:36:42.244,73.6200,79
41802244653679,11:36:42.244,73.6200,100
41802244736795,11:36:42.244,73.6200,200
41844438539340,11:37:24.438,73.6300,200
41849167754590,11:37:29.167,73.6500,64
41849167782203,11:37:29.167,73.6500,36
41849167782203,11:37:29.167,73.6500,100
41849167783127,11:37:29.167,73.6500,100
41849168638521,11:37:29.168,73.6500,10
41849168793330,11:37:29.168,73.6400,200
41849169485441,11:37:29.169,73.6500,100
41849170539624,11:37:29.170,73.6400,99
41849265871123,11:37:29.265,73.6500,1
41861239671938,11:37:41.239,73.6500,1
41863511071773,11:37:43.511,73.6500,100
41890617790602,11:38:10.617,73.6600,19
41901821404486,11:38:21.821,73.6800,100
41917884642856,11:38:37.884,73.6800,100
41917884688237,11:38:37.884,73.6800,100
41917884721378,11:38:37.884,73.6800,20
41918134886337,11:38:38.134,73.6800,4
41918134886337,11:38:38.134,73.6800,7
41948657820068,11:39:08.657,73.6800,100
41948658650759,11:39:08.658,73.6800,1
41948658736662,11:39:08.658,73.6800,1
41948658752820,11:39:08.658,73.6800,1
41948659031984,11:39:08.659,73.6800,1
41949882435586,11:39:09.882,73.6800,64
41949912843312,11:39:09.912,73.6800,100
41956266555188,11:39:16.266,73.6900,48
41959502884321,11:39:19.502,73.7000,5
41959505414254,11:39:19.505,73.6900,100
41966897199679,11:39:26.897,73.7000,88
41966897228479,11:39:26.897,73.7000,12
41972916557365,11:39:32.916,73.7000,100
41974389656728,11:39:34.389,73.7100,100
41975395321352,11:39:35.395,73.7100,100
41975395321352,11:39:35.395,73.7100,100
41978339929442,11:39:38.339,73.7200,100
41996734301746,11:39:56.734,73.7400,54
41996734328536,11:39:56.734,73.7300,100
42000146516753,11:40:00.146,73.7400,1
42014058254823,11:40:14.058,73.7400,2
42022128420088,11:40:22.128,73.7500,100
42022274486740,11:40:22.274,73.7600,21
42022274559225,11:40:22.274,73.7500,100
42034502561772,11:40:34.502,73.7400,100
42036035004358,11:40:36.035,73.7400,100
42036035028507,11:40:36.035,73.7400,100
42043994491602,11:40:43.994,73.7500,100
42049203702446,11:40:49.203,73.7500,100
42049517769661,11:40:49.517,73.7500,100
42056923624289,11:40:56.923,73.7500,100
42105964903606,11:41:45.964,73.7700,18
42105964912046,11:41:45.964,73.7500,100
42105964912046,11:41:45.964,73.7500,100
42105964912046,11:41:45.964,73.7500,100
42105964946284,11:41:45.964,73.7500,100
42105968118232,11:41:45.968,73.7500,100
42107771348829,11:41:47.771,73.7500,100
42108489180698,11:41:48.489,73.7500,100
42109710209206,11:41:49.710,73.7500,100
42115173517060,11:41:55.173,73.7600,1
42115173517060,11:41:55.173,73.7600,99
42115173518802,11:41:55.173,73.7600,1
42115173518802,11:41:55.173,73.7600,99
42115173519587,11:41:55.173,73.7600,1
42115173519587,11:41:55.173,73.7600,99
42115173521602,11:41:55.173,73.7600,1
42115173521602,11:41:55.173,73.7600,100
42116662116777,11:41:56.662,73.7600,100
42118073516794,11:41:58.073,73.7700,15
42118073561020,11:41:58.073,73.7600,99
42120171537852,11:42:00.171,73.7700,59
42120171571280,11:42:00.171,73.7700,26
42120171586171,11:42:00.171,73.7600,100
42120171599104,11:42:00.171,73.7600,100
42120197549424,11:42:00.197,73.7600,10
42120197549424,11:42:00.197,73.7600,13
42120197549424,11:42:00.197,73.7600,3
42120197549424,11:42:00.197,73.7600,400
42126243775891,11:42:06.243,73.7600,100
42126243805511,11:42:06.243,73.7600,12
42126244371387,11:42:06.244,73.7600,100
42126244536032,11:42:06.244,73.7500,100
42145274329833,11:42:25.274,73.7500,50
42145742401722,11:42:25.742,73.7500,100
42157586468290,11:42:37.586,73.7500,100
42161625536486,11:42:41.625,73.7500,100
42164528808124,11:42:44.528,73.7800,2
42166511739313,11:42:46.511,73.7500,100
42172761908864,11:42:52.761,73.7500,100
42172761908864,11:42:52.761,73.7500,100
42172761908864,11:42:52.761,73.7500,1
42172761910801,11:42:52.761,73.7500,100
42172761955524,11:42:52.761,73.7500,100
42186246875976,11:43:06.246,73.7500,74
42186246875976,11:43:06.246,73.7600,26
42187683563524,11:43:07.683,73.7500,100
42190942729785,11:43:10.942,73.7400,100
42190942757960,11:43:10.942,73.7400,100
42190942795688,11:43:10.942,73.7400,100
42199027540903,11:43:19.027,73.7400,98
42209976597917,11:43:29.976,73.7400,2
42209976597917,11:43:29.976,73.7400,98
42209976603661,11:43:29.976,73.7400,2
42209976603661,11:43:29.976,73.7400,4
42209976603661,11:43:29.976,73.7400,1
42209976603661,11:43:29.976,73.7400,93
42209976627955,11:43:29.976,73.7400,7
42209976627955,11:43:29.976,73.7400,100
42209976647184,11:43:29.976,73.7400,100
42209978439609,11:43:29.978,73.7300,100
42209978439609,11:43:29.978,73.7300,9
42209978439609,11:43:29.978,73.7300,91
42209978458238,11:43:29.978,73.7300,9
42210153287306,11:43:30.153,73.7200,100
42210153287306,11:43:30.153,73.7200,100
42210153847472,11:43:30.153,73.7100,100
42211279202562,11:43:31.279,73.7050,56
42211485059039,11:43:31.485,73.7100,100
42211485082985,11:43:31.485,73.7100,374
42212618746396,11:43:32.618,73.7200,100
42213206344234,11:43:33.206,73.7200,200
42213206393073,11:43:33.206,73.7400,100
42213206393073,11:43:33.206,73.7400,100
42213238555343,11:43:33.238,73.7500,100
42213586527545,11:43:33.586,73.7500,100
42216022154988,11:43:36.022,73.7500,100
42217067902753,11:43:37.067,73.7500,100
42223757478062,11:43:43.757,73.7900,100
42223759972693,11:43:43.759,73.7900,100
42223861435426,11:43:43.861,73.7900,100
42223862718310,11:43:43.862,73.8100,10
42223862718310,11:43:43.862,73.8200,90
42240028891591,11:44:00.028,73.7900,100
42240028891591,11:44:00.028,73.7900,1
42240028891591,11:44:00.028,73.7900,100
42240028891591,11:44:00.028,73.7900,100
42240028891591,11:44:00.028,73.7800,89
42248484245236,11:44:08.484,73.8000,100
42248484271170,11:44:08.484,73.8000,100
42248832357269,11:44:08.832,73.8000,200
42260858228212,11:44:20.858,73.8100,100
42300697151430,11:45:00.697,73.8500,12
42300697175258,11:45:00.697,73.8500,88
42303418574536,11:45:03.418,73.8400,1
42306076549580,11:45:06.076,73.8400,100
42320281945372,11:45:20.281,73.8400,1
42327377374697,11:45:27.377,73.8600,68
42334605119072,11:45:34.605,73.8600,100
42361254737235,11:46:01.254,73.8600,80
42363699487138,11:46:03.699,73.8700,1
42388661579567,11:46:28.661,73.8700,100
42388661589723,11:46:28.661,73.8700,4
42388663327059,11:46:28.663,73.8600,100
42388663329022,11:46:28.663,73.8600,100
42388663329022,11:46:28.663,73.8600,6
42390271008004,11:46:30.271,73.8500,11
42395276655715,11:46:35.276,73.8500,100
42410721272727,11:46:50.721,73.8700,100
42426711596051,11:47:06.711,73.8600,1
42432992802296,11:47:12.992,73.8500,100
42432992802296,11:47:12.992,73.8500,1
42432992802296,11:47:12.992,73.8500,100
42432993716578,11:47:12.993,73.8400,100
42432993716578,11:47:12.993,73.8400,100
42432994221739,11:47:12.994,73.8400,41
