timestamp,time,price,volume
34200598282387,09:30:00.598,0.0000,0
34217013441736,09:30:17.013,124.8200,11
34217013441736,09:30:17.013,124.8200,100
34219292568869,09:30:19.292,124.8200,16
34219292623551,09:30:19.292,124.8200,84
34219292944829,09:30:19.292,124.8200,100
34247032099152,09:30:47.032,124.6800,100
34247032113073,09:30:47.032,124.6800,100
34247510942427,09:30:47.510,124.6000,72
34347260993766,09:32:27.260,124.8300,200
34347260993766,09:32:27.260,124.8800,6
34393193816204,09:33:13.193,124.6300,100
34393193903987,09:33:13.193,124.6300,8
34393195211171,09:33:13.195,124.6300,4
34393195924581,09:33:13.195,124.6300,6
34393195924581,09:33:13.195,124.6200,94
34393201074435,09:33:13.201,124.6000,100
34393201159520,09:33:13.201,124.6300,100
34396042068020,09:33:16.042,124.6800,94
34396042068020,09:33:16.042,124.6800,4
34396042152210,09:33:16.042,124.6800,100
34396042204937,09:33:16.042,124.6600,100
34398197573396,09:33:18.197,124.6600,49
34398197573396,09:33:18.197,124.6600,100
34398197573396,09:33:18.197,124.6600,100
34398197964248,09:33:18.197,124.6800,14
34421500233890,09:33:41.500,124.6000,61
34421500934699,09:33:41.500,124.5900,61
34421501993469,09:33:41.501,124.5600,100
34421501993469,09:33:41.501,124.5600,100
34421503030059,09:33:41.503,124.5900,100
34428437369749,09:33:48.437,124.6000,8
34446569639336,09:34:06.569,124.6000,100
34451757763737,09:34:11.757,124.6700,100
34451757816481,09:34:11.757,124.6800,100
34451757849257,09:34:11.757,124.6800,26
34451757849257,09:34:11.757,124.6800,8
34451757849257,09:34:11.757,124.6800,66
34451757899785,09:34:11.757,124.6800,34
34451757899785,09:34:11.757,124.7300,57
34451757899785,09:34:11.757,124.7300,66
34451757928106,09:34:11.757,124.7300,34
34451759588550,09:34:11.759,124.7400,100
34501149445094,09:35:01.149,124.7800,17
34501149767007,09:35:01.149,124.7900,100
34573622271005,09:36:13.622,124.6300,69
34577737308274,09:36:17.737,124.6500,10
34577737308274,09:36:17.737,124.6300,90
34579996731017,09:36:19.996,124.6300,10
34579997757765,09:36:19.997,124.6000,100
34579997833757,09:36:19.997,124.6000,100
34579997890956,09:36:19.997,124.6000,100
34579998110736,09:36:19.998,124.6100,100
34580022027722,09:36:20.022,124.5700,100
34586834423838,09:36:26.834,124.5700,100
34586834423838,09:36:26.834,124.5600,8
34586834520628,09:36:26.834,124.5600,92
34586834520628,09:36:26.834,124.5600,8
34586834955639,09:36:26.834,124.5600,100
34586835010103,09:36:26.835,124.5500,100
34586835383234,09:36:26.835,124.5800,100
34586835421013,09:36:26.835,124.5600,82
34586835445786,09:36:26.835,124.5600,18
34586835466739,09:36:26.835,124.5500,10
34601399219320,09:36:41.399,124.5900,90
34601399340415,09:36:41.399,124.5900,68
34601399340415,09:36:41.399,124.5600,22
34601399489369,09:36:41.399,124.5600,68
34601400117413,09:36:41.400,124.5500,74
34601400190067,09:36:41.400,124.5500,26
34601400231041,09:36:41.400,124.5600,100
34601401005964,09:36:41.401,124.5800,100
34631364348600,09:37:11.364,124.6800,2
34631364348600,09:37:11.364,124.6800,100
34631364348600,09:37:11.364,124.6800,98
34631364464094,09:37:11.364,124.6800,100
34634618829274,09:37:14.618,124.7300,100
34634721077900,09:37:14.721,124.7400,42
34643625243813,09:37:23.625,124.7400,4
34650635640038,09:37:30.635,124.7000,100
34650635640038,09:37:30.635,124.7000,78
34650635640038,09:37:30.635,124.7000,100
34679655808818,09:37:59.655,124.6300,60
34679656098312,09:37:59.656,124.6200,60
34680564427988,09:38:00.564,124.6200,100
34689395694686,09:38:09.395,124.6200,90
34689395727383,09:38:09.395,124.6200,10
34704112859604,09:38:24.112,124.6300,100
34709143150399,09:38:29.143,124.6400,100
34709143228441,09:38:29.143,124.6200,100
34711774383986,09:38:31.774,124.5700,26
34721931556217,09:38:41.931,124.5600,74
34721931819803,09:38:41.931,124.5400,100
34721932255603,09:38:41.932,124.5400,19
34721933114996,09:38:41.933,124.5400,81
34721933114996,09:38:41.933,124.5400,19
34773663514016,09:39:33.663,124.6400,100
34773663965404,09:39:33.663,124.6400,10
34773663993277,09:39:33.663,124.6400,90
34773663993277,09:39:33.663,124.6400,100
34773663993277,09:39:33.663,124.6400,100
34773663993277,09:39:33.663,124.6400,100
34773663993277,09:39:33.663,124.6400,20
34773664329791,09:39:33.664,124.6400,100
34773664368236,09:39:33.664,124.6400,50
34773664386688,09:39:33.664,124.6400,30
34773664386688,09:39:33.664,124.6400,100
34773664575509,09:39:33.664,124.6200,100
34787729598975,09:39:47.729,124.6400,100
34788090183209,09:39:48.090,124.5500,5
34788090419591,09:39:48.090,124.5500,6
34819876624595,09:40:19.876,124.5400,94
34819877041854,09:40:19.877,124.5400,6
34820003279993,09:40:20.003,124.5400,100
34820003279993,09:40:20.003,124.5400,100
34823141967429,09:40:23.141,124.5000,100
34823142095819,09:40:23.142,124.4800,100
34844475835579,09:40:44.475,124.4600,100
34860525198321,09:41:00.525,124.4200,500
34860525240690,09:41:00.525,124.4200,100
34860813619003,09:41:00.813,124.4200,8
34860813650572,09:41:00.813,124.4200,92
34874202415939,09:41:14.202,124.4000,100
34874979668958,09:41:14.979,124.4000,100
34894274898002,09:41:34.274,124.3800,100
34894274898002,09:41:34.274,124.3800,100
34894276143715,09:41:34.276,124.3600,100
34894276194924,09:41:34.276,124.3600,100
34894277628869,09:41:34.277,124.3500,79
34894277711179,09:41:34.277,124.3600,100
34918509101480,09:41:58.509,124.3600,4
34920603025634,09:42:00.603,124.4000,5
34920704349156,09:42:00.704,124.4300,100
34920704428921,09:42:00.704,124.4300,100
34920704458667,09:42:00.704,124.4400,60
34920704487514,09:42:00.704,124.3800,100
34920704684462,09:42:00.704,124.3900,100
34920704734504,09:42:00.704,124.4400,15
34920704817382,09:42:00.704,124.4000,100
34920770204598,09:42:00.770,124.4200,85
34922898687195,09:42:02.898,124.4400,85
34923283892486,09:42:03.283,124.4400,15
34923284127377,09:42:03.284,124.4400,15
34923284285961,09:42:03.284,124.4400,10
34923285770191,09:42:03.285,124.4400,9
34923285770191,09:42:03.285,124.4400,9
34923285770191,09:42:03.285,124.4400,10
34923285770191,09:42:03.285,124.4400,9
34923286216640,09:42:03.286,124.4400,91
34923286216640,09:42:03.286,124.4400,9
34923991012336,09:42:03.991,124.4200,100
34923991599397,09:42:03.991,124.4200,300
34930650886421,09:42:10.650,124.4000,100
34930650886421,09:42:10.650,124.4000,100
34930650886421,09:42:10.650,124.3900,100
34930650996429,09:42:10.650,124.3900,100
34930650996429,09:42:10.650,124.3900,100
34930650996429,09:42:10.650,124.3900,100
34970930687867,09:42:50.930,124.3800,100
34970930687867,09:42:50.930,124.3800,93
34970930693177,09:42:50.930,124.3800,7
34977884651528,09:42:57.884,124.3400,73
34977885101966,09:42:57.885,124.3400,100
34978530145995,09:42:58.530,124.3800,100
34978530145995,09:42:58.530,124.3800,100
34988357038139,09:43:08.357,124.3200,27
35004583772463,09:43:24.583,124.3100,100
35004583830083,09:43:24.583,124.3100,100
35004583839566,09:43:24.583,124.3100,100
35004607720846,09:43:24.607,124.2900,100
35004607720846,09:43:24.607,124.2900,100
35022956797458,09:43:42.956,124.2500,100
35022956797458,09:43:42.956,124.2500,100
35022956871883,09:43:42.956,124.2400,6
35022957037341,09:43:42.957,124.2500,108
35030101676587,09:43:50.101,124.3500,100
35030101710390,09:43:50.101,124.3500,100
35030103506028,09:43:50.103,124.3500,27
35040658083285,09:44:00.658,124.4000,100
35040658109171,09:44:00.658,124.4000,500
35040658581132,09:44:00.658,124.4100,60
35060559400784,09:44:20.559,124.3300,100
35158209778691,09:45:58.209,124.3100,200
35158209778691,09:45:58.209,124.3000,100
35158209778691,09:45:58.209,124.2900,400
35169053990768,09:46:09.053,124.3000,8
35172486587518,09:46:12.486,124.2800,100
35172486587518,09:46:12.486,124.2700,200
35213986335675,09:46:53.986,124.2500,1
35213986335675,09:46:53.986,124.2500,100
35226158846296,09:47:06.158,124.2000,100
35226158846296,09:47:06.158,124.2000,100
35226158973581,09:47:06.158,124.1900,200
35242651969325,09:47:22.651,124.1800,2
35252057124974,09:47:32.057,124.1600,1
35252057124974,09:47:32.057,124.1600,15
35252057136022,09:47:32.057,124.1600,10
35252061505916,09:47:32.061,124.1400,200
35306730460685,09:48:26.730,124.2100,50
35306730474209,09:48:26.730,124.2100,35
35306730474209,09:48:26.730,124.2100,25
35306730479925,09:48:26.730,124.2100,65
35306730487710,09:48:26.730,124.2100,10
35306732132028,09:48:26.732,124.2600,100
35306732411869,09:48:26.732,124.2600,200
35306735035858,09:48:26.735,124.2600,100
35306735135941,09:48:26.735,124.2700,100
35320874225196,09:48:40.874,124.2100,2
35330646414398,09:48:50.646,124.1800,92
35330659748315,09:48:50.659,124.1500,100
35373131521591,09:49:33.131,124.1700,100
35373133614429,09:49:33.133,124.1600,2
35373589011761,09:49:33.589,124.2000,300
35373589011761,09:49:33.589,124.2000,100
35373589465036,09:49:33.589,124.2000,100
35396102548373,09:49:56.102,124.2500,100
35397319801886,09:49:57.319,124.2700,100
35397532610968,09:49:57.532,124.2900,35
35410002204912,09:50:10.002,124.2600,100
35427829734450,09:50:27.829,124.3800,6
35427829761420,09:50:27.829,124.3800,94
35448135306528,09:50:48.135,124.4200,100
35453975020301,09:50:53.975,124.4400,1
35453975048545,09:50:53.975,124.4400,64
35457712089172,09:50:57.712,124.4300,100
35472437269828,09:51:12.437,124.4900,100
35476442309436,09:51:16.442,124.4800,100
35481837163594,09:51:21.837,124.4800,100
35481837163594,09:51:21.837,124.4800,100
35489877520272,09:51:29.877,124.5400,100
35489877832391,09:51:29.877,124.5200,10
35489877832391,09:51:29.877,124.5200,200
35490954425408,09:51:30.954,124.5100,2
35498715298247,09:51:38.715,124.5200,100
35498715575000,09:51:38.715,124.5200,100
35499171421959,09:51:39.171,124.5300,100
35499286363192,09:51:39.286,124.5300,20
35499286363192,09:51:39.286,124.5300,100
35500206165269,09:51:40.206,124.5500,100
35501200094154,09:51:41.200,124.5300,100
35510233245299,09:51:50.233,124.5600,100
35512217525403,09:51:52.217,124.5900,100
35512274070506,09:51:52.274,124.5600,100
35512274262037,09:51:52.274,124.5600,100
35513931432502,09:51:53.931,124.5900,100
35523405979111,09:52:03.405,124.5900,100
35523406167454,09:52:03.406,124.5900,100
35523406179217,09:52:03.406,124.5900,100
35523406266215,09:52:03.406,124.5900,100
35523406353486,09:52:03.406,124.5900,100
35523407371157,09:52:03.407,124.6000,100
35525969386298,09:52:05.969,124.5900,100
35525969490554,09:52:05.969,124.5900,100
35530277795465,09:52:10.277,124.6200,9
35531922534306,09:52:11.922,124.6000,100
35533766470232,09:52:13.766,124.6000,100
35533766775896,09:52:13.766,124.6000,100
35533766899401,09:52:13.766,124.6000,100
35533766930897,09:52:13.766,124.6000,100
35533780290709,09:52:13.780,124.6200,1
35541385186162,09:52:21.385,124.6700,200
35541386389940,09:52:21.386,124.6800,100
35541386389940,09:52:21.386,124.6800,100
35541386421782,09:52:21.386,124.6800,100
35541386676296,09:52:21.386,124.6800,100
35545163788005,09:52:25.163,124.6800,100
35545210225122,09:52:25.210,124.7000,100
35545210265627,09:52:25.210,124.7100,200
35552144912919,09:52:32.144,124.6500,100
35582030641637,09:53:02.030,124.6200,1
35588243959454,09:53:08.243,124.5900,1
35589647782805,09:53:09.647,124.5500,100
35596562788823,09:53:16.562,124.5100,100
35597622867355,09:53:17.622,124.5100,108
35617174947932,09:53:37.174,124.4900,38
35617174975632,09:53:37.174,124.4900,50
35617174979481,09:53:37.174,124.4900,12
35617175170382,09:53:37.175,124.5000,42
35617175551917,09:53:37.175,124.5000,58
35617175551917,09:53:37.175,124.5100,42
35617175586234,09:53:37.175,124.5100,50
35619947485683,09:53:39.947,124.5100,100
35654553626763,09:54:14.553,124.5400,100
35654707688157,09:54:14.707,124.5300,2
35660485481203,09:54:20.485,124.5400,9
35662976438584,09:54:22.976,124.5500,100
35666690180539,09:54:26.690,124.6200,1
35731975781559,09:55:31.975,124.5700,1
35731975870152,09:55:31.975,124.5600,77
35731975902179,09:55:31.975,124.5600,23
35731975931563,09:55:31.975,124.5600,100
35734546714518,09:55:34.546,124.5300,2
35755475086356,09:55:55.475,124.4700,89
35755475149365,09:55:55.475,124.4700,11
35803138100330,09:56:43.138,124.4300,100
35803138217184,09:56:43.138,124.4300,58
35803138242946,09:56:43.138,124.4300,42
35803138249233,09:56:43.138,124.4300,42
35803139169267,09:56:43.139,124.4300,100
35803139503574,09:56:43.139,124.4300,100
35804434358752,09:56:44.434,124.4200,100
35804660314722,09:56:44.660,124.4200,100
35804912931578,09:56:44.912,124.4200,100
35805023526125,09:56:45.023,124.4200,50
35805023553025,09:56:45.023,124.4200,50
35805023582422,09:56:45.023,124.4200,50
35805023620019,09:56:45.023,124.4200,50
35805023782518,09:56:45.023,124.4200,100
35840457186181,09:57:20.457,124.4100,10
35840457200741,09:57:20.457,124.4100,86
35841082095794,09:57:21.082,124.4400,100
35841082095794,09:57:21.082,124.4400,100
35841083699479,09:57:21.083,124.4400,53
35851701930733,09:57:31.701,124.4300,1
35869947836873,09:57:49.947,124.3800,2
35881744053530,09:58:01.744,124.3600,100
35892133955108,09:58:12.133,124.3700,100
35892133955108,09:58:12.133,124.3700,50
35916292013610,09:58:36.292,124.3800,100
35916292047460,09:58:36.292,124.3900,100
35922091978211,09:58:42.091,124.4000,47
35922091978211,09:58:42.091,124.4000,8
35922092022651,09:58:42.092,124.4000,52
35938273209525,09:58:58.273,124.4200,100
35987843939686,09:59:47.843,124.3800,2
35987861891963,09:59:47.861,124.3800,98
35987878317061,09:59:47.878,124.3800,100
36021141159254,10:00:21.141,124.4200,100
36051213439143,10:00:51.213,124.3800,100
36051214470667,10:00:51.214,124.3700,32
36051215361429,10:00:51.215,124.3700,68
36070875255113,10:01:10.875,124.3500,100
36070875302572,10:01:10.875,124.3400,86
36070876807493,10:01:10.876,124.3200,9
36070876963302,10:01:10.876,124.3200,91
36070877292846,10:01:10.877,124.3200,100
36070877353128,10:01:10.877,124.3100,100
36070877353128,10:01:10.877,124.3100,100
36102479626591,10:01:42.479,124.2800,30
36117281398395,10:01:57.281,124.2500,100
36117281398395,10:01:57.281,124.2500,100
36117281427629,10:01:57.281,124.2500,100
36117282147233,10:01:57.282,124.2400,2
36118267298958,10:01:58.267,124.2600,100
36119278009492,10:01:59.278,124.3100,100
36119282516352,10:01:59.282,124.3100,12
36119282907038,10:01:59.282,124.3200,9
36119282907038,10:01:59.282,124.3200,50
36119801298258,10:01:59.801,124.3200,100
36145250249154,10:02:25.250,124.3200,10
36145250342069,10:02:25.250,124.3200,10
36145250389717,10:02:25.250,124.3200,10
36166647458239,10:02:46.647,124.2600,100
36166647458239,10:02:46.647,124.2600,100
36166649102580,10:02:46.649,124.2500,9
36166649138358,10:02:46.649,124.2500,300
36166664328199,10:02:46.664,124.2400,2
36196458915280,10:03:16.458,124.2100,12
36196464010944,10:03:16.464,124.1800,10
36196464200799,10:03:16.464,124.1800,10
36196464346316,10:03:16.464,124.2100,10
36196464411730,10:03:16.464,124.2200,10
36196984348367,10:03:16.984,124.2600,100
36196986483654,10:03:16.986,124.2700,100
36215937115648,10:03:35.937,124.3400,70
36216023602067,10:03:36.023,124.3400,30
36221517638712,10:03:41.517,124.3400,100
36221517640190,10:03:41.517,124.3300,100
36221517777580,10:03:41.517,124.3300,100
36221517880964,10:03:41.517,124.3300,100
36221518457959,10:03:41.518,124.3300,100
36227031127100,10:03:47.031,124.3300,100
36227031177999,10:03:47.031,124.3300,34
36227031350937,10:03:47.031,124.3300,58
36228492992522,10:03:48.492,124.3600,100
36244355567737,10:04:04.355,124.4000,100
36244658155643,10:04:04.658,124.3900,4
36245746937639,10:04:05.746,124.3800,8
36245746937639,10:04:05.746,124.3800,36
36245746937639,10:04:05.746,124.3800,34
36283002940498,10:04:43.002,124.3000,100
36283002940498,10:04:43.002,124.3000,100
36283002940498,10:04:43.002,124.3000,53
36291447768581,10:04:51.447,124.3000,47
36291447794345,10:04:51.447,124.3000,47
36291447920830,10:04:51.447,124.2900,100
36291786515057,10:04:51.786,124.3000,100
36295508801876,10:04:55.508,124.2700,100
36298782292992,10:04:58.782,124.3400,100
36298782292992,10:04:58.782,124.3400,100
36298782951975,10:04:58.782,124.3500,100
36298783356350,10:04:58.783,124.3500,1
36298783356350,10:04:58.783,124.3500,99
36299541855551,10:04:59.541,124.3100,1
36299541904332,10:04:59.541,124.3100,100
36299541904332,10:04:59.541,124.3100,100
36311929347367,10:05:11.929,124.3000,100
36333309320426,10:05:33.309,124.3100,100
36333309373348,10:05:33.309,124.3000,100
36344857710867,10:05:44.857,124.3800,20
36344857717226,10:05:44.857,124.3800,1
36373747373250,10:06:13.747,124.3600,10
36373747373250,10:06:13.747,124.3600,100
36376032405143,10:06:16.032,124.4100,100
36376032480487,10:06:16.032,124.4100,34
36376032534512,10:06:16.032,124.4100,66
36378342888518,10:06:18.342,124.3800,100
36378541897950,10:06:18.541,124.4200,54
36378541897950,10:06:18.541,124.4200,46
36387412481398,10:06:27.412,124.4100,100
36387686928728,10:06:27.686,124.3900,54
36387686928728,10:06:27.686,124.3800,46
36389885712872,10:06:29.885,124.4100,4
36389885756401,10:06:29.885,124.4100,96
36389978510663,10:06:29.978,124.4200,100
36389979194688,10:06:29.979,124.4200,100
36389979194688,10:06:29.979,124.4200,10
36390025472087,10:06:30.025,124.4300,96
36390025472087,10:06:30.025,124.4300,54
36390025500987,10:06:30.025,124.4300,46
36390025500987,10:06:30.025,124.4300,100
36390025500987,10:06:30.025,124.4300,10
36390026374684,10:06:30.026,124.4300,100
36390026374684,10:06:30.026,124.4300,100
36390026374684,10:06:30.026,124.4300,100
36390058946121,10:06:30.058,124.4300,100
36390059008268,10:06:30.059,124.4300,10
36390221312833,10:06:30.221,124.4200,100
36390788005042,10:06:30.788,124.4200,100
36390788070326,10:06:30.788,124.4200,100
36390788378151,10:06:30.788,124.4200,90
36400220573804,10:06:40.220,124.4200,100
36403246525343,10:06:43.246,124.4300,100
36405124678764,10:06:45.124,124.4200,100
36406947648776,10:06:46.947,124.4500,100
36407904453496,10:06:47.904,124.4700,27
36407904453496,10:06:47.904,124.4700,73
36407904481558,10:06:47.904,124.4700,27
36408164829844,10:06:48.164,124.4500,100
36418124052067,10:06:58.124,124.4600,100
36418124098477,10:06:58.124,124.4600,200
36422573501680,10:07:02.573,124.4900,100
36422839709619,10:07:02.839,124.4900,100
36422839709619,10:07:02.839,124.4900,100
36423298920754,10:07:03.298,124.4800,100
36423337947185,10:07:03.337,124.4800,100
36423927976219,10:07:03.927,124.5000,100
36426200273333,10:07:06.200,124.5200,100
36432256297789,10:07:12.256,124.4800,50
36432257176206,10:07:12.257,124.4800,3
36432268377180,10:07:12.268,124.4800,47
36437143866247,10:07:17.143,124.4800,100
36456391210184,10:07:36.391,124.4300,100
36458587302120,10:07:38.587,124.4800,55
36476078324092,10:07:56.078,124.5100,100
36479839226322,10:07:59.839,124.5100,44
36479839226322,10:07:59.839,124.5100,6
36483271771961,10:08:03.271,124.5100,94
36483271771961,10:08:03.271,124.5100,100
36485636150176,10:08:05.636,124.5300,100
36492507270174,10:08:12.507,124.5300,38
36492507296197,10:08:12.507,124.5300,12
36492507370276,10:08:12.507,124.5400,38
36495351741060,10:08:15.351,124.5400,62
36501587932844,10:08:21.587,124.5600,100
36507159223142,10:08:27.159,124.5700,100
36507159947819,10:08:27.159,124.5600,100
36519087901794,10:08:39.087,124.5200,9
36523152260691,10:08:43.152,124.5100,100
36528556824114,10:08:48.556,124.5000,100
36528556853079,10:08:48.556,124.5000,900
36528556853079,10:08:48.556,124.5000,152
36532916375316,10:08:52.916,124.5300,100
36532919231320,10:08:52.919,124.5400,100
36546742177544,10:09:06.742,124.5100,100
36546742367075,10:09:06.742,124.5100,40
36558877531370,10:09:18.877,124.4500,100
36567278152395,10:09:27.278,124.4500,100
36567278152395,10:09:27.278,124.4400,50
36571975816319,10:09:31.975,124.4700,100
36572269008384,10:09:32.269,124.4400,50
36572269008384,10:09:32.269,124.4400,50
36574024303377,10:09:34.024,124.4800,100
36574030212617,10:09:34.030,124.5000,100
36574905611967,10:09:34.905,124.5000,10
36574905614862,10:09:34.905,124.5000,20
36574907515987,10:09:34.907,124.5000,20
36574908617296,10:09:34.908,124.5000,10
36574909137972,10:09:34.909,124.5000,40
36578425756766,10:09:38.425,124.5400,100
36594621195551,10:09:54.621,124.5100,100
36623985162611,10:10:23.985,124.4900,100
36623985279869,10:10:23.985,124.4900,96
36624129434549,10:10:24.129,124.5200,1
36672073017633,10:11:12.073,124.5200,100
36697037579853,10:11:37.037,124.5700,100
36699926557674,10:11:39.926,124.6100,13
36708689790316,10:11:48.689,124.6400,3
36708690341752,10:11:48.690,124.6400,97
36715344068414,10:11:55.344,124.6100,100
36715345138038,10:11:55.345,124.6000,74
36715345168728,10:11:55.345,124.6000,26
36715347487644,10:11:55.347,124.5900,100
36730274398407,10:12:10.274,124.6100,9
36730274649404,10:12:10.274,124.6100,9
36730275254391,10:12:10.275,124.6000,9
36730277709324,10:12:10.277,124.5900,18
36730278626992,10:12:10.278,124.5900,50
36731014702876,10:12:11.014,124.5900,32
36731014702876,10:12:11.014,124.5900,68
36731434361986,10:12:11.434,124.5900,32
36743281657150,10:12:23.281,124.5500,68
36762329635300,10:12:42.329,124.5400,100
36774011107266,10:12:54.011,124.5700,50
36774011128574,10:12:54.011,124.5700,50
36778542683007,10:12:58.542,124.5600,50
36778542973457,10:12:58.542,124.5600,30
36778542973457,10:12:58.542,124.5500,94
36778543072495,10:12:58.543,124.5500,30
36799760748612,10:13:19.760,124.5600,30
36815073408683,10:13:35.073,124.4900,100
36815073408683,10:13:35.073,124.4900,100
36815073874730,10:13:35.073,124.4800,100
36830179220851,10:13:50.179,124.5000,100
36830839669630,10:13:50.839,124.5200,100
36860614935283,10:14:20.614,124.4700,10
36887868173057,10:14:47.868,124.4500,29
36890130897958,10:14:50.130,124.5100,100
36890130897958,10:14:50.130,124.5100,100
36933442321977,10:15:33.442,124.4900,100
36967395726765,10:16:07.395,124.4700,100
36967395726765,10:16:07.395,124.4700,10
36995191574472,10:16:35.191,124.4700,100
37014082379481,10:16:54.082,124.4500,100
37015909812282,10:16:55.909,124.4800,100
37019338480040,10:16:59.338,124.4600,100
37025177331946,10:17:05.177,124.4400,100
37025177379921,10:17:05.177,124.4400,100
37025882070187,10:17:05.882,124.4300,50
37025882099102,10:17:05.882,124.4300,50
37031680865953,10:17:11.680,124.4100,100
37033795214292,10:17:13.795,124.4100,91
37037764520801,10:17:17.764,124.4300,100
37059941672330,10:17:39.941,124.4300,100
37060415503280,10:17:40.415,124.4400,50
37060415529982,10:17:40.415,124.4400,50
37060415529982,10:17:40.415,124.4400,53
37060415554991,10:17:40.415,124.4400,100
37060416780818,10:17:40.416,124.4600,100
37086927414996,10:18:06.927,124.4100,100
37086927414996,10:18:06.927,124.4100,10
37087341444484,10:18:07.341,124.3700,100
37088491244815,10:18:08.491,124.3300,100
37088502339524,10:18:08.502,124.3200,50
37088502364712,10:18:08.502,124.3200,50
37089340365635,10:18:09.340,124.3200,37
37089340393604,10:18:09.340,124.3200,63
37092537732160,10:18:12.537,124.3000,200
37092537732160,10:18:12.537,124.3000,100
37106403196272,10:18:26.403,124.2300,100
37106404965539,10:18:26.404,124.2300,90
37106404989841,10:18:26.404,124.2300,10
37108504224129,10:18:28.504,124.2200,100
37108852757714,10:18:28.852,124.2200,100
37108852757714,10:18:28.852,124.2200,100
37108852757714,10:18:28.852,124.2200,100
37109676790262,10:18:29.676,124.2600,68
37109676790262,10:18:29.676,124.2600,32
37116686531194,10:18:36.686,124.2700,200
37123567701930,10:18:43.567,124.2700,100
37123567701930,10:18:43.567,124.2700,100
37123567701930,10:18:43.567,124.2700,100
37130322884278,10:18:50.322,124.2200,100
37173682967469,10:19:33.682,124.2800,10
37173682967469,10:19:33.682,124.2800,73
37194287740197,10:19:54.287,124.2600,61
37208784002699,10:20:08.784,124.2100,100
37208784002699,10:20:08.784,124.2100,11
37234137971442,10:20:34.137,124.1700,100
37234138596549,10:20:34.138,124.1600,100
37239398835894,10:20:39.398,124.1300,100
37239400463521,10:20:39.400,124.1100,50
37239400491430,10:20:39.400,124.1100,50
37240025558628,10:20:40.025,124.1600,8
37240025583995,10:20:40.025,124.1600,92
37260069450154,10:21:00.069,124.1300,100
37275023350949,10:21:15.023,124.1300,3
37275023350949,10:21:15.023,124.1400,800
37277541078407,10:21:17.541,124.1500,100
37290374035410,10:21:30.374,124.2300,100
37290374048519,10:21:30.374,124.2300,50
37298004134314,10:21:38.004,124.2100,100
37351762468356,10:22:31.762,124.2200,1
37351762468356,10:22:31.762,124.2300,57
37351762496366,10:22:31.762,124.2300,43
37361094948162,10:22:41.094,124.2300,100
37361097362580,10:22:41.097,124.2200,11
37367992541877,10:22:47.992,124.1600,98
37428182631056,10:23:48.182,124.1700,100
37428182631056,10:23:48.182,124.1700,44
37434746774365,10:23:54.746,124.1400,50
37434746874994,10:23:54.746,124.1400,50
37438650647833,10:23:58.650,124.1300,100
37440028258394,10:24:00.028,124.1600,100
37446746176185,10:24:06.746,124.1100,100
37446746546539,10:24:06.746,124.1100,100
37450811633483,10:24:10.811,124.1500,100
37451698214925,10:24:11.698,124.1300,100
37451700418996,10:24:11.700,124.1200,100
37494084571835,10:24:54.084,124.1200,5
37494084678649,10:24:54.084,124.1100,5
37495605728637,10:24:55.605,124.1000,10
37495605728637,10:24:55.605,124.1000,90
37495605785748,10:24:55.605,124.1000,10
37495605785748,10:24:55.605,124.1000,100
37497327143224,10:24:57.327,124.1400,200
37500144697343,10:25:00.144,124.1500,100
37500144724842,10:25:00.144,124.1500,100
37511037114885,10:25:11.037,124.1500,50
37511037153478,10:25:11.037,124.1500,50
37513293706641,10:25:13.293,124.1500,200
37591173854477,10:26:31.173,124.2000,1
37613459672663,10:26:53.459,124.1800,33
37640025372992,10:27:20.025,124.1900,100
37652996344087,10:27:32.996,124.2200,100
37652996344087,10:27:32.996,124.2200,10
37653004878955,10:27:33.004,124.2300,100
37653004962975,10:27:33.004,124.2300,100
37654076337290,10:27:34.076,124.2300,1
37680880745451,10:28:00.880,124.2800,100
37691003269430,10:28:11.003,124.2800,19
37691003296810,10:28:11.003,124.2800,21
37692221712100,10:28:12.221,124.3200,100
37703933294393,10:28:23.933,124.3300,100
37706290308245,10:28:26.290,124.3400,100
37706290333700,10:28:26.290,124.3400,100
37707322850231,10:28:27.322,124.3500,100
37707322850231,10:28:27.322,124.3500,100
37707322877354,10:28:27.322,124.3500,100
37712269232365,10:28:32.269,124.3400,100
37736991510086,10:28:56.991,124.3900,7
37748232698657,10:29:08.232,124.3900,22
37755328614205,10:29:15.328,124.3800,13
37755328614205,10:29:15.328,124.3800,100
37755328614205,10:29:15.328,124.3800,100
37755328621306,10:29:15.328,124.3800,22
37767079632366,10:29:27.079,124.3750,100
37801247013209,10:30:01.247,124.4100,4
37806885661460,10:30:06.885,124.3900,94
37806886523612,10:30:06.886,124.3900,6
37806886523612,10:30:06.886,124.3900,100
37806886523612,10:30:06.886,124.3900,9
37806886523612,10:30:06.886,124.3900,100
37806886527971,10:30:06.886,124.3900,71
37806886527971,10:30:06.886,124.3900,36
37806888796949,10:30:06.888,124.3600,28
37806889124838,10:30:06.889,124.3600,32
37806889374569,10:30:06.889,124.3600,26
37806893059871,10:30:06.893,124.3600,14
37806893059871,10:30:06.893,124.3400,18
37821048000306,10:30:21.048,124.3800,8
37821048165907,10:30:21.048,124.3800,16
37821048918163,10:30:21.048,124.3800,8
37831112055981,10:30:31.112,124.3800,100
37839785536228,10:30:39.785,124.3800,50
37839785612816,10:30:39.785,124.3800,43
37839785612816,10:30:39.785,124.4000,100
37839785612816,10:30:39.785,124.4000,57
37839785641205,10:30:39.785,124.4000,43
37860580056589,10:31:00.580,124.3800,35
37860580124113,10:31:00.580,124.3800,65
37868384425829,10:31:08.384,124.4200,4
37880178008817,10:31:20.178,124.3900,100
37880178094796,10:31:20.178,124.3900,69
37901228060476,10:31:41.228,124.4000,100
37901784613793,10:31:41.784,124.4100,100
37911212730983,10:31:51.212,124.4000,100
37911212757547,10:31:51.212,124.4000,100
37914603184265,10:31:54.603,124.4000,69
37945100717125,10:32:25.100,124.4300,10
37945100771815,10:32:25.100,124.4400,10
37945100847974,10:32:25.100,124.4500,9
37953181752224,10:32:33.181,124.4500,42
37953181779514,10:32:33.181,124.4500,49
37953182443038,10:32:33.182,124.4500,10
37962010581879,10:32:42.010,124.4300,57
37962010590319,10:32:42.010,124.4300,43
37962010590319,10:32:42.010,124.4300,57
37962010673621,10:32:42.010,124.4300,43
37962010673621,10:32:42.010,124.4300,17
37962010886366,10:32:42.010,124.4300,60
37962011165584,10:32:42.011,124.4300,2
37962011385963,10:32:42.011,124.4300,38
37962018134455,10:32:42.018,124.4200,9
38010597592236,10:33:30.597,124.3800,100
38033648697011,10:33:53.648,124.4300,100
38033648722000,10:33:53.648,124.4300,63
38050040972909,10:34:10.040,124.4000,20
38050040972909,10:34:10.040,124.4000,100
38050040972909,10:34:10.040,124.4000,100
38055826178227,10:34:15.826,124.3800,100
38055826178227,10:34:15.826,124.3800,50
38059952385300,10:34:19.952,124.3500,100
38065248843125,10:34:25.248,124.3400,58
38065248884881,10:34:25.248,124.3400,42
38065249281138,10:34:25.249,124.3200,99
38065249281138,10:34:25.249,124.3200,2
38074949554019,10:34:34.949,124.2700,9
38081617702397,10:34:41.617,124.2700,100
38086829609104,10:34:46.829,124.2700,100
38152789798473,10:35:52.789,124.2000,100
38155034513655,10:35:55.034,124.2200,100
38217278937832,10:36:57.278,124.2100,100
38217278937832,10:36:57.278,124.2100,100
38231462880067,10:37:11.462,124.1800,37
38234284712473,10:37:14.284,124.1700,100
38234284712473,10:37:14.284,124.1700,18
38268814793920,10:37:48.814,124.1300,11
38268814793920,10:37:48.814,124.1300,100
38284062654726,10:38:04.062,124.1000,20
38284062805234,10:38:04.062,124.1000,80
38284062805234,10:38:04.062,124.1000,20
38284062832464,10:38:04.062,124.1000,80
38284062832464,10:38:04.062,124.1000,20
38284062835341,10:38:04.062,124.1000,80
38284062861121,10:38:04.062,124.1000,100
38288587118745,10:38:08.587,124.1400,100
38288666297348,10:38:08.666,124.1500,100
38293325080481,10:38:13.325,124.1600,100
38318161626967,10:38:38.161,124.2000,8
38330093177522,10:38:50.093,124.2000,100
38340519949117,10:39:00.519,124.2200,100
38360142516244,10:39:20.142,124.2100,32
38360142516244,10:39:20.142,124.2100,18
38360142909055,10:39:20.142,124.2000,100
38383157272282,10:39:43.157,124.1900,25
38412281261096,10:40:12.281,124.1700,94
38416412709243,10:40:16.412,124.1700,4
38464999372537,10:41:04.999,124.1600,100
38464999372537,10:41:04.999,124.1600,10
38466464461429,10:41:06.464,124.1600,50
38494923020800,10:41:34.923,124.1800,100
38494925998793,10:41:34.925,124.1800,1
38506147954488,10:41:46.147,124.1700,41
38506147981427,10:41:46.147,124.1700,59
38508166746834,10:41:48.166,124.1800,100
38536416280561,10:42:16.416,124.1900,100
38536416280561,10:42:16.416,124.1900,100
38536416280561,10:42:16.416,124.1900,100
38536416363542,10:42:16.416,124.1900,100
38573022737840,10:42:53.022,124.1900,100
38605563179445,10:43:25.563,124.2100,100
38605563179445,10:43:25.563,124.2100,100
38605563680825,10:43:25.563,124.2100,48
38605563703730,10:43:25.563,124.2100,52
38605563703730,10:43:25.563,124.2100,10
38605563703730,10:43:25.563,124.2100,38
38605563705979,10:43:25.563,124.2100,52
38605563840912,10:43:25.563,124.2100,10
38605565909161,10:43:25.565,124.2100,9
38608577584706,10:43:28.577,124.2100,50
38608577614777,10:43:28.577,124.2100,41
38616028033168,10:43:36.028,124.1800,100
38624672866379,10:43:44.672,124.1800,80
38657473202214,10:44:17.473,124.2200,93
38657473643654,10:44:17.473,124.2200,7
38657481670215,10:44:17.481,124.2200,100
38658525632866,10:44:18.525,124.2300,9
38658594461014,10:44:18.594,124.2600,14
38696749280305,10:44:56.749,124.2600,35
38705358136634,10:45:05.358,124.2600,65
38706127371579,10:45:06.127,124.2900,43
38713482642715,10:45:13.482,124.2500,100
38748550738589,10:45:48.550,124.2600,100
38748550766136,10:45:48.550,124.2400,84
38748550767371,10:45:48.550,124.2400,16
38761793105771,10:46:01.793,124.2500,100
38783225666730,10:46:23.225,124.2500,3
38783226489913,10:46:23.226,124.2600,100
38824231354767,10:47:04.231,124.2300,100
38824231379821,10:47:04.231,124.2300,100
38839122376103,10:47:19.122,124.2400,100
38839122436036,10:47:19.122,124.2400,14
38839122436036,10:47:19.122,124.2400,86
38839122450997,10:47:19.122,124.2400,100
38839122480645,10:47:19.122,124.2400,14
38843701649887,10:47:23.701,124.2600,100
38843701649887,10:47:23.701,124.2700,9
38843701649887,10:47:23.701,124.2700,100
38843701797181,10:47:23.701,124.2700,100
38843701797181,10:47:23.701,124.2700,100
38856397215856,10:47:36.397,124.2300,60
38904123180496,10:48:24.123,124.2500,100
38925680874573,10:48:45.680,124.2500,1
38936262364572,10:48:56.262,124.2700,34
38950402434855,10:49:10.402,124.2900,100
38950402522783,10:49:10.402,124.2900,100
38991517436248,10:49:51.517,124.3400,80
38994680376272,10:49:54.680,124.3400,20
39003370072811,10:50:03.370,124.3300,100
39036381064957,10:50:36.381,124.3200,70
39036381617773,10:50:36.381,124.3200,30
39048559798900,10:50:48.559,124.3300,100
39050350668381,10:50:50.350,124.3300,100
39050350694098,10:50:50.350,124.3300,15
39067105900794,10:51:07.105,124.3600,58
39067105928921,10:51:07.105,124.3600,42
39100674328009,10:51:40.674,124.4000,40
39101615628083,10:51:41.615,124.4200,1200
39109537456431,10:51:49.537,124.4200,100
39125559393456,10:52:05.559,124.4200,9
39125562573781,10:52:05.562,124.4100,16
39162652939422,10:52:42.652,124.3800,100
39162653023294,10:52:42.653,124.3800,100
39162653137332,10:52:42.653,124.3800,100
39167449790248,10:52:47.449,124.4000,200
39167452206846,10:52:47.452,124.4000,53
39180661971199,10:53:00.661,124.3800,58
39180662012498,10:53:00.662,124.3800,42
39188576430242,10:53:08.576,124.4000,8
39196113480511,10:53:16.113,124.4000,92
39239099021271,10:53:59.099,124.4000,100
39239099021271,10:53:59.099,124.4000,100
39244969033656,10:54:04.969,124.4100,50
39244969048198,10:54:04.969,124.4100,50
39266642968439,10:54:26.642,124.4300,1
39269489624695,10:54:29.489,124.4200,100
39297067711897,10:54:57.067,124.4300,213
39297067793922,10:54:57.067,124.4300,186
39297067793922,10:54:57.067,124.4400,27
39297067821590,10:54:57.067,124.4400,73
39297067821590,10:54:57.067,124.4400,13
39297067821590,10:54:57.067,124.4400,100
39297067878987,10:54:57.067,124.4400,100
39297068391718,10:54:57.068,124.4400,2
39297070533667,10:54:57.070,124.4400,98
39297070533667,10:54:57.070,124.4400,100
39297070533667,10:54:57.070,124.4400,100
39300246513816,10:55:00.246,124.4400,100
39308084649071,10:55:08.084,124.4500,99
39308084680044,10:55:08.084,124.4500,1
39308084680044,10:55:08.084,124.4500,16
39308084680044,10:55:08.084,124.4500,99
39308085096437,10:55:08.085,124.4500,1
39308626362200,10:55:08.626,124.4500,99
39308626362200,10:55:08.626,124.4500,1
39322613455543,10:55:22.613,124.4700,100
39322641151770,10:55:22.641,124.4700,100
39344544526578,10:55:44.544,124.4400,100
39372185262690,10:56:12.185,124.4200,58
39372185293114,10:56:12.185,124.4200,42
39372185293114,10:56:12.185,124.4200,100
39372185293114,10:56:12.185,124.4200,10
39372186973348,10:56:12.186,124.4100,100
39388566529866,10:56:28.566,124.4100,100
39424790744836,10:57:04.790,124.4300,52
39424790744836,10:57:04.790,124.4300,100
39467103050531,10:57:47.103,124.4100,5
39493688824573,10:58:13.688,124.4100,35
39511044008229,10:58:31.044,124.4100,65
39511044008229,10:58:31.044,124.4100,35
39511044899357,10:58:31.044,124.4100,65
39514525136763,10:58:34.525,124.3900,100
39534604325084,10:58:54.604,124.3800,100
39536265791339,10:58:56.265,124.4000,100
39536265825210,10:58:56.265,124.4000,16
39548314472792,10:59:08.314,124.3600,100
39555023657239,10:59:15.023,124.3600,50
39555023683401,10:59:15.023,124.3600,50
39561202121904,10:59:21.202,124.3600,100
39595440273114,10:59:55.440,124.3900,100
39609774109121,11:00:09.774,124.4200,10
39610084568403,11:00:10.084,124.4100,10
39633083003796,11:00:33.083,124.4000,50
39660872236485,11:01:00.872,124.4300,9
39660872236485,11:01:00.872,124.4300,9
39660879777623,11:01:00.879,124.4400,4
39660879803159,11:01:00.879,124.4400,104
39663201133570,11:01:03.201,124.5200,1
39663397135877,11:01:03.397,124.5400,100
39663459327487,11:01:03.459,124.5400,89
39663493695031,11:01:03.493,124.6000,5
39663498587277,11:01:03.498,124.6000,5
39663502379699,11:01:03.502,124.6000,5
39666456769898,11:01:06.456,124.6200,41
39666458448092,11:01:06.458,124.6200,46
39666458448092,11:01:06.458,124.6200,10
39666458448092,11:01:06.458,124.6200,100
39666849025414,11:01:06.849,124.5700,100
39666851802632,11:01:06.851,124.5600,100
39666851802632,11:01:06.851,124.5600,36
39666854677478,11:01:06.854,124.5600,64
39666854677478,11:01:06.854,124.5600,100
39666855334334,11:01:06.855,124.5500,200
39666855644498,11:01:06.855,124.5500,100
39671064067240,11:01:11.064,124.5600,98
39671064067240,11:01:11.064,124.5600,100
39671686531526,11:01:11.686,124.5600,100
39684147942209,11:01:24.147,124.5800,100
39684154386620,11:01:24.154,124.6100,9
39702985252079,11:01:42.985,124.5950,100
39702985661991,11:01:42.985,124.5950,100
39720233603636,11:02:00.233,124.5850,4
39720233603636,11:02:00.233,124.6100,100
39720233603636,11:02:00.233,124.6100,96
39720233650997,11:02:00.233,124.6100,4
39722186329637,11:02:02.186,124.6200,13
39722190677815,11:02:02.190,124.6300,100
39754477033011,11:02:34.477,124.6400,100
39754477442636,11:02:34.477,124.6400,100
39842453016989,11:04:02.453,124.7100,50
39842453032134,11:04:02.453,124.7200,42
39842471052725,11:04:02.471,124.7200,62
39842471078236,11:04:02.471,124.7200,38
39845432436076,11:04:05.432,124.7200,100
39845432436076,11:04:05.432,124.7200,100
39845432436076,11:04:05.432,124.7200,49
39850570262434,11:04:10.570,124.7100,8
39859694452935,11:04:19.694,124.7000,100
39859694452935,11:04:19.694,124.7300,100
39859694452935,11:04:19.694,124.7300,11
39859694452935,11:04:19.694,124.7300,300
39859694452935,11:04:19.694,124.7300,100
39859694452935,11:04:19.694,124.7400,500
39898186800028,11:04:58.186,124.7100,100
39928001997480,11:05:28.001,124.7500,100
39928001997480,11:05:28.001,124.7500,12
40032943842522,11:07:12.943,124.7800,78
40032944481096,11:07:12.944,124.7900,40
40080979798119,11:08:00.979,124.7900,100
40087826908848,11:08:07.826,124.7700,9
40136348668624,11:08:56.348,124.8000,20
40147267568427,11:09:07.267,124.8000,80
40169217614376,11:09:29.217,124.8300,100
40169218521592,11:09:29.218,124.8400,5
40169218550300,11:09:29.218,124.8400,95
40186171858570,11:09:46.171,124.8500,19
40208346044616,11:10:08.346,124.8500,100
40225667569663,11:10:25.667,124.8700,16
40225668704054,11:10:25.668,124.8700,16
40244441159278,11:10:44.441,124.8600,44
40244441186530,11:10:44.441,124.8600,56
40249386415389,11:10:49.386,124.8500,100
40261318760899,11:11:01.318,124.8300,100
40261318844856,11:11:01.318,124.8300,100
40281062776113,11:11:21.062,124.8300,72
40298417769681,11:11:38.417,124.8300,28
40304811793555,11:11:44.811,124.8700,41
40321069285768,11:12:01.069,124.9100,13
40321069285768,11:12:01.069,124.9100,100
40356232426370,11:12:36.232,124.9700,50
40356232451057,11:12:36.232,124.9700,50
40361743915804,11:12:41.743,125.0000,100
40391484671133,11:13:11.484,125.0300,13
40404462704611,11:13:24.462,125.0200,100
40409256426822,11:13:29.256,125.0000,100
40409256426822,11:13:29.256,125.0000,8
40411453482144,11:13:31.453,125.0000,90
40412172934742,11:13:32.172,125.0000,10
40412174458396,11:13:32.174,124.9900,40
40422801632032,11:13:42.801,125.0100,100
40422804512614,11:13:42.804,125.0200,100
40437172060283,11:13:57.172,125.0600,100
40463068083394,11:14:23.068,125.0700,18
40481461887635,11:14:41.461,125.0800,5
40481463034321,11:14:41.463,125.0800,95
40481463034321,11:14:41.463,125.0800,5
40481463437159,11:14:41.463,125.0800,50
40481465845388,11:14:41.465,125.1000,31
40481465845388,11:14:41.465,125.1000,4
40501853310281,11:15:01.853,125.1100,100
40520366573950,11:15:20.366,125.0700,100
40531068092853,11:15:31.068,125.0600,43
40531068117789,11:15:31.068,125.0600,57
40531077702534,11:15:31.077,125.0400,100
40537444539061,11:15:37.444,125.0500,100
40546710323767,11:15:46.710,125.0700,25
40560800385979,11:16:00.800,125.0700,26
40562282481033,11:16:02.282,125.0800,17
40572408593952,11:16:12.408,125.0600,100
40572408593952,11:16:12.408,125.0600,7
40583906730965,11:16:23.906,125.0800,100
40583906730965,11:16:23.906,125.0800,31
40632096700224,11:17:12.096,125.0500,3
40632096700224,11:17:12.096,125.0500,9
40661155666777,11:17:41.155,125.0100,100
40680697154689,11:18:00.697,125.0200,100
40687765497654,11:18:07.765,125.0000,7
40726953635755,11:18:46.953,124.9700,100
40745813406320,11:19:05.813,125.0200,100
40745813406320,11:19:05.813,125.0200,28
40745982824053,11:19:05.982,125.0400,100
40754199582671,11:19:14.199,125.0500,3
40764111711978,11:19:24.111,125.0700,13
40764111752846,11:19:24.111,125.0800,87
40764626096486,11:19:24.626,125.0500,100
40766383320918,11:19:26.383,125.0400,40
40766383351905,11:19:26.383,125.0400,60
40820321835331,11:20:20.321,125.1000,11
40820322601934,11:20:20.322,125.1000,10
40862690640607,11:21:02.690,125.1000,10
40862691094851,11:21:02.691,125.1000,90
40913839058524,11:21:53.839,125.0600,100
40930201032125,11:22:10.201,125.0600,100
40930201127145,11:22:10.201,125.0400,7
40974029236328,11:22:54.029,125.0700,8
40974030072050,11:22:54.030,125.0700,92
40986378792225,11:23:06.378,125.0800,74
40986378827675,11:23:06.378,125.0800,26
40986378827675,11:23:06.378,125.0800,88
40986378834320,11:23:06.378,125.0800,12
40986380136463,11:23:06.380,125.0800,100
40986380151499,11:23:06.380,125.0800,49
40997674578347,11:23:17.674,125.1200,14
41028191147282,11:23:48.191,125.1200,37
41043063432709,11:24:03.063,125.1000,95
41058515894283,11:24:18.515,125.0900,10
41058515940735,11:24:18.515,125.0900,58
41058516906305,11:24:18.516,125.0900,32
41083139253727,11:24:43.139,125.1200,22
41117129008359,11:25:17.129,125.0800,7
41121478012889,11:25:21.478,125.0500,100
41121478853600,11:25:21.478,125.0600,100
41131423638085,11:25:31.423,125.0800,100
41147248608870,11:25:47.248,125.0800,31
41213701448609,11:26:53.701,125.1000,12
41213701829560,11:26:53.701,125.1100,10
41213835787905,11:26:53.835,125.1100,90
41213836119429,11:26:53.836,125.1100,10
41217139340006,11:26:57.139,125.1100,10
41218868240782,11:26:58.868,125.1200,100
41220510416725,11:27:00.510,125.1300,10
41220510694808,11:27:00.510,125.1300,10
41220511251255,11:27:00.511,125.1300,80
41278549890874,11:27:58.549,125.0700,100
41282185836644,11:28:02.185,125.1200,100
41282185836644,11:28:02.185,125.1200,81
41282342466922,11:28:02.342,125.1200,19
41284346810801,11:28:04.346,125.1400,100
41284346810801,11:28:04.346,125.1400,100
41284346810801,11:28:04.346,125.1400,100
41284350866440,11:28:04.350,125.1400,100
41294142411591,11:28:14.142,125.1100,100
41294142438368,11:28:14.142,125.1100,200
41294142506579,11:28:14.142,125.1100,200
41294142558036,11:28:14.142,125.1100,100
41294618472177,11:28:14.618,125.1100,300
41294618472177,11:28:14.618,125.1100,100
41301130195497,11:28:21.130,125.1500,30
41301855348747,11:28:21.855,125.1600,100
41308200889357,11:28:28.200,125.1600,100
41309492617336,11:28:29.492,125.1800,18
41309492617336,11:28:29.492,125.1800,200
41309492938885,11:28:29.492,125.1800,36
41309603203879,11:28:29.603,125.1800,164
41309603306973,11:28:29.603,125.1800,100
41309603420619,11:28:29.603,125.1800,100
41309714038067,11:28:29.714,125.1800,100
41309714038067,11:28:29.714,125.1800,100
41339784956051,11:28:59.784,125.1600,25
41343380570234,11:29:03.380,125.1500,25
41343380570234,11:29:03.380,125.1500,75
41347071913082,11:29:07.071,125.1500,25
41444533290939,11:30:44.533,125.1400,7
41444534175694,11:30:44.534,125.1300,26
41444534201805,11:30:44.534,125.1300,74
41470956236298,11:31:10.956,125.1000,95
41470956247312,11:31:10.956,125.1000,5
41471555938156,11:31:11.555,125.0800,93
41476291331256,11:31:16.291,125.0800,25
41476291357699,11:31:16.291,125.0800,75
41489006529293,11:31:29.006,125.1000,100
41489006539009,11:31:29.006,125.1000,97
41501099778335,11:31:41.099,125.1200,100
41509256363124,11:31:49.256,125.1200,100
41547339092086,11:32:27.339,125.1200,7
41565158206206,11:32:45.158,125.1100,100
41589981845389,11:33:09.981,125.1100,10
41599294941972,11:33:19.294,125.1300,100
41614243621226,11:33:34.243,125.0800,100
41690365176377,11:34:50.365,125.0800,100
41690365192519,11:34:50.365,125.0900,100
41698189303170,11:34:58.189,125.1100,25
41698290807815,11:34:58.290,125.1100,20
41698433098150,11:34:58.433,125.1100,20
41699273680234,11:34:59.273,125.1100,20
41702012670150,11:35:02.012,125.1100,20
41706588110029,11:35:06.588,125.0900,100
41706588110029,11:35:06.588,125.0900,100
41741855328733,11:35:41.855,125.0900,100
41741855848359,11:35:41.855,125.0900,7
41741857518148,11:35:41.857,125.0800,10
41741857518148,11:35:41.857,125.0800,300
41741858991019,11:35:41.858,125.0700,29
41787909459634,11:36:27.909,125.0600,5
41787910013689,11:36:27.910,125.0600,3
41789774587350,11:36:29.774,125.0300,7
41843273700074,11:37:23.273,125.0600,100
41843273700074,11:37:23.273,125.0700,30
41843273826835,11:37:23.273,125.0700,100
41843273826835,11:37:23.273,125.0700,30
41843274055730,11:37:23.274,125.0700,70
41857697942583,11:37:37.697,125.0500,49
41909372685560,11:38:29.372,124.9700,100
41933618785987,11:38:53.618,124.9500,91
41950903761220,11:39:10.903,124.9300,100
41966914479811,11:39:26.914,124.9500,100
41967748570377,11:39:27.748,124.9600,100
42040397135704,11:40:40.397,124.9500,111
42040397452282,11:40:40.397,124.9500,100
42040398984299,11:40:40.398,124.9700,100
42040399413063,11:40:40.399,124.9600,100
42040401342703,11:40:40.401,124.9600,100
42060645234710,11:41:00.645,124.9500,100
42099836257968,11:41:39.836,124.9500,61
42099836402739,11:41:39.836,124.9500,1
42099837440810,11:41:39.837,124.9600,11
42131247933478,11:42:11.247,124.9800,100
42131247933478,11:42:11.247,124.9800,24
42131247933478,11:42:11.247,124.9800,100
42131248580152,11:42:11.248,124.9800,1
42131248694049,11:42:11.248,124.9800,99
42131248694049,11:42:11.248,124.9800,1
42131248842006,11:42:11.248,124.9800,99
42131248842006,11:42:11.248,124.9800,1
42131253221510,11:42:11.253,124.9800,99
42132475040650,11:42:12.475,124.9900,9
42132475040650,11:42:12.475,124.9900,100
42132475046677,11:42:12.475,124.9900,109
42132475112108,11:42:12.475,124.9900,130
42136432725361,11:42:16.432,124.9700,8
42156985572539,11:42:36.985,124.9900,10
42156985675977,11:42:36.985,124.9900,10
42156985886708,11:42:36.985,124.9900,10
42164739594936,11:42:44.739,124.9900,100
42164740082741,11:42:44.740,125.0000,100
42168531170105,11:42:48.531,125.0100,100
42195243562579,11:43:15.243,125.0200,27
42195243562579,11:43:15.243,125.0200,100
42195245107177,11:43:15.245,125.0400,30
42195245107177,11:43:15.245,125.0400,100
42209985642709,11:43:29.985,125.0500,67
42209985664029,11:43:29.985,125.0500,33
42220070483082,11:43:40.070,125.0900,100
42240794393652,11:44:00.794,125.0500,100
42247904615533,11:44:07.904,125.0400,100
42247904615533,11:44:07.904,125.0400,8
42301089570786,11:45:01.089,125.1200,100
42301459240523,11:45:01.459,125.1300,100
42301459240523,11:45:01.459,125.1300,65
42310389838161,11:45:10.389,125.1100,4
42320701448279,11:45:20.701,125.1300,9
42320701448279,11:45:20.701,125.1300,42
42363217675757,11:46:03.217,125.1100,29
42363217675757,11:46:03.217,125.1100,87
42363217737970,11:46:03.217,125.1100,13
42378499882286,11:46:18.499,125.1400,400
42407707237859,11:46:47.707,125.0900,100
42409032462592,11:46:49.032,125.0900,100
42414855148721,11:46:54.855,125.1000,100
42414855295830,11:46:54.855,125.1100,100
42441469329383,11:47:21.469,125.1400,200
42441469329383,11:47:21.469,125.1400,30
42441469329383,11:47:21.469,125.1400,70
42441900344449,11:47:21.900,125.1400,100
42466837871081,11:47:46.837,125.1500,165
42466837879706,11:47:46.837,125.1500,35
42466837932862,11:47:46.837,125.1600,13
42516495758831,11:48:36.495,125.2000,100
42591474612831,11:49:51.474,125.2100,100
42591474631258,11:49:51.474,125.2200,30
42591474731910,11:49:51.474,125.2200,70
42648235769229,11:50:48.235,125.1800,45
42648235769229,11:50:48.235,125.1800,100
42665746974537,11:51:05.746,125.2000,100
42665747579994,11:51:05.747,125.2100,100
42691527536366,11:51:31.527,125.1500,7
42691527858148,11:51:31.527,125.1700,10
42691528526252,11:51:31.528,125.1500,10
42691528526252,11:51:31.528,125.1400,4
42693886662052,11:51:33.886,125.1300,1
42710825241422,11:51:50.825,125.1500,26
42718699940099,11:51:58.699,125.1600,193
42718699940099,11:51:58.699,125.1600,12
42742508685614,11:52:22.508,125.1200,7
42818773683071,11:53:38.773,125.1600,100
42818777704049,11:53:38.777,125.1700,100
42901298842044,11:55:01.298,125.1900,31
42901298883318,11:55:01.298,125.1900,69
42903143352852,11:55:03.143,125.2000,15
42903143352852,11:55:03.143,125.2000,85
42903143386915,11:55:03.143,125.2000,15
42903154786896,11:55:03.154,125.2100,100
42954337517542,11:55:54.337,125.1600,69
42954337527202,11:55:54.337,125.1600,7
42954337878540,11:55:54.337,125.1600,24
42963501390129,11:56:03.501,125.1300,26
43010660956956,11:56:50.660,125.1400,6
43035016131616,11:57:15.016,125.1700,39
43058065930274,11:57:38.065,125.1800,100
43060568131296,11:57:40.568,125.2200,100
43089474486680,11:58:09.474,125.2100,100
43089474486680,11:58:09.474,125.2100,100
43094656760722,11:58:14.656,125.2200,100
43094656801101,11:58:14.656,125.2200,100
43094661266290,11:58:14.661,125.2300,100
43111045481625,11:58:31.045,125.2400,12
43111045481625,11:58:31.045,125.2400,42
43111046499447,11:58:31.046,125.2500,100
43149357202212,11:59:09.357,125.2500,8
43149357202212,11:59:09.357,125.2600,92
43159629567598,11:59:19.629,125.2200,50
43159629581107,11:59:19.629,125.2200,50
43243919936689,12:00:43.919,125.2100,10
43243919936689,12:00:43.919,125.2100,100
43243924186071,12:00:43.924,125.2200,100
43296847523679,12:01:36.847,125.1500,100
43296848019126,12:01:36.848,125.1500,100
43296849248163,12:01:36.849,125.1600,13
43302208201245,12:01:42.208,125.1900,100
43302208201245,12:01:42.208,125.1900,8
43302687087193,12:01:42.687,125.2000,58
43302687122110,12:01:42.687,125.2000,42
43302687122110,12:01:42.687,125.2000,100
43320253437973,12:02:00.253,125.2100,23
43320254947610,12:02:00.254,125.2200,100
43320254947610,12:02:00.254,125.2200,100
43320255602332,12:02:00.255,125.2200,2
43320273129238,12:02:00.273,125.2400,100
43323948095011,12:02:03.948,125.2400,53
43330841951913,12:02:10.841,125.2500,30
43334075473787,12:02:14.075,125.2600,53
43334075479709,12:02:14.075,125.2600,50
43334075491487,12:02:14.075,125.2600,97
43334075491487,12:02:14.075,125.2600,100
43334075491487,12:02:14.075,125.2600,3
43334075504707,12:02:14.075,125.2600,51
43334075504707,12:02:14.075,125.2600,98
43334078860576,12:02:14.078,125.2700,100
43339733767145,12:02:19.733,125.3000,100
43339841512335,12:02:19.841,125.2900,50
43339841521259,12:02:19.841,125.2900,50
43339841521259,12:02:19.841,125.2900,100
43339843332060,12:02:19.843,125.3000,200
43356659922748,12:02:36.659,125.3300,100
43356661090214,12:02:36.661,125.3300,100
43356663778065,12:02:36.663,125.3400,100
43357080985525,12:02:37.080,125.3300,100
43357081009604,12:02:37.081,125.3300,6
43388694608327,12:03:08.694,125.3700,20
43388694663113,12:03:08.694,125.3700,180
43452963454767,12:04:12.963,125.3700,5
43452963454767,12:04:12.963,125.3700,100
43458501393263,12:04:18.501,125.3600,31
43458501393263,12:04:18.501,125.3600,78
43492801634352,12:04:52.801,125.3800,58
43492801661854,12:04:52.801,125.3800,42
43501175075789,12:05:01.175,125.3500,107
43549226195219,12:05:49.226,125.3500,35
43549853271710,12:05:49.853,125.3400,7
43560398906389,12:06:00.398,125.3200,100
43560402088502,12:06:00.402,125.3200,16
43568522188388,12:06:08.522,125.3200,84
43726880750896,12:08:46.880,125.3100,91
43726880750896,12:08:46.880,125.3100,100
43728134852958,12:08:48.134,125.3200,100
43728134852958,12:08:48.134,125.3200,100
43728134852958,12:08:48.134,125.3200,17
43728135172969,12:08:48.135,125.3200,17
43728135667593,12:08:48.135,125.3200,83
43728382907492,12:08:48.382,125.3200,100
43743341328717,12:09:03.341,125.3200,100
43763058942885,12:09:23.058,125.3300,100
43774897397575,12:09:34.897,125.3300,100
43802399718849,12:10:02.399,125.3000,6
43802399718849,12:10:02.399,125.3000,49
43860226625929,12:11:00.226,125.3500,35
43860226698286,12:11:00.226,125.3500,65
43860226698286,12:11:00.226,125.3500,50
43860439074081,12:11:00.439,125.3700,100
43865601584968,12:11:05.601,125.3600,7
43952052942101,12:12:32.052,125.3200,100
43972409287901,12:12:52.409,125.3300,10
44020648747439,12:13:40.648,125.3700,200
44020649695336,12:13:40.649,125.3800,5
44020649695336,12:13:40.649,125.3800,5
44020649695336,12:13:40.649,125.3800,100
44020666388765,12:13:40.666,125.3900,10
44020666388765,12:13:40.666,125.4000,90
44045423042427,12:14:05.423,125.3800,100
44045423042427,12:14:05.423,125.3800,6
44045432461065,12:14:05.432,125.3900,100
44066031210960,12:14:26.031,125.4000,10
44073316730406,12:14:33.316,125.4100,100
44089240109728,12:14:49.240,125.4300,10
44089240109728,12:14:49.240,125.4300,31
44089240109728,12:14:49.240,125.4300,59
44143076297216,12:15:43.076,125.4300,76
44143076377147,12:15:43.076,125.4400,5
44143076377147,12:15:43.076,125.4400,5
44143076377147,12:15:43.076,125.4400,1
44175376721044,12:16:15.376,125.4500,73
44175376750035,12:16:15.376,125.4500,27
44176832703225,12:16:16.832,125.4600,1
44176832703225,12:16:16.832,125.4700,99
44213990314584,12:16:53.990,125.4700,100
44222778207820,12:17:02.778,125.4800,5
44222778207820,12:17:02.778,125.4800,95
44228740624101,12:17:08.740,125.4800,16
44257326369857,12:17:37.326,125.5100,5
44257326369857,12:17:37.326,125.5100,45
44257326399769,12:17:37.326,125.5100,60
44260670959830,12:17:40.670,125.5000,7
44282876628639,12:18:02.876,125.5000,100
44282876628639,12:18:02.876,125.5000,59
44282876659796,12:18:02.876,125.5000,41
44282876696937,12:18:02.876,125.5000,41
44282881641334,12:18:02.881,125.5000,59
44308457115763,12:18:28.457,125.5350,100
44313192412966,12:18:33.192,125.5400,1
44313192412966,12:18:33.192,125.5400,99
44318100234325,12:18:38.100,125.5100,5
44318106619616,12:18:38.106,125.5000,100
44318216170625,12:18:38.216,125.4900,100
44318216170625,12:18:38.216,125.4900,11
44318216235585,12:18:38.216,125.4900,89
44319100238763,12:18:39.100,125.4900,100
44320410268903,12:18:40.410,125.5000,100
44323806189194,12:18:43.806,125.5000,35
44323806189194,12:18:43.806,125.5000,65
44326191995421,12:18:46.191,125.5000,35
44326191995421,12:18:46.191,125.5000,65
44328194543521,12:18:48.194,125.5000,100
44328194573489,12:18:48.194,125.5000,100
44357320657717,12:19:17.320,125.5100,100
44369039893384,12:19:29.039,125.5200,55
44369039961512,12:19:29.039,125.5200,45
44369039961512,12:19:29.039,125.5200,5
44369040062743,12:19:29.040,125.5200,5
44369040169322,12:19:29.040,125.5200,98
44394240188412,12:19:54.240,125.5200,100
44408294795270,12:20:08.294,125.5300,37
44412531520255,12:20:12.531,125.5200,6
44414512587581,12:20:14.512,125.5300,100
44466972146752,12:21:06.972,125.5000,20
44467002935665,12:21:07.002,125.5200,200
44467002935665,12:21:07.002,125.5200,100
44468148342363,12:21:08.148,125.5300,100
44482735434338,12:21:22.735,125.5200,32
44482735597737,12:21:22.735,125.5300,2
44482735597737,12:21:22.735,125.5300,98
44483238080120,12:21:23.238,125.5300,2
44483238080120,12:21:23.238,125.5300,198
44483238137219,12:21:23.238,125.5300,2
44497319617111,12:21:37.319,125.5400,100
44497319617111,12:21:37.319,125.5400,31
44497319617111,12:21:37.319,125.5400,100
44497319617111,12:21:37.319,125.5400,100
44506512947850,12:21:46.512,125.5400,200
44513276510699,12:21:53.276,125.5350,100
44518410406139,12:21:58.410,125.5200,100
44524284338860,12:22:04.284,125.5300,100
44548107764239,12:22:28.107,125.5400,100
44549370833141,12:22:29.370,125.5100,4
44573836131875,12:22:53.836,125.5200,100
44577263647070,12:22:57.263,125.5200,100
44579266075511,12:22:59.266,125.5200,100
44583784600027,12:23:03.784,125.5100,100
44588268868996,12:23:08.268,125.5100,100
44607184649870,12:23:27.184,125.5000,100
44607184706473,12:23:27.184,125.5100,100
44607185098923,12:23:27.185,125.5100,100
44607185122059,12:23:27.185,125.5100,100
44607192003334,12:23:27.192,125.5100,100
44607192003334,12:23:27.192,125.5200,100
44607200275534,12:23:27.200,125.5200,100
44620866062548,12:23:40.866,125.4900,100
44639154318094,12:23:59.154,125.4500,100
44677091438637,12:24:37.091,125.4600,2
44677091438637,12:24:37.091,125.4600,98
44678306239731,12:24:38.306,125.4700,100
44683591468908,12:24:43.591,125.4800,100
44689066154528,12:24:49.066,125.4300,100
44701105054982,12:25:01.105,125.4500,100
44701105253988,12:25:01.105,125.4600,100
44701105376799,12:25:01.105,125.4600,100
44725140170721,12:25:25.140,125.4700,115
44730949055558,12:25:30.949,125.4400,100
44742230452152,12:25:42.230,125.4500,10
44762261899204,12:26:02.261,125.4700,100
44772216661439,12:26:12.216,125.4500,4
44772219481646,12:26:12.219,125.4500,100
44773160331699,12:26:13.160,125.4400,100
44785788704378,12:26:25.788,125.4400,100
44788768507741,12:26:28.768,125.4500,1
44788768507741,12:26:28.768,125.4600,99
44800719010053,12:26:40.719,125.4600,100
44811114660168,12:26:51.114,125.4500,200
44841171146178,12:27:21.171,125.4600,100
44841738739029,12:27:21.738,125.4400,90
44841738751484,12:27:21.738,125.4400,10
44841738751484,12:27:21.738,125.4400,6
44860608381754,12:27:40.608,125.4300,100
44860608381754,12:27:40.608,125.4300,100
44876072745987,12:27:56.072,125.4700,100
44876072762415,12:27:56.072,125.4700,50
44906086344746,12:28:26.086,125.4400,4
44924709999953,12:28:44.709,125.4500,41
44924709999953,12:28:44.709,125.4600,59
44924710644674,12:28:44.710,125.4600,41
44991937547812,12:29:51.937,125.4300,100
44991937920073,12:29:51.937,125.4300,100
44991938384826,12:29:51.938,125.4300,100
44991987462721,12:29:51.987,125.4600,100
44991987780669,12:29:51.987,125.4500,10
44991987797636,12:29:51.987,125.4500,38
44992043877294,12:29:52.043,125.4500,100
45005938083631,12:30:05.938,125.4300,100
45005938083631,12:30:05.938,125.4300,100
45005938083631,12:30:05.938,125.4300,5
45010836429868,12:30:10.836,125.4500,100
45029891657599,12:30:29.891,125.4500,60
45029898099948,12:30:29.898,125.4600,100
45029898128944,12:30:29.898,125.4600,12
45029899353238,12:30:29.899,125.4600,100
45030505847862,12:30:30.505,125.4500,100
45030505875268,12:30:30.505,125.4500,100
45030507286441,12:30:30.507,125.4600,10
45034252548274,12:30:34.252,125.4500,10
45034252548274,12:30:34.252,125.4500,10
45034252548274,12:30:34.252,125.4500,10
45035617759022,12:30:35.617,125.4600,30
45048639550422,12:30:48.639,125.4700,100
45048639987310,12:30:48.639,125.4700,2
45048639987310,12:30:48.639,125.4700,98
45048640012709,12:30:48.640,125.4700,2
45048640447410,12:30:48.640,125.4700,100
45061495376661,12:31:01.495,125.5000,100
45065949385203,12:31:05.949,125.5000,100
45067849493914,12:31:07.849,125.4800,100
45067849493914,12:31:07.849,125.4800,100
45067849821171,12:31:07.849,125.4800,100
45067860393445,12:31:07.860,125.4900,100
45068257710647,12:31:08.257,125.4800,9
45068257736861,12:31:08.257,125.4800,91
45068257736861,12:31:08.257,125.4800,100
45068257736861,12:31:08.257,125.4800,500
45088375980796,12:31:28.375,125.5000,82
45088377094869,12:31:28.377,125.5100,10
45088377094869,12:31:28.377,125.5100,10
45122598253669,12:32:02.598,125.5000,100
45122598419836,12:32:02.598,125.5000,100
45132460095006,12:32:12.460,125.5100,32
45132460095006,12:32:12.460,125.5100,68
45141046390939,12:32:21.046,125.5000,4
45141046390939,12:32:21.046,125.5000,100
45141050751118,12:32:21.050,125.5100,100
45141078992563,12:32:21.078,125.5000,10
45141078992563,12:32:21.078,125.5000,6
45142847706413,12:32:22.847,125.4900,100
45142847768664,12:32:22.847,125.4900,100
45142881915267,12:32:22.881,125.4900,100
45142881915267,12:32:22.881,125.4900,100
45142882266231,12:32:22.882,125.4900,100
45144762429502,12:32:24.762,125.5000,100
45144762429502,12:32:24.762,125.5000,500
45147667432049,12:32:27.667,125.4600,16
45153728106844,12:32:33.728,125.5000,200
45157677969236,12:32:37.677,125.5000,100
45157682355974,12:32:37.682,125.5100,100
45160810354159,12:32:40.810,125.5400,100
45165158954857,12:32:45.158,125.5100,100
45165158954857,12:32:45.158,125.5100,35
45165158978332,12:32:45.158,125.5100,65
45180147893493,12:33:00.147,125.4600,400
45180278531075,12:33:00.278,125.4900,100
45218559652160,12:33:38.559,125.4500,100
45252677412727,12:34:12.677,125.4400,15
45252677498876,12:34:12.677,125.4400,85
45252677498876,12:34:12.677,125.4400,100
45252677498876,12:34:12.677,125.4400,4
45252682381907,12:34:12.682,125.4400,100
45255324429977,12:34:15.324,125.4400,100
45298227185452,12:34:58.227,125.4400,300
45300132131421,12:35:00.132,125.4400,100
45300248025772,12:35:00.248,125.4500,100
45300248025772,12:35:00.248,125.4500,3
45311648110825,12:35:11.648,125.4300,100
45330119297643,12:35:30.119,125.4600,127
45330119349828,12:35:30.119,125.4600,73
45330253821199,12:35:30.253,125.4400,100
45330254331276,12:35:30.254,125.4400,1
45330257188584,12:35:30.257,125.4400,99
45330263891360,12:35:30.263,125.4600,100
45336988491127,12:35:36.988,125.4600,58
45371238338302,12:36:11.238,125.4300,100
45371238338302,12:36:11.238,125.4300,4
45395309591093,12:36:35.309,125.3900,100
45456577030066,12:37:36.577,125.3800,100
45456680143678,12:37:36.680,125.3600,16
45456916078743,12:37:36.916,125.3600,2
45486425573781,12:38:06.425,125.3600,82
45486425573781,12:38:06.425,125.3600,5
45486425573781,12:38:06.425,125.3600,13
45488682067004,12:38:08.682,125.3900,100
45488682067004,12:38:08.682,125.3900,97
45488682182384,12:38:08.682,125.3900,3
45498038635890,12:38:18.038,125.4000,100
45531107323287,12:38:51.107,125.4000,100
45531107323287,12:38:51.107,125.4000,58
45531107323287,12:38:51.107,125.4000,1
45532520398026,12:38:52.520,125.4000,58
45540153529730,12:39:00.153,125.4000,42
45541753044097,12:39:01.753,125.4100,36
45564573140967,12:39:24.573,125.4200,100
45564573140967,12:39:24.573,125.4200,48
45569266928666,12:39:29.266,125.4400,10
45569266928666,12:39:29.266,125.4400,20
45580005263922,12:39:40.005,125.4500,19
45611356406938,12:40:11.356,125.4600,100
45631074030849,12:40:31.074,125.4400,72
45631074083608,12:40:31.074,125.4400,28
45631075951431,12:40:31.075,125.4400,100
45631132597741,12:40:31.132,125.4200,2
45665455051486,12:41:05.455,125.4600,100
45665455051486,12:41:05.455,125.4600,100
45665455085039,12:41:05.455,125.4600,100
45708598625639,12:41:48.598,125.3800,88
45724928270237,12:42:04.928,125.4100,32
45724932513635,12:42:04.932,125.4000,135
45724933688479,12:42:04.933,125.4000,165
45724951125023,12:42:04.951,125.3900,4
45731484939089,12:42:11.484,125.3800,100
45776483123462,12:42:56.483,125.3900,53
45789195059489,12:43:09.195,125.3900,47
45817063314085,12:43:37.063,125.3800,100
45817063314085,12:43:37.063,125.3800,100
45817063643888,12:43:37.063,125.3800,100
45817063668623,12:43:37.063,125.3800,100
45817065134596,12:43:37.065,125.3900,100
45817065996841,12:43:37.065,125.3900,100
45835403944786,12:43:55.403,125.4000,2
45843961859993,12:44:03.961,125.4000,4
45843961859993,12:44:03.961,125.4000,100
45843961859993,12:44:03.961,125.4000,100
45871875704862,12:44:31.875,125.3600,40
45871875778158,12:44:31.875,125.3600,60
45871875778158,12:44:31.875,125.3600,100
45898675004574,12:44:58.675,125.3700,100
45898675004574,12:44:58.675,125.3700,1
45968913213790,12:46:08.913,125.3500,5
46021494273717,12:47:01.494,125.3700,50
46021494284034,12:47:01.494,125.3700,3
46021494312112,12:47:01.494,125.3700,47
46021494312112,12:47:01.494,125.3700,55
46021861679906,12:47:01.861,125.3700,70
46021861679906,12:47:01.861,125.3700,3
46025822488611,12:47:05.822,125.3800,36
46025822615855,12:47:05.822,125.3800,64
46027015361250,12:47:07.015,125.3900,100
46066723693428,12:47:46.723,125.4100,100
46066723693428,12:47:46.723,125.4100,100
46070022704891,12:47:50.022,125.4100,50
46070024977525,12:47:50.024,125.4100,50
46110013469660,12:48:30.013,125.3800,100
46130412947683,12:48:50.412,125.4000,100
46130412947683,12:48:50.412,125.4000,100
46142327192081,12:49:02.327,125.4100,100
46192314329043,12:49:52.314,125.4200,62
46192314329043,12:49:52.314,125.4200,38
46217439509287,12:50:17.439,125.4200,62
46217439509287,12:50:17.439,125.4200,1
46217439509287,12:50:17.439,125.4200,40
46217439544146,12:50:17.439,125.4200,60
46254969680413,12:50:54.969,125.4400,20
46254969755270,12:50:54.969,125.4500,3
46259028575920,12:50:59.028,125.4500,68
46259028617508,12:50:59.028,125.4500,29
46259045725809,12:50:59.045,125.4600,100
46274006620101,12:51:14.006,125.4500,4
46281924035329,12:51:21.924,125.4600,100
46327768477524,12:52:07.768,125.4000,100
46327783524846,12:52:07.783,125.3800,3
46331887268942,12:52:11.887,125.4100,100
46331887268942,12:52:11.887,125.4100,23
46401250286520,12:53:21.250,125.4000,100
46401250619196,12:53:21.250,125.4000,100
46407814653778,12:53:27.814,125.4000,76
46407814699395,12:53:27.814,125.4000,24
46428278290306,12:53:48.278,125.3600,100
46452010908595,12:54:12.010,125.3600,35
46453973399949,12:54:13.973,125.3600,65
46468575988309,12:54:28.575,125.3600,100
46468575988309,12:54:28.575,125.3600,69
46468575988309,12:54:28.575,125.3600,100
46485641249572,12:54:45.641,125.3700,50
46485641270195,12:54:45.641,125.3700,16
46495961799984,12:54:55.961,125.3700,34
46520237105557,12:55:20.237,125.3700,4
46564954409682,12:56:04.954,125.3500,1
46569252898215,12:56:09.252,125.3700,100
46569252898215,12:56:09.252,125.3700,1
46569253701151,12:56:09.253,125.3800,100
46592494493969,12:56:32.494,125.3800,5
46601784538235,12:56:41.784,125.3500,100
46642056589848,12:57:22.056,125.3300,100
46688281123153,12:58:08.281,125.3400,50
46688281164636,12:58:08.281,125.3400,20
46688281351161,12:58:08.281,125.3400,30
46695115053572,12:58:15.115,125.3400,50
46695115117580,12:58:15.115,125.3400,50
46695115650085,12:58:15.115,125.3400,100
46695116023603,12:58:15.116,125.3400,72
46695116352038,12:58:15.116,125.3400,28
46697743980510,12:58:17.743,125.3400,100
46704135819865,12:58:24.135,125.3400,100
46713065904283,12:58:33.065,125.3400,100
46731385179135,12:58:51.385,125.3600,35
46731385239205,12:58:51.385,125.3600,65
46731385239205,12:58:51.385,125.3600,5
46731385239205,12:58:51.385,125.3600,100
46731385272819,12:58:51.385,125.3600,10
46746122056313,12:59:06.122,125.3600,6
46746122056313,12:59:06.122,125.3600,94
46752179437610,12:59:12.179,125.3600,6
46790165279839,12:59:50.165,125.3600,58
46790165320839,12:59:50.165,125.3600,42
46790165320839,12:59:50.165,125.3600,57
46904232945413,13:01:44.232,125.3500,3
46904232945413,13:01:44.232,125.3500,100
46904232945413,13:01:44.232,125.3500,68
46904232975132,13:01:44.232,125.3500,132
46904232986113,13:01:44.232,125.3500,100
46907594672802,13:01:47.594,125.3600,100
46907594672802,13:01:47.594,125.3600,48
46907594719423,13:01:47.594,125.3600,52
46907594721869,13:01:47.594,125.3600,50
46907594733308,13:01:47.594,125.3600,50
46959973994184,13:02:39.973,125.3400,50
46959992447831,13:02:39.992,125.3300,7
46959992447831,13:02:39.992,125.3300,32
46996209863298,13:03:16.209,125.3700,2
46996209925138,13:03:16.209,125.3700,49
46996210062278,13:03:16.210,125.3700,49
46996210062278,13:03:16.210,125.3700,24
46998384334088,13:03:18.384,125.3700,29
46998384334088,13:03:18.384,125.3700,21
46998384393049,13:03:18.384,125.3700,79
46998384393049,13:03:18.384,125.3700,26
46998384449025,13:03:18.384,125.3700,10
46998384473225,13:03:18.384,125.3700,64
46999263732314,13:03:19.263,125.3800,100
47000216681682,13:03:20.216,125.3700,30
47039447035846,13:03:59.447,125.3800,58
47039447060264,13:03:59.447,125.3800,1
47039447066359,13:03:59.447,125.3800,41
47106518553378,13:05:06.518,125.3400,100
47116612582550,13:05:16.612,125.3500,50
47116614096362,13:05:16.614,125.3500,50
47116618286793,13:05:16.618,125.3600,100
47120305965955,13:05:20.305,125.3500,25
47191041098069,13:06:31.041,125.3400,73
47191041135301,13:06:31.041,125.3400,27
47191171950943,13:06:31.171,125.3200,4
47195739139560,13:06:35.739,125.3500,41
47195751492590,13:06:35.751,125.3700,100
47195751492590,13:06:35.751,125.3700,100
47247288069999,13:07:27.288,125.3300,35
47247288126443,13:07:27.288,125.3300,9
47247288491150,13:07:27.288,125.3300,100
47247288806330,13:07:27.288,125.3300,100
47247289164707,13:07:27.289,125.3300,100
47253890550866,13:07:33.890,125.3600,1
47259167567702,13:07:39.167,125.3800,42
47259167567702,13:07:39.167,125.3800,58
47305215627895,13:08:25.215,125.3800,26
47305215682440,13:08:25.215,125.3800,74
47350228743345,13:09:10.228,125.3700,83
47352835401903,13:09:12.835,125.3700,16
47356060444298,13:09:16.060,125.3700,75
47356160993368,13:09:16.160,125.3700,25
47410800082792,13:10:10.800,125.3500,13
47422085396269,13:10:22.085,125.3500,2
47422086128219,13:10:22.086,125.3500,100
47423317317732,13:10:23.317,125.3500,2
47423317411884,13:10:23.317,125.3500,2
47423317688623,13:10:23.317,125.3500,2
47423903934153,13:10:23.903,125.3500,79
47423906790534,13:10:23.906,125.3500,15
47429511450365,13:10:29.511,125.3500,100
47432048900263,13:10:32.048,125.3600,100
47432048900263,13:10:32.048,125.3600,100
47432048900263,13:10:32.048,125.3600,136
47432048900263,13:10:32.048,125.3600,5
47457096929674,13:10:57.096,125.3800,100
47470330989293,13:11:10.330,125.3800,1
47482890420122,13:11:22.890,125.3800,100
47523018781790,13:12:03.018,125.3500,100
47531456901846,13:12:11.456,125.3300,100
47542224202728,13:12:22.224,125.3400,100
47542224202728,13:12:22.224,125.3400,100
47542224202728,13:12:22.224,125.3400,24
47542224202728,13:12:22.224,125.3400,1
47579067000459,13:12:59.067,125.3300,100
47590861320416,13:13:10.861,125.3100,100
47614471453106,13:13:34.471,125.3000,100
47614471453106,13:13:34.471,125.3000,40
47684311840840,13:14:44.311,125.2800,50
47689007668555,13:14:49.007,125.2800,50
47704170495149,13:15:04.170,125.2500,100
47704187744350,13:15:04.187,125.2300,58
47720751602771,13:15:20.751,125.2300,100
47752879276581,13:15:52.879,125.2400,100
47752879276581,13:15:52.879,125.2400,1
47785030073247,13:16:25.030,125.2100,100
47860520087329,13:17:40.520,125.1900,100
47873921376439,13:17:53.921,125.2000,100
47873921463139,13:17:53.921,125.2100,100
47873921513527,13:17:53.921,125.2100,100
47873921571685,13:17:53.921,125.2100,3
47873932237195,13:17:53.932,125.2000,1
47881471904780,13:18:01.471,125.2300,1
47881471904780,13:18:01.471,125.2300,59
47881471904780,13:18:01.471,125.2300,5
47881482448530,13:18:01.482,125.2400,100
47881482698178,13:18:01.482,125.2400,1
47881482698178,13:18:01.482,125.2400,99
47881482699847,13:18:01.482,125.2400,1
47881482729058,13:18:01.482,125.2300,100
47881482729058,13:18:01.482,125.2300,10
47881483625730,13:18:01.483,125.2500,300
47881745087321,13:18:01.745,125.2600,1
47881745403239,13:18:01.745,125.2700,100
47881745403239,13:18:01.745,125.2800,100
47881745403239,13:18:01.745,125.2800,10
47883359385413,13:18:03.359,125.2600,5
47883359385413,13:18:03.359,125.2600,129
47896647052447,13:18:16.647,125.2300,100
47942573675707,13:19:02.573,125.1600,100
47953792453621,13:19:13.792,125.1800,100
47954685466528,13:19:14.685,125.1800,100
47978898852567,13:19:38.898,125.1500,35
47978898929451,13:19:38.898,125.1500,65
47987460679473,13:19:47.460,125.1400,100
48045704310784,13:20:45.704,125.0900,10
48045846718173,13:20:45.846,125.0600,100
48046005013797,13:20:46.005,125.0400,100
48046288590812,13:20:46.288,125.0300,100
48046288590812,13:20:46.288,125.0300,100
48059476766647,13:20:59.476,125.0600,100
48059476766647,13:20:59.476,125.0600,33
48059476823278,13:20:59.476,125.0600,67
48059489617389,13:20:59.489,125.0700,10
48059591390996,13:20:59.591,125.0700,100
48060069423568,13:21:00.069,125.0700,100
48060686191517,13:21:00.686,125.0700,6
48060686191517,13:21:00.686,125.0700,100
48071224646321,13:21:11.224,125.0800,196
48071311685207,13:21:11.311,125.0700,73
48090673935006,13:21:30.673,125.0800,3
48117149605210,13:21:57.149,125.1100,10
48117149605210,13:21:57.149,125.1100,10
48117150690270,13:21:57.150,125.1200,100
48117150690270,13:21:57.150,125.1200,10
48117150690270,13:21:57.150,125.1200,90
48117150795322,13:21:57.150,125.1200,10
48117599298623,13:21:57.599,125.1300,10
48117599425841,13:21:57.599,125.1300,10
48150008956216,13:22:30.008,125.1000,100
48150009850747,13:22:30.009,125.1000,15
48150019069984,13:22:30.019,125.1000,100
48150019069984,13:22:30.019,125.1000,45
48150020600636,13:22:30.020,125.1000,50
48150020644432,13:22:30.020,125.1000,5
48198615991278,13:23:18.615,125.0600,15
48198615991278,13:23:18.615,125.0500,77
48221397840286,13:23:41.397,125.0900,100
48221397842740,13:23:41.397,125.0900,100
48221398305039,13:23:41.398,125.0900,100
48305028486802,13:25:05.028,125.0500,23
48307000525511,13:25:07.000,125.0500,75
48307000525511,13:25:07.000,125.0600,25
48307000560732,13:25:07.000,125.0600,75
48307217612132,13:25:07.217,125.0500,31
48417904378481,13:26:57.904,125.0200,1
48447435649683,13:27:27.435,125.0600,100
48447436555325,13:27:27.436,125.0600,100
48447436555325,13:27:27.436,125.0600,1
48447438000458,13:27:27.438,125.0600,94
48447441895435,13:27:27.441,125.0600,31
48455897864930,13:27:35.897,125.0400,2
48464242914989,13:27:44.242,125.0700,100
48464244800918,13:27:44.244,125.0800,58
48464244828711,13:27:44.244,125.0800,42
48464255561450,13:27:44.255,125.0800,100
48466330450754,13:27:46.330,125.0700,18
48466330583116,13:27:46.330,125.0700,50
48466330583116,13:27:46.330,125.0700,9
48466330936709,13:27:46.330,125.0700,52
48466358615551,13:27:46.358,125.0700,2
48469274682160,13:27:49.274,125.0800,100
48469274709215,13:27:49.274,125.0800,1
48470056547420,13:27:50.056,125.0800,100
48470064178632,13:27:50.064,125.0900,100
48470064212164,13:27:50.064,125.0900,5
48470064212164,13:27:50.064,125.0900,1
48470064253147,13:27:50.064,125.1000,4
48471064980682,13:27:51.064,125.0900,46
48471334342639,13:27:51.334,125.0900,100
48474380131734,13:27:54.380,125.0800,100
48474380131734,13:27:54.380,125.0800,50
48488575457598,13:28:08.575,125.0600,8
48555873350991,13:29:15.873,125.0900,100
48555873381472,13:29:15.873,125.0900,10
48611412740999,13:30:11.412,125.1000,10
48625988066417,13:30:25.988,125.1200,100
48625988066417,13:30:25.988,125.1200,10
48625988066417,13:30:25.988,125.1200,200
48625988066417,13:30:25.988,125.1200,10
48625990573998,13:30:25.990,125.1300,58
48625990601567,13:30:25.990,125.1300,42
48625990601567,13:30:25.990,125.1300,10
48626005305843,13:30:26.005,125.1300,100
48626005956828,13:30:26.005,125.1300,10
48628096795231,13:30:28.096,125.1300,100
48628097202229,13:30:28.097,125.1300,100
48630293561542,13:30:30.293,125.1300,100
48630294465862,13:30:30.294,125.1400,20
48634766836230,13:30:34.766,125.1500,10
48644087603376,13:30:44.087,125.1400,100
48644088143845,13:30:44.088,125.1400,100
48644088143845,13:30:44.088,125.1400,100
48644089795160,13:30:44.089,125.1350,100
48644788717668,13:30:44.788,125.1300,50
48644869221963,13:30:44.869,125.1400,58
48646763242064,13:30:46.763,125.1500,35
48646763270973,13:30:46.763,125.1500,65
48646763552843,13:30:46.763,125.1500,82
48646763641744,13:30:46.763,125.1500,18
48646764448580,13:30:46.764,125.1600,10
48648102804826,13:30:48.102,125.1500,24
48648102804826,13:30:48.102,125.1500,76
48659276124484,13:30:59.276,125.1600,51
48659276124484,13:30:59.276,125.1700,10
48659276124484,13:30:59.276,125.1700,39
48664738344364,13:31:04.738,125.1500,100
48671829421346,13:31:11.829,125.1500,100
48681384516307,13:31:21.384,125.1500,100
48693964929706,13:31:33.964,125.1500,100
48695545598981,13:31:35.545,125.1300,50
48696873165378,13:31:36.873,125.1300,50
48706865972054,13:31:46.865,125.1200,5
48721019257759,13:32:01.019,125.1400,9
48764014658372,13:32:44.014,125.1500,100
48775383062384,13:32:55.383,125.1600,1
48820827024443,13:33:40.827,125.1400,100
48838310526169,13:33:58.310,125.1100,100
48838310526169,13:33:58.310,125.1100,41
48840925137035,13:34:00.925,125.1100,50
48840925166519,13:34:00.925,125.1100,50
48867936637239,13:34:27.936,125.1200,100
48867936810391,13:34:27.936,125.1200,12
48867937173611,13:34:27.937,125.1200,1
48870016149724,13:34:30.016,125.1300,37
48870016149724,13:34:30.016,125.1300,63
48870016180062,13:34:30.016,125.1300,24
48909550625683,13:35:09.550,125.1000,100
48909550625683,13:35:09.550,125.1000,41
48931448891337,13:35:31.448,125.1200,100
48957036225516,13:35:57.036,125.1300,79
48965151767802,13:36:05.151,125.1300,100
49015160504808,13:36:55.160,125.1500,100
49015160504808,13:36:55.160,125.1500,2
49053598563342,13:37:33.598,125.1100,100
49053598563342,13:37:33.598,125.1100,7
49053598563342,13:37:33.598,125.1100,28
49053598613161,13:37:33.598,125.1100,72
49053598613161,13:37:33.598,125.1100,3
49058779107617,13:37:38.779,125.0900,100
49077083247944,13:37:57.083,125.1300,100
49077083247944,13:37:57.083,125.1300,100
49080112872984,13:38:00.112,125.1300,3
49089357097276,13:38:09.357,125.1100,300
49097740635945,13:38:17.740,125.1100,8
49097766649781,13:38:17.766,125.1100,100
49158527364382,13:39:18.527,125.1300,92
49158527434765,13:39:18.527,125.1300,8
49173092809174,13:39:33.092,125.1000,195
49173092809174,13:39:33.092,125.1000,100
49197156190279,13:39:57.156,125.1200,20
49197156240875,13:39:57.156,125.1200,80
49197373626027,13:39:57.373,125.1200,100
49197373626027,13:39:57.373,125.1200,31
49197373680589,13:39:57.373,125.1200,69
49229813187041,13:40:29.813,125.1300,100
49229813302701,13:40:29.813,125.1400,51
49229813328712,13:40:29.813,125.1400,49
49232817528995,13:40:32.817,125.1400,20
49232817564740,13:40:32.817,125.1400,80
49232817895650,13:40:32.817,125.1400,100
49232817945517,13:40:32.817,125.1400,100
49235819171830,13:40:35.819,125.1400,23
49235819212324,13:40:35.819,125.1400,35
49235819248422,13:40:35.819,125.1400,42
49238324626882,13:40:38.324,125.1300,8
49345166043537,13:42:25.166,125.1400,1
49370817574575,13:42:50.817,125.1000,200
49370820387591,13:42:50.820,125.1000,55
49370820413634,13:42:50.820,125.1000,45
49388527198998,13:43:08.527,125.1200,100
49388527198998,13:43:08.527,125.1200,100
49455226051640,13:44:15.226,125.0900,100
49455226164721,13:44:15.226,125.0900,100
49455226179107,13:44:15.226,125.0900,8
49455226179107,13:44:15.226,125.0900,31
49455226179107,13:44:15.226,125.0900,100
49458340547407,13:44:18.340,125.0800,97
49458340574069,13:44:18.340,125.0800,3
49458340574069,13:44:18.340,125.0800,100
49458340574069,13:44:18.340,125.0800,17
49461706767908,13:44:21.706,125.0500,100
49462898846554,13:44:22.898,125.0500,100
49492285537557,13:44:52.285,125.0800,10
49492285537557,13:44:52.285,125.0800,90
49501288060090,13:45:01.288,125.0400,12
49501288538766,13:45:01.288,125.0400,19
49501288538766,13:45:01.288,125.0400,100
49501288538766,13:45:01.288,125.0400,71
49501289759121,13:45:01.289,125.0300,31
49501289759121,13:45:01.289,125.0300,69
49501289913358,13:45:01.289,125.0300,31
49508376144260,13:45:08.376,125.0200,100
49509150195702,13:45:09.150,125.0200,100
49532688232918,13:45:32.688,125.0300,30
49532688269661,13:45:32.688,125.0300,70
49572850884160,13:46:12.850,125.0300,2
49574148938496,13:46:14.148,125.0100,100
49574148938496,13:46:14.148,125.0100,8
49574148938496,13:46:14.148,125.0100,4
49574148938496,13:46:14.148,125.0100,100
49600671236777,13:46:40.671,125.0000,84
49600671252843,13:46:40.671,125.0000,35
49600671276351,13:46:40.671,125.0000,100
49600671483215,13:46:40.671,125.0000,81
49600671483215,13:46:40.671,125.0000,11
49600671507971,13:46:40.671,125.0000,89
49630938172954,13:47:10.938,124.9900,10
49630938780168,13:47:10.938,124.9900,76
49630938819696,13:47:10.938,124.9900,16
49632074306406,13:47:12.074,124.9800,1
49660856984497,13:47:40.856,124.9400,100
49660856984497,13:47:40.856,124.9400,100
49704262567014,13:48:24.262,124.9500,58
49704262637866,13:48:24.262,124.9500,42
49704262637866,13:48:24.262,124.9500,100
49706193174128,13:48:26.193,124.9600,6
49761340668150,13:49:21.340,124.9300,100
49761340718720,13:49:21.340,124.9300,100
49772869868981,13:49:32.869,124.9600,100
49810841790689,13:50:10.841,124.9700,100
49837499128008,13:50:37.499,124.9600,6
49853798210999,13:50:53.798,124.9800,25
49853798233714,13:50:53.798,124.9800,75
49853798233714,13:50:53.798,124.9800,17
49853798257707,13:50:53.798,124.9800,3
49853798257707,13:50:53.798,124.9800,100
49853798257707,13:50:53.798,124.9800,61
49853798261082,13:50:53.798,124.9800,39
49857735809340,13:50:57.735,124.9900,100
49857735809340,13:50:57.735,124.9900,100
49857868113790,13:50:57.868,124.9900,100
49862973774256,13:51:02.973,124.9900,100
49873419170624,13:51:13.419,125.0000,10
49873766249736,13:51:13.766,125.0000,100
49895885909773,13:51:35.885,125.0100,20
49895885909773,13:51:35.885,125.0100,4
49895885985232,13:51:35.885,125.0100,68
49895886310420,13:51:35.886,125.0100,32
49895886772406,13:51:35.886,125.0200,1
49895886772406,13:51:35.886,125.0200,91
49954928157721,13:52:34.928,125.0000,6
49954938731073,13:52:34.938,125.0100,10
49954938948758,13:52:34.938,125.0000,10
49964347939870,13:52:44.347,125.0200,2
49973379431817,13:52:53.379,125.0100,5
49977028536577,13:52:57.028,125.0200,12
49983685107326,13:53:03.685,125.0300,10
49986138582052,13:53:06.138,125.0200,100
49989053802587,13:53:09.053,125.0400,10
49989946566452,13:53:09.946,125.0500,10
49989946566452,13:53:09.946,125.0500,90
49989946593511,13:53:09.946,125.0500,10
50002094845519,13:53:22.094,125.0600,10
50005388302946,13:53:25.388,125.0700,10
50005389764039,13:53:25.389,125.0800,10
50006214070345,13:53:26.214,125.0900,10
50006214070345,13:53:26.214,125.0900,100
50028926598060,13:53:48.926,125.1000,100
50028926598060,13:53:48.926,125.1100,300
50028953585037,13:53:48.953,125.1100,100
50028953585037,13:53:48.953,125.1100,100
50028953585037,13:53:48.953,125.1100,100
50055925896300,13:54:15.925,125.1300,10
50056103382952,13:54:16.103,125.1300,100
50056103382952,13:54:16.103,125.1300,100
50057631502175,13:54:17.631,125.1300,100
50057631645365,13:54:17.631,125.1300,100
50058142275918,13:54:18.142,125.1400,25
50058142399082,13:54:18.142,125.1400,75
50058829109741,13:54:18.829,125.1500,10
50097937152720,13:54:57.937,125.1200,100
50097937152720,13:54:57.937,125.1200,68
50097937152720,13:54:57.937,125.1200,6
50103815574099,13:55:03.815,125.1100,50
50103815601155,13:55:03.815,125.1100,50
50154997065065,13:55:54.997,125.0900,100
50154997454025,13:55:54.997,125.0900,46
50154997571438,13:55:54.997,125.0900,46
50154998038648,13:55:54.998,125.0900,8
50155000497455,13:55:55.000,125.0800,100
50160978340362,13:56:00.978,125.1100,2
50160981367103,13:56:00.981,125.1400,100
50161009045691,13:56:01.009,125.1400,6
50166097205857,13:56:06.097,125.1500,10
50167097161189,13:56:07.097,125.1600,1
50182427951342,13:56:22.427,125.1700,10
50198149959267,13:56:38.149,125.1800,50
50198150194126,13:56:38.150,125.1800,50
50198150194126,13:56:38.150,125.1800,92
50198150239487,13:56:38.150,125.1800,8
50198150239487,13:56:38.150,125.1800,100
50198150239487,13:56:38.150,125.1800,3
50201546398175,13:56:41.546,125.1800,100
50220846138236,13:57:00.846,125.1900,1
50220846163293,13:57:00.846,125.1800,299
50221085885810,13:57:01.085,125.1800,5
50221085885810,13:57:01.085,125.1800,100
50221085885810,13:57:01.085,125.1800,5
50231600197979,13:57:11.600,125.1800,100
50253218035111,13:57:33.218,125.1800,100
50253953391871,13:57:33.953,125.1800,50
50266620688698,13:57:46.620,125.1400,100
50266620688698,13:57:46.620,125.1400,100
50298328331033,13:58:18.328,125.1600,100
50298328344290,13:58:18.328,125.1700,84
50317703385114,13:58:37.703,125.1700,100
50330774363216,13:58:50.774,125.1700,7
50330774363216,13:58:50.774,125.1700,100
50330779544957,13:58:50.779,125.1600,100
50340180787543,13:59:00.180,125.1600,5
50340338774967,13:59:00.338,125.1600,1
50340485118609,13:59:00.485,125.1600,5
50340499022057,13:59:00.499,125.1600,1
50343077008236,13:59:03.077,125.1500,38
50350981109424,13:59:10.981,125.1600,1
50350986140294,13:59:10.986,125.1600,1
50350988121746,13:59:10.988,125.1600,1
50361164194005,13:59:21.164,125.1600,2
50361165089757,13:59:21.165,125.1600,1
50361167077948,13:59:21.167,125.1600,1
50361167211108,13:59:21.167,125.1600,1
50365020045251,13:59:25.020,125.1600,2
50365020237767,13:59:25.020,125.1600,3
50365026399090,13:59:25.026,125.1600,1
50368014130175,13:59:28.014,125.1600,6
50370028098311,13:59:30.028,125.1600,1
50370029492251,13:59:30.029,125.1600,1
50370055444802,13:59:30.055,125.1500,1
50370806716720,13:59:30.806,125.1500,1
50375624586655,13:59:35.624,125.1600,1
50381419722568,13:59:41.419,125.1400,92
50381419752405,13:59:41.419,125.1400,8
50387307077373,13:59:47.307,125.1600,77
50387307169795,13:59:47.307,125.1600,77
50387307248196,13:59:47.307,125.1600,77
50387307483061,13:59:47.307,125.1600,77
50387308944825,13:59:47.308,125.1650,100
50387308944825,13:59:47.308,125.1600,300
50387308974717,13:59:47.308,125.1600,69
50387308974717,13:59:47.308,125.1700,107
50387308974717,13:59:47.308,125.1700,79
50387308974717,13:59:47.308,125.1700,100
50391820776687,13:59:51.820,125.1400,100
50391821884763,13:59:51.821,125.1400,100
50402687219081,14:00:02.687,125.1300,100
50402690142964,14:00:02.690,125.1300,100
50402698504278,14:00:02.698,125.1300,83
50402698801814,14:00:02.698,125.1300,17
50402703401624,14:00:02.703,125.0900,10
50402706580099,14:00:02.706,125.1700,100
50402706758170,14:00:02.706,125.1800,100
50402706899118,14:00:02.706,125.1800,100
50402717238718,14:00:02.717,125.1300,100
50402725213662,14:00:02.725,125.0300,100
50403203508829,14:00:03.203,125.1800,100
50403203508829,14:00:03.203,125.1800,13
50403222216787,14:00:03.222,125.1800,11
50403232536782,14:00:03.232,125.1800,11
50403235591029,14:00:03.235,125.1800,89
50403238284270,14:00:03.238,125.1800,10
50403907182796,14:00:03.907,125.1300,7
50405443494569,14:00:05.443,125.1700,50
50405722706194,14:00:05.722,125.1800,29
50405723219806,14:00:05.723,125.1800,29
50405723374684,14:00:05.723,125.1800,110
50405723676611,14:00:05.723,125.1800,29
50405724236549,14:00:05.724,125.1800,29
50405724261724,14:00:05.724,125.1800,29
50405724411986,14:00:05.724,125.1800,10
50405725006318,14:00:05.725,125.1800,10
50405725090712,14:00:05.725,125.1800,2
50405725680313,14:00:05.725,125.1800,13
50405725680313,14:00:05.725,125.1900,16
50405727413004,14:00:05.727,125.1900,10
50405729415316,14:00:05.729,125.1900,3
50405729415316,14:00:05.729,125.1900,10
50405955687958,14:00:05.955,125.1900,1
50406725078054,14:00:06.725,125.1900,10
50406725838049,14:00:06.725,125.1900,10
50406725853772,14:00:06.725,125.1800,110
50406725921643,14:00:06.725,125.1900,10
50406726301506,14:00:06.726,125.1900,10
50406726633003,14:00:06.726,125.1900,5
50406727509235,14:00:06.727,125.1900,10
50406727617957,14:00:06.727,125.1800,100
50406727758832,14:00:06.727,125.1900,10
50406727816178,14:00:06.727,125.1900,10
50406727878672,14:00:06.727,125.1900,10
50406728144475,14:00:06.728,125.1900,10
50406728373797,14:00:06.728,125.1900,10
50406728537590,14:00:06.728,125.1900,5
50406729446003,14:00:06.729,125.1900,40
50406729559246,14:00:06.729,125.1900,50
50406731312171,14:00:06.731,125.1900,10
50406732303651,14:00:06.732,125.1900,40
50406736910334,14:00:06.736,125.1800,100
50406981892777,14:00:06.981,125.1900,10
50407012524658,14:00:07.012,125.1900,10
50407016287393,14:00:07.016,125.1900,19
50407016287393,14:00:07.016,125.2000,10
50407016287393,14:00:07.016,125.2100,10
50407016287393,14:00:07.016,125.2100,61
50407016321718,14:00:07.016,125.1950,110
50407017032209,14:00:07.017,125.2000,15
50407017754483,14:00:07.017,125.2000,15
50407018475126,14:00:07.018,125.2000,15
50407019191858,14:00:07.019,125.2000,15
50407019912112,14:00:07.019,125.2000,10
50407019950414,14:00:07.019,125.2000,5
50407032646199,14:00:07.032,125.2000,4
50407187662942,14:00:07.187,125.2100,39
50407187783881,14:00:07.187,125.2200,5
50407740158574,14:00:07.740,125.2500,5
50407740231775,14:00:07.740,125.2600,10
50407740231775,14:00:07.740,125.2700,5
50407740231775,14:00:07.740,125.2800,3
50407740231775,14:00:07.740,125.2800,2
50407740231775,14:00:07.740,125.2900,15
50407740231775,14:00:07.740,125.3000,65
50407741163292,14:00:07.741,125.2500,100
50407897056673,14:00:07.897,125.3500,35
50407897186549,14:00:07.897,125.3500,100
50408595042756,14:00:08.595,125.4000,24
50408595042756,14:00:08.595,125.4000,4
50408595042756,14:00:08.595,125.4000,72
50408595906809,14:00:08.595,125.4000,28
50408595906809,14:00:08.595,125.4000,72
50408597223838,14:00:08.597,125.4000,28
50408597266835,14:00:08.597,125.4000,72
50408991233256,14:00:08.991,125.4100,100
50408991233256,14:00:08.991,125.4100,100
50408991233256,14:00:08.991,125.4100,10
50408991388267,14:00:08.991,125.4200,100
50409027468886,14:00:09.027,125.4300,200
50409189283005,14:00:09.189,125.4400,100
50409199945231,14:00:09.199,125.4500,100
50413012059882,14:00:13.012,125.6200,108
50413412304953,14:00:13.412,125.6800,10
50413412568578,14:00:13.412,125.6800,5
50413412956959,14:00:13.412,125.6400,29
50413412956959,14:00:13.412,125.6400,5
50413412956959,14:00:13.412,125.6300,22
50413412956959,14:00:13.412,125.6300,7
50413413517782,14:00:13.413,125.6300,5
50413603008783,14:00:13.603,125.6800,100
50413603088302,14:00:13.603,125.6800,100
50413604708217,14:00:13.604,125.6950,100
50413942388346,14:00:13.942,125.7200,57
50413942420974,14:00:13.942,125.7200,43
50413942423725,14:00:13.942,125.6700,100
50415239135650,14:00:15.239,125.6200,20
50415239968582,14:00:15.239,125.6100,13
50415239968582,14:00:15.239,125.6100,87
50415571400660,14:00:15.571,125.6100,13
50416820068399,14:00:16.820,125.6000,29
50416821249147,14:00:16.821,125.5600,17
50417626149945,14:00:17.626,125.5300,15
50417953171213,14:00:17.953,125.5100,100
50417953171213,14:00:17.953,125.5100,100
50423282039114,14:00:23.282,125.5400,100
50423320952291,14:00:23.320,125.5200,100
50423964760248,14:00:23.964,125.3600,100
50423965088746,14:00:23.965,125.3450,144
50424751155763,14:00:24.751,125.3500,100
50424921627097,14:00:24.921,125.2900,100
50424921627097,14:00:24.921,125.2900,100
50431788829049,14:00:31.788,125.3100,100
50431933609645,14:00:31.933,125.3000,100
50431933939813,14:00:31.933,125.3000,97
50436398850240,14:00:36.398,125.3500,100
50442130584621,14:00:42.130,125.3500,44
50442130611885,14:00:42.130,125.3500,6
50442138653298,14:00:42.138,125.3800,44
50442140192461,14:00:42.140,125.3800,7
50442146784669,14:00:42.146,125.3800,49
50443519106223,14:00:43.519,125.4600,100
50443519106223,14:00:43.519,125.4600,48
50445294083524,14:00:45.294,125.3300,1
50446524468622,14:00:46.524,125.2500,1
50446536774018,14:00:46.536,125.2600,100
50448846014400,14:00:48.846,125.2900,100
50448846763756,14:00:48.846,125.3100,100
50451071088539,14:00:51.071,125.3600,100
50451071092854,14:00:51.071,125.3600,29
50452272203117,14:00:52.272,125.3800,10
50457628329238,14:00:57.628,125.3500,29
50457628366469,14:00:57.628,125.3500,29
50457628476086,14:00:57.628,125.3500,29
50457629048546,14:00:57.629,125.3500,29
50457629181354,14:00:57.629,125.3500,13
50457629815388,14:00:57.629,125.3600,29
50457664583895,14:00:57.664,125.3700,100
50457664609747,14:00:57.664,125.3700,100
50457664654543,14:00:57.664,125.3600,10
50462751478038,14:01:02.751,125.3600,100
50462752130317,14:01:02.752,125.3700,100
50462769507024,14:01:02.769,125.3800,100
50462769571392,14:01:02.769,125.3800,100
50462927370685,14:01:02.927,125.3900,100
50466709651474,14:01:06.709,125.4000,100
50466715244963,14:01:06.715,125.3900,6
50466715244963,14:01:06.715,125.3900,100
50466715244963,14:01:06.715,125.3900,8
50466716001806,14:01:06.716,125.3900,21
50471529348493,14:01:11.529,125.3200,66
50471529463255,14:01:11.529,125.3400,66
50471955788459,14:01:11.955,125.3600,100
50471956255840,14:01:11.956,125.3700,100
50474630421091,14:01:14.630,125.4500,100
50481547153145,14:01:21.547,125.3400,8
50491206591401,14:01:31.206,125.3700,100
50491206591401,14:01:31.206,125.3700,100
50493572799810,14:01:33.572,125.3500,5
50493572799810,14:01:33.572,125.3700,24
50493572832040,14:01:33.572,125.3700,5
50493572832040,14:01:33.572,125.3800,24
50496085398023,14:01:36.085,125.4200,100
50510809793447,14:01:50.809,125.4400,200
50513952765906,14:01:53.952,125.4300,100
50513952889308,14:01:53.952,125.4300,100
50513958057934,14:01:53.958,125.4100,100
50518017096034,14:01:58.017,125.3800,29
50537827428351,14:02:17.827,125.3500,3
50537827428351,14:02:17.827,125.3500,100
50537830866960,14:02:17.830,125.3200,135
50537835279105,14:02:17.835,125.3500,87
50537835279781,14:02:17.835,125.3500,13
50538070290731,14:02:18.070,125.3200,100
50538070290731,14:02:18.070,125.3200,100
50538935493146,14:02:18.935,125.3500,200
50539049426768,14:02:19.049,125.3800,29
50566408052994,14:02:46.408,125.4400,93
50581036905795,14:03:01.036,125.4800,10
50581037844058,14:03:01.037,125.5100,15
50593166848462,14:03:13.166,125.5400,35
50593166857927,14:03:13.166,125.5400,65
50593512867158,14:03:13.512,125.5400,6
50593793440660,14:03:13.793,125.5400,50
50593793481692,14:03:13.793,125.5400,44
50607418029346,14:03:27.418,125.5200,48
50607418029346,14:03:27.418,125.5200,100
50607419014951,14:03:27.419,125.5200,2
50610179314542,14:03:30.179,125.6000,100
50615105634144,14:03:35.105,125.6300,100
50615105931150,14:03:35.105,125.6300,6
50615105961992,14:03:35.105,125.6300,94
50626154467768,14:03:46.154,125.6500,15
50628702038549,14:03:48.702,125.6500,185
50628702092693,14:03:48.702,125.6500,15
50640337689407,14:04:00.337,125.7300,100
50640337877338,14:04:00.337,125.7300,100
50645594840047,14:04:05.594,125.7500,100
50645595003954,14:04:05.595,125.7500,25
50645595023494,14:04:05.595,125.7500,50
50645595045136,14:04:05.595,125.7500,25
50663395617447,14:04:23.395,125.7800,100
50664018907374,14:04:24.018,125.7800,200
50664018949898,14:04:24.018,125.7800,35
50664018955629,14:04:24.018,125.7800,127
50664018969209,14:04:24.018,125.7800,38
50668010275427,14:04:28.010,125.8100,6
50669384267825,14:04:29.384,125.7800,34
50669384431682,14:04:29.384,125.7800,66
50700144637706,14:05:00.144,125.7700,100
50715597918022,14:05:15.597,125.7500,92
50715597954603,14:05:15.597,125.7500,8
50715597954603,14:05:15.597,125.7500,38
50715597964562,14:05:15.597,125.7500,36
50715598150550,14:05:15.598,125.7500,26
50715598455276,14:05:15.598,125.7400,14
50715598481850,14:05:15.598,125.7400,18
50715609470366,14:05:15.609,125.7400,5
50715610423069,14:05:15.610,125.7500,100
50715709131252,14:05:15.709,125.7400,63
50715709131252,14:05:15.709,125.7400,100
50718188584907,14:05:18.188,125.6700,100
50718188584907,14:05:18.188,125.6600,100
50718188665444,14:05:18.188,125.6600,100
50722138108941,14:05:22.138,125.7200,100
50722138108941,14:05:22.138,125.7200,100
50722138585640,14:05:22.138,125.7300,100
50722416428449,14:05:22.416,125.7400,100
50734651547998,14:05:34.651,125.7400,100
50734651576512,14:05:34.651,125.7400,94
50736024614640,14:05:36.024,125.6800,81
50759236571853,14:05:59.236,125.6600,100
50759238047769,14:05:59.238,125.6600,100
50759239163223,14:05:59.239,125.6700,100
50759244550745,14:05:59.244,125.6600,100
50759244717024,14:05:59.244,125.6600,24
50759244852562,14:05:59.244,125.6600,76
50781984220034,14:06:21.984,125.6700,8
50788255656091,14:06:28.255,125.7000,7
50809979695779,14:06:49.979,125.6600,2
50809979695779,14:06:49.979,125.6600,1
50820207399089,14:07:00.207,125.7200,100
50826810353577,14:07:06.810,125.7300,100
50826810353577,14:07:06.810,125.7400,100
50835369268211,14:07:15.369,125.7300,50
50835369290056,14:07:15.369,125.7300,50
50848007027955,14:07:28.007,125.7000,6
50853831110436,14:07:33.831,125.6600,71
50853845993504,14:07:33.845,125.6600,28
50876016310687,14:07:56.016,125.6500,100
50876016310687,14:07:56.016,125.6500,100
50876016617572,14:07:56.016,125.6500,100
50878536368447,14:07:58.536,125.6400,100
50882987148908,14:08:02.987,125.6400,100
50882987148908,14:08:02.987,125.6500,30
50882987266078,14:08:02.987,125.6500,70
50882987266078,14:08:02.987,125.6500,30
50882987281881,14:08:02.987,125.6500,130
50882987295630,14:08:02.987,125.6500,70
50898535666128,14:08:18.535,125.6600,88
50898535683637,14:08:18.535,125.6600,12
50898567661341,14:08:18.567,125.6700,100
50908026432585,14:08:28.026,125.6800,6
50936588847855,14:08:56.588,125.7200,20
50937007003860,14:08:57.007,125.7300,20
50937131998553,14:08:57.131,125.7100,4
50941149625296,14:09:01.149,125.7400,100
50941150189081,14:09:01.150,125.7400,100
50941160409184,14:09:01.160,125.7500,255
50943935054579,14:09:03.935,125.7900,20
50943935054579,14:09:03.935,125.7900,100
50944915731421,14:09:04.915,125.7700,10
50944915731421,14:09:04.915,125.7700,7
50963650292728,14:09:23.650,125.7300,100
50979570294760,14:09:39.570,125.7100,100
50979570294760,14:09:39.570,125.7100,100
50982694683404,14:09:42.694,125.6700,100
50982695297039,14:09:42.695,125.6600,125
50985079499656,14:09:45.079,125.6500,100
50990632988733,14:09:50.632,125.6700,12
50990633056241,14:09:50.633,125.6700,44
50990633066037,14:09:50.633,125.6700,44
50996648972258,14:09:56.648,125.6400,100
50996648972258,14:09:56.648,125.6400,50
50996649610904,14:09:56.649,125.6400,50
51011346772732,14:10:11.346,125.7000,44
51011346780192,14:10:11.346,125.7000,14
51011346798882,14:10:11.346,125.7000,42
51014430470339,14:10:14.430,125.6900,6
51014430470339,14:10:14.430,125.6900,17
51045513607108,14:10:45.513,125.7000,44
51045513640064,14:10:45.513,125.7000,50
51045513844670,14:10:45.513,125.7000,6
51064618498284,14:11:04.618,125.7300,100
51065292664553,14:11:05.292,125.7300,100
51065293738314,14:11:05.293,125.7300,4
51065293829912,14:11:05.293,125.7400,10
51065343913652,14:11:05.343,125.7300,10
51068623716022,14:11:08.623,125.7200,89
51068623743825,14:11:08.623,125.7200,11
51068623743825,14:11:08.623,125.7200,100
51082548572096,14:11:22.548,125.7700,100
51088217580648,14:11:28.217,125.8000,5
51088217882113,14:11:28.217,125.8000,5
51089123740774,14:11:29.123,125.8000,10
51089508438302,14:11:29.508,125.8000,80
51121651367656,14:12:01.651,125.8000,7
51121726636278,14:12:01.726,125.7800,100
51121740945597,14:12:01.740,125.7600,100
51124257360511,14:12:04.257,125.7300,2
51140077797220,14:12:20.077,125.7700,100
51140077932008,14:12:20.077,125.7700,100
51169046352061,14:12:49.046,125.8300,100
51169046361610,14:12:49.046,125.8300,100
51176966848387,14:12:56.966,125.8500,20
51182188316042,14:13:02.188,125.8600,100
51182188316042,14:13:02.188,125.8400,100
51182188316042,14:13:02.188,125.8400,100
51182188347925,14:13:02.188,125.8400,100
51182188403233,14:13:02.188,125.8400,52
51182188500679,14:13:02.188,125.8400,48
51182189912656,14:13:02.189,125.8400,10
51204011687867,14:13:24.011,125.8600,50
51204011731331,14:13:24.011,125.8600,50
51204011756101,14:13:24.011,125.8600,52
51204011765586,14:13:24.011,125.8600,48
51212022227238,14:13:32.022,125.8200,200
51212291540779,14:13:32.291,125.8100,50
51226456167622,14:13:46.456,125.8300,100
51226456167622,14:13:46.456,125.8300,100
51226456327229,14:13:46.456,125.8300,100
51234462079144,14:13:54.462,125.8500,44
51234462086175,14:13:54.462,125.8500,56
51234462086175,14:13:54.462,125.8500,54
51234462211419,14:13:54.462,125.8500,46
51246862636966,14:14:06.862,125.8600,100
51259810510529,14:14:19.810,125.9000,10
51259810536063,14:14:19.810,125.9000,90
51267267848663,14:14:27.267,125.8750,100
51267267848663,14:14:27.267,125.8600,200
51267267911943,14:14:27.267,125.8600,50
51267267961477,14:14:27.267,125.8600,50
51270887858931,14:14:30.887,125.8700,44
51270887859432,14:14:30.887,125.8700,44
51272303347294,14:14:32.303,125.8700,12
51300163128063,14:15:00.163,125.9100,31
51300163128063,14:15:00.163,125.9100,100
51300169933816,14:15:00.169,125.8800,31
51300169933816,14:15:00.169,125.8800,69
51300174103443,14:15:00.174,125.8800,31
51300174103443,14:15:00.174,125.8800,69
51300174338210,14:15:00.174,125.8800,31
51300174338210,14:15:00.174,125.8800,100
51300186212951,14:15:00.186,125.8700,8
51300191377999,14:15:00.191,125.8700,11
51300193536895,14:15:00.193,125.8700,12
51300198806735,14:15:00.198,125.8800,100
51300212108642,14:15:00.212,125.8800,100
51302800621116,14:15:02.800,125.8600,100
51302800706754,14:15:02.800,125.8600,100
51305910369110,14:15:05.910,125.8400,10
51305914877255,14:15:05.914,125.8200,10
51308594930161,14:15:08.594,125.8500,94
51308595764788,14:15:08.595,125.8500,6
51308595764788,14:15:08.595,125.8600,25
51308598749341,14:15:08.598,125.8600,6
51308598749341,14:15:08.598,125.8600,25
51308599042072,14:15:08.599,125.8600,31
51308599446496,14:15:08.599,125.8600,31
51314258475500,14:15:14.258,125.8400,96
51314318392241,14:15:14.318,125.8300,100
51315271797351,14:15:15.271,125.8300,100
51315317737425,14:15:15.317,125.8200,100
51321078861222,14:15:21.078,125.8100,100
51321079376074,14:15:21.079,125.8000,200
51321184652127,14:15:21.184,125.8400,31
51321204758252,14:15:21.204,125.8100,10
51321287554663,14:15:21.287,125.8300,50
51322108079109,14:15:22.108,125.7900,100
51329874133134,14:15:29.874,125.7900,100
51330124785438,14:15:30.124,125.7800,200
51330124785438,14:15:30.124,125.7800,100
51333121188911,14:15:33.121,125.7700,100
51341988753990,14:15:41.988,125.7600,100
51346082705628,14:15:46.082,125.7700,100
51346659105128,14:15:46.659,125.7400,100
51348767942134,14:15:48.767,125.7600,31
