timestamp,time,price,volume
34200092810390,09:30:00.092,0.0000,0
34331036859694,09:32:11.036,73.7400,100
34546158864166,09:35:46.158,74.0500,100
34546160025652,09:35:46.160,74.0100,100
34588330397203,09:36:28.330,73.8600,100
34588986181244,09:36:28.986,73.9100,100
34657313567199,09:37:37.313,73.9000,6
34679589194594,09:37:59.589,73.6400,200
34715659900135,09:38:35.659,73.6400,1
34735547943752,09:38:55.547,73.5100,100
34735549410756,09:38:55.549,73.5400,100
34913045217079,09:41:53.045,73.3700,7
34963012311918,09:42:43.012,73.4900,100
34989436601826,09:43:09.436,73.4800,200
34989436660004,09:43:09.436,73.4900,100
34989436660004,09:43:09.436,73.4900,100
35043885723501,09:44:03.885,73.4300,24
35191085129489,09:46:31.085,73.2500,100
35191085129489,09:46:31.085,73.2500,100
35280570294494,09:48:00.570,73.2500,37
35290100566182,09:48:10.100,73.1700,100
35290100639746,09:48:10.100,73.1700,7
35290107195516,09:48:10.107,73.1700,100
35290107240249,09:48:10.107,73.1700,7
35297581768446,09:48:17.581,73.1300,10
35302182506548,09:48:22.182,73.2100,100
35302486145790,09:48:22.486,73.2500,100
35330666727031,09:48:50.666,73.1100,200
35330877948020,09:48:50.877,73.0900,21
35333060115569,09:48:53.060,73.0300,100
35333063371884,09:48:53.063,73.0000,500
35333068500588,09:48:53.068,72.9900,100
35346233705751,09:49:06.233,73.0500,6
35346233705751,09:49:06.233,73.0500,29
35379211836976,09:49:39.211,73.0900,100
35423420995078,09:50:23.420,73.1450,100
35423420995078,09:50:23.420,73.2000,200
35423421010736,09:50:23.421,73.2000,100
35458438216527,09:50:58.438,73.2700,100
35466216760254,09:51:06.216,73.1300,100
35521880937812,09:52:01.880,73.2200,100
35742651703252,09:55:42.651,73.1000,100
35745834031401,09:55:45.834,73.0600,100
35745834114545,09:55:45.834,73.0600,100
35748450295503,09:55:48.450,73.0500,100
35753048885945,09:55:53.048,73.0800,100
35753048941255,09:55:53.048,73.0800,32
35757267278586,09:55:57.267,72.9900,100
35865093814624,09:57:45.093,72.9900,100
35876351685789,09:57:56.351,73.0000,50
35899986248934,09:58:19.986,72.9600,9
35971038231027,09:59:31.038,72.8100,100
36012867828208,10:00:12.867,72.6200,22
36012870081971,10:00:12.870,72.6100,100
36018923978559,10:00:18.923,72.5800,100
36086102016940,10:01:26.102,72.6500,100
36086102043309,10:01:26.102,72.6500,100
36086102407639,10:01:26.102,72.6500,100
36173785757159,10:02:53.785,72.6900,700
36173786222685,10:02:53.786,72.6800,100
36173786222685,10:02:53.786,72.6800,5
36173786222685,10:02:53.786,72.6800,54
36173786828955,10:02:53.786,72.6900,10
36173791515191,10:02:53.791,72.6900,74
36173980376391,10:02:53.980,72.6900,20
36212032108503,10:03:32.032,72.6800,9
36313828433812,10:05:13.828,72.6800,23
36330953317410,10:05:30.953,72.6700,100
36335605755808,10:05:35.605,72.7200,10
36409068409902,10:06:49.068,72.8400,100
36409091012695,10:06:49.091,72.7600,100
36409091350404,10:06:49.091,72.7600,100
36409091374771,10:06:49.091,72.7600,100
36409091400798,10:06:49.091,72.7600,100
36409101529521,10:06:49.101,72.7500,100
36411084209513,10:06:51.084,72.7200,100
36411084209513,10:06:51.084,72.7200,5
36457071225091,10:07:37.071,72.6800,100
36457071225091,10:07:37.071,72.6800,100
36457071225091,10:07:37.071,72.6800,100
36457073974519,10:07:37.073,72.6000,100
36457075926029,10:07:37.075,72.5700,100
36457118834512,10:07:37.118,72.5700,100
36457118911199,10:07:37.118,72.5700,100
36457178566283,10:07:37.178,72.5900,100
36481868888774,10:08:01.868,72.5700,10
36545083266174,10:09:05.083,72.6000,7
36545084054459,10:09:05.084,72.5900,100
36545087625867,10:09:05.087,72.5300,100
36545087625867,10:09:05.087,72.5300,100
36545144603274,10:09:05.144,72.4900,100
36545144702989,10:09:05.144,72.4900,100
36546979803872,10:09:06.979,72.5000,200
36546979863351,10:09:06.979,72.5000,200
36549512803964,10:09:09.512,72.5000,176
36549512996444,10:09:09.512,72.4600,100
36549513211111,10:09:09.513,72.4800,100
36554213723133,10:09:14.213,72.4600,6
36577760672242,10:09:37.760,72.4000,100
36577806592153,10:09:37.806,72.3500,100
36578019845160,10:09:38.019,72.3300,100
36596207465118,10:09:56.207,72.3600,100
36603095368044,10:10:03.095,72.2400,100
36603095370714,10:10:03.095,72.2500,167
36603095394880,10:10:03.095,72.2500,33
36603095398072,10:10:03.095,72.2500,33
36603095421575,10:10:03.095,72.2500,33
36603095623327,10:10:03.095,72.2500,132
36603095853195,10:10:03.095,72.2500,35
36603095853195,10:10:03.095,72.2500,165
36603100567245,10:10:03.100,72.2400,100
36603100567245,10:10:03.100,72.2400,100
36604871250229,10:10:04.871,72.2300,100
36604871250229,10:10:04.871,72.2300,100
36604871250229,10:10:04.871,72.2300,7
36606082917811,10:10:06.082,72.2300,200
36654315088922,10:10:54.315,72.2800,100
36663225825796,10:11:03.225,72.3000,100
36718305644426,10:11:58.305,72.3900,100
36718326609880,10:11:58.326,72.4300,100
36797990262614,10:13:17.990,72.4300,7
36798005265362,10:13:18.005,72.4000,100
36798006298489,10:13:18.006,72.4000,100
36897123097522,10:14:57.123,72.4400,100
36897161184588,10:14:57.161,72.4800,98
36897161845400,10:14:57.161,72.4800,2
36897161845400,10:14:57.161,72.4800,66
36897161893369,10:14:57.161,72.4800,34
36897161971609,10:14:57.161,72.4800,34
36897162035130,10:14:57.162,72.4800,22
36897162099423,10:14:57.162,72.4800,15
36897162160131,10:14:57.162,72.4800,10
36897162167143,10:14:57.162,72.4800,19
36897162409060,10:14:57.162,72.4800,100
36901325036466,10:15:01.325,72.4900,100
36978886463194,10:16:18.886,72.6700,61
36978886490607,10:16:18.886,72.6700,1
37002273068303,10:16:42.273,72.6700,38
37022126783506,10:17:02.126,72.6000,5
37025028324435,10:17:05.028,72.5800,100
37029164758256,10:17:09.164,72.5700,100
37042767351727,10:17:22.767,72.5600,6
37042786508839,10:17:22.786,72.5650,100
37047127836571,10:17:27.127,72.5400,100
37047127836571,10:17:27.127,72.5300,100
37047127836571,10:17:27.127,72.5300,100
37047129010820,10:17:27.129,72.5200,100
37047131364398,10:17:27.131,72.5000,100
37047131463784,10:17:27.131,72.5000,100
37047231000063,10:17:27.231,72.5000,35
37049178628673,10:17:29.178,72.5200,200
37049178653852,10:17:29.178,72.5200,102
37049178727161,10:17:29.178,72.5200,200
37049178727700,10:17:29.178,72.5200,200
37049178919989,10:17:29.178,72.5200,200
37061758041305,10:17:41.758,72.4600,100
37090288484827,10:18:10.288,72.4200,7
37090288484827,10:18:10.288,72.4200,93
37096560333181,10:18:16.560,72.3900,100
37115037806110,10:18:35.037,72.4000,9
37181313097518,10:19:41.313,72.4000,7
37229336392217,10:20:29.336,72.4050,100
37229336573114,10:20:29.336,72.4050,100
37229336649045,10:20:29.336,72.4050,100
37229336650323,10:20:29.336,72.4050,100
37229336687887,10:20:29.336,72.4300,50
37229336687887,10:20:29.336,72.4500,50
37229336881181,10:20:29.336,72.4250,100
37229336909248,10:20:29.336,72.4400,100
37229336990528,10:20:29.336,72.4400,100
37229337222219,10:20:29.337,72.4500,50
37229337222219,10:20:29.337,72.4500,100
37229337287229,10:20:29.337,72.4500,100
37232923643919,10:20:32.923,72.5200,200
37232924042905,10:20:32.924,72.5200,200
37252321590523,10:20:52.321,72.5000,100
37252321590523,10:20:52.321,72.5000,7
37306842213577,10:21:46.842,72.4500,5
37374392682282,10:22:54.392,72.5200,98
37387181587464,10:23:07.181,72.5250,100
37405023472732,10:23:25.023,72.5400,100
37441491080429,10:24:01.491,72.6000,200
37462833244121,10:24:22.833,72.5600,6
37511047459423,10:25:11.047,72.6000,200
37528923767963,10:25:28.923,72.6000,200
37531342664582,10:25:31.342,72.6200,100
37539170979498,10:25:39.170,72.7000,100
37539170979498,10:25:39.170,72.6900,100
37539174780804,10:25:39.174,72.6400,100
37550172294220,10:25:50.172,72.6400,100
37550172294220,10:25:50.172,72.6400,100
37550172294220,10:25:50.172,72.6300,100
37550172399208,10:25:50.172,72.6500,100
37550172635966,10:25:50.172,72.6700,200
37550173120393,10:25:50.173,72.6400,200
37550173120393,10:25:50.173,72.6400,100
37550173120393,10:25:50.173,72.6300,200
37550176785685,10:25:50.176,72.6000,100
37550176785685,10:25:50.176,72.6000,100
37550177647557,10:25:50.177,72.5900,100
37562414268876,10:26:02.414,72.5900,17
37562414295238,10:26:02.414,72.5900,83
37564176466948,10:26:04.176,72.5600,7
37564176550603,10:26:04.176,72.5500,200
37564176621362,10:26:04.176,72.5500,200
37564176809456,10:26:04.176,72.5500,193
37564177041027,10:26:04.177,72.5400,200
37632605819252,10:27:12.605,72.5700,100
37639729460276,10:27:19.729,72.5400,100
37675401254106,10:27:55.401,72.7400,31
37677864170995,10:27:57.864,72.7400,100
37677864170995,10:27:57.864,72.7500,100
37677864197699,10:27:57.864,72.7500,100
37689936212707,10:28:09.936,72.7100,6
37695370443311,10:28:15.370,72.7800,100
37719608900906,10:28:39.608,72.7900,25
37719608992236,10:28:39.608,72.7900,75
37855355804792,10:30:55.355,72.8600,50
37857072526460,10:30:57.072,72.8800,10
37857073587050,10:30:57.073,72.9500,40
37857943022160,10:30:57.943,72.8700,100
37857943022160,10:30:57.943,72.8600,200
37857943114384,10:30:57.943,72.8600,100
37887573703737,10:31:27.573,72.8500,6
37887573703737,10:31:27.573,72.8500,31
37887594226064,10:31:27.594,72.8400,100
37887616764554,10:31:27.616,72.8000,100
37887632366966,10:31:27.632,72.7900,100
37887722140622,10:31:27.722,72.7900,8
37887724144005,10:31:27.724,72.8500,100
37887724202664,10:31:27.724,72.8500,100
37887724234085,10:31:27.724,72.8500,100
37888578448099,10:31:28.578,72.9300,100
37945228583566,10:32:25.228,72.9500,100
37945229521584,10:32:25.229,72.9700,5
37945229521584,10:32:25.229,72.9800,67
37945229592294,10:32:25.229,72.9800,33
37976953843435,10:32:56.953,72.9400,100
37976953843435,10:32:56.953,72.9300,6
37976953843435,10:32:56.953,72.9300,94
37976954681187,10:32:56.954,72.9400,6
37976955519777,10:32:56.955,72.9300,6
37977054096006,10:32:57.054,73.0300,100
38000068691172,10:33:20.068,73.0600,100
38007931650991,10:33:27.931,72.9900,100
38007931650991,10:33:27.931,72.9800,100
38007931650991,10:33:27.931,72.9800,100
38047945064718,10:34:07.945,72.9800,100
38047945064718,10:34:07.945,72.9800,100
38050989059688,10:34:10.989,73.0350,100
38143243103717,10:35:43.243,73.0900,17
38143243103717,10:35:43.243,73.0900,2
38143250136213,10:35:43.250,73.0900,100
38143511750452,10:35:43.511,73.1500,100
38143511828206,10:35:43.511,73.1500,100
38143642667894,10:35:43.642,73.1500,1
38153165604354,10:35:53.165,73.2800,100
38161727724262,10:36:01.727,73.4100,1
38245346775392,10:37:25.346,73.3300,100
38245346775392,10:37:25.346,73.3300,4
38256577705320,10:37:36.577,73.2800,100
38286988765723,10:38:06.988,73.2000,9
38342272951850,10:39:02.272,73.3300,10
38342273637519,10:39:02.273,73.3500,53
38342274056509,10:39:02.274,73.3500,47
38342308131043,10:39:02.308,73.3600,5
38419193800000,10:40:19.193,73.4800,100
38578361874740,10:42:58.361,73.6000,42
38578361900657,10:42:58.361,73.6000,178
38578361900657,10:42:58.361,73.6000,100
38697039966456,10:44:57.039,73.7200,100
38697040026226,10:44:57.040,73.7200,100
38697045043262,10:44:57.045,73.6700,10
38697045043262,10:44:57.045,73.6700,100
38697045043262,10:44:57.045,73.6700,100
38700046291979,10:45:00.046,73.7000,3
38714132899703,10:45:14.132,73.6800,100
38714132925301,10:45:14.132,73.6800,100
38787634741721,10:46:27.634,73.6500,100
38787654482865,10:46:27.654,73.6400,71
38787654482865,10:46:27.654,73.6400,4
38885554375102,10:48:05.554,73.5900,9
38885554417797,10:48:05.554,73.5900,91
38885554417797,10:48:05.554,73.5900,100
38885554417797,10:48:05.554,73.5900,4
38885554908456,10:48:05.554,73.5800,100
38892310513443,10:48:12.310,73.5600,70
38892523552645,10:48:12.523,73.5600,100
38892523580569,10:48:12.523,73.5500,7
39001220917435,10:50:01.220,73.5200,100
39001220949691,10:50:01.220,73.5200,100
39020793058539,10:50:20.793,73.5600,100
39081631822817,10:51:21.631,73.5700,100
39081632358085,10:51:21.632,73.6100,100
39104777722894,10:51:44.777,73.6400,100
39113462559906,10:51:53.462,73.6700,3
39158746846908,10:52:38.746,73.6700,100
39158748504821,10:52:38.748,73.6400,5
39158750111360,10:52:38.750,73.6300,100
39159247866513,10:52:39.247,73.6100,100
39180836391488,10:53:00.836,73.5400,9
39363235795710,10:56:03.235,73.5800,100
39419342814188,10:56:59.342,73.5800,5
39419342814188,10:56:59.342,73.5800,100
39501496071533,10:58:21.496,73.5200,9
39575732485278,10:59:35.732,73.5500,100
39613724772088,11:00:13.724,73.5100,100
39641973302688,11:00:41.973,73.4900,100
39641973302688,11:00:41.973,73.4900,5
39641973302688,11:00:41.973,73.4900,100
39654895932811,11:00:54.895,73.4600,100
39663512182028,11:01:03.512,73.5500,10
39663546439603,11:01:03.546,73.5500,100
39663574850506,11:01:03.574,73.5200,100
39674231192695,11:01:14.231,73.4400,100
39691850178863,11:01:31.850,73.4400,100
39714014930137,11:01:54.014,73.4300,25
39732060228506,11:02:12.060,73.4000,100
39782081655959,11:03:02.081,73.4100,10
39801331096336,11:03:21.331,73.4100,5
39865156600732,11:04:25.156,73.4050,200
39865980729845,11:04:25.980,73.3600,7
39865980729845,11:04:25.980,73.3600,5
39919204429090,11:05:19.204,73.3300,100
39919204650113,11:05:19.204,73.3300,100
39934212392897,11:05:34.212,73.3000,100
39934212473334,11:05:34.212,73.3000,100
40101318173919,11:08:21.318,73.2700,9
40102287305029,11:08:22.287,73.2800,100
40112488070883,11:08:32.488,73.3200,100
40112488070883,11:08:32.488,73.3200,100
40149442703059,11:09:09.442,73.2800,17
40161650454224,11:09:21.650,73.3100,7
40161650454224,11:09:21.650,73.3100,9
40161650504361,11:09:21.650,73.2800,100
40161663696287,11:09:21.663,73.3100,58
40163699312807,11:09:23.699,73.3100,42
40163699312807,11:09:23.699,73.3100,10
40169350424414,11:09:29.350,73.3300,100
40171487193620,11:09:31.487,73.2900,100
40171487193620,11:09:31.487,73.2900,6
40197462099256,11:09:57.462,73.2600,100
40197465083330,11:09:57.465,73.2400,100
40198250462817,11:09:58.250,73.2300,100
40198263046366,11:09:58.263,73.2200,100
40199721148016,11:09:59.721,73.2100,100
40199722284405,11:09:59.722,73.2000,100
40203170105327,11:10:03.170,73.1800,100
40207355732988,11:10:07.355,73.1800,100
40209103946358,11:10:09.103,73.1800,6
40304857215348,11:11:44.857,73.1300,100
40305261260056,11:11:45.261,73.1500,100
40316774822245,11:11:56.774,73.2200,100
40316774822245,11:11:56.774,73.2200,100
40316775885228,11:11:56.775,73.2300,100
40317452110626,11:11:57.452,73.2500,100
40402788494947,11:13:22.788,73.2900,9
40414396924584,11:13:34.396,73.3900,5
40416444189943,11:13:36.444,73.4200,5
40444767323337,11:14:04.767,73.5100,45
40582283206917,11:16:22.283,73.5500,1
40605986747385,11:16:45.986,73.5400,5
40605990941355,11:16:45.990,73.5100,100
40605990941355,11:16:45.990,73.5100,100
40694430973067,11:18:14.430,73.4900,100
40694431072747,11:18:14.431,73.4900,6
40698464472995,11:18:18.464,73.4700,1
40728037275928,11:18:48.037,73.4500,100
40765950442529,11:19:25.950,73.4400,100
40800138299616,11:20:00.138,73.3700,100
40803101191855,11:20:03.101,73.3700,100
40868675704248,11:21:08.675,73.4000,50
40873572256561,11:21:13.572,73.4150,100
40876134932627,11:21:16.134,73.3700,6
40884085786201,11:21:24.085,73.3600,6
40889208200119,11:21:29.208,73.3400,100
40903079275197,11:21:43.079,73.3300,1
40903079275197,11:21:43.079,73.3300,99
40903079753497,11:21:43.079,73.3300,1
40930144763284,11:22:10.144,73.3000,6
40930146171652,11:22:10.146,73.2800,100
40930147617717,11:22:10.147,73.2700,100
40999067504722,11:23:19.067,73.1800,9
41107143633765,11:25:07.143,73.1900,100
41160349044092,11:26:00.349,73.1800,6
41160349044092,11:26:00.349,73.1800,94
41160349071420,11:26:00.349,73.1800,6
41189615601925,11:26:29.615,73.1500,15
41220185631735,11:27:00.185,73.1500,100
41220285209707,11:27:00.285,73.1500,100
41289255803055,11:28:09.255,73.1700,9
41420242448945,11:30:20.242,73.2300,12
41420242531273,11:30:20.242,73.2000,100
41420242622485,11:30:20.242,73.2400,100
41420242904799,11:30:20.242,73.2400,100
41420265055356,11:30:20.265,73.2500,100
41420713386777,11:30:20.713,73.2700,1
41420713411373,11:30:20.713,73.2700,3
41538654368669,11:32:18.654,73.3100,100
41538654368669,11:32:18.654,73.3100,6
41584270217580,11:33:04.270,73.2800,9
41634977969121,11:33:54.977,73.3400,100
41634977969121,11:33:54.977,73.3400,100
41634978202785,11:33:54.978,73.3400,100
41664270975059,11:34:24.270,73.3750,100
41916589398387,11:38:36.589,73.3700,7
41916589398387,11:38:36.589,73.3700,2
41916589398387,11:38:36.589,73.3700,1
41916589425966,11:38:36.589,73.3700,99
41916589425966,11:38:36.589,73.3700,7
41916589425966,11:38:36.589,73.3700,100
41916589425966,11:38:36.589,73.3700,100
42054246122870,11:40:54.246,73.3200,100
42074395253204,11:41:14.395,73.3200,100
42131500048929,11:42:11.500,73.3700,100
42131500048929,11:42:11.500,73.4000,1
42183973088738,11:43:03.973,73.3600,9
42298920771606,11:44:58.920,73.4000,200
42298920771606,11:44:58.920,73.4000,100
42298920771606,11:44:58.920,73.4100,100
42298920806433,11:44:58.920,73.4100,100
42298920806433,11:44:58.920,73.4100,200
42409141167093,11:46:49.141,73.4700,100
42409141167093,11:46:49.141,73.4600,7
42409141193312,11:46:49.141,73.4600,100
42483535184392,11:48:03.535,73.4700,100
42502458457353,11:48:22.458,73.4600,9
42563305946190,11:49:23.305,73.5000,62
42563306007278,11:49:23.306,73.5000,38
42563306926892,11:49:23.306,73.5100,100
42564054592047,11:49:24.054,73.5100,1
42564054592047,11:49:24.054,73.5100,99
42595262113584,11:49:55.262,73.5000,40
42655841975140,11:50:55.841,73.5200,3
42673373637200,11:51:13.373,73.5500,100
42807142618717,11:53:27.142,73.6000,43
42811046301124,11:53:31.046,73.6300,100
42811046354445,11:53:31.046,73.6300,100
43020248944912,11:57:00.248,73.7100,43
43020252165770,11:57:00.252,73.7100,200
43020252165770,11:57:00.252,73.7000,17
43020252165770,11:57:00.252,73.7000,6
43020252194350,11:57:00.252,73.7000,200
43054131003500,11:57:34.131,73.7100,100
43054131411474,11:57:34.131,73.7000,100
43165538768929,11:59:25.538,73.6400,100
43201633029162,12:00:01.633,73.6500,100
43201633029162,12:00:01.633,73.6700,34
43201633029162,12:00:01.633,73.6700,100
43201633031045,12:00:01.633,73.6700,100
43201638296543,12:00:01.638,73.6900,100
43231041735760,12:00:31.041,73.6600,1
43231041735760,12:00:31.041,73.6600,6
43356672835802,12:02:36.672,73.6900,100
43356672995466,12:02:36.672,73.6900,100
43356679217540,12:02:36.679,73.7000,100
43356902872973,12:02:36.902,73.6900,2
43358100389175,12:02:38.100,73.7300,57
43358100414644,12:02:38.100,73.7300,43
43405343461479,12:03:25.343,73.8000,7
43434316766594,12:03:54.316,73.7700,6
43434316766594,12:03:54.316,73.7700,94
43652455888964,12:07:32.455,73.8500,18
43660562033222,12:07:40.562,73.8100,100
43677830990526,12:07:57.830,73.8100,5
43690760204036,12:08:10.760,73.8000,100
43690760204036,12:08:10.760,73.8000,5
43707649328788,12:08:27.649,73.7900,9
43707649353513,12:08:27.649,73.7900,91
43804274107021,12:10:04.274,73.8100,100
43807065827444,12:10:07.065,73.8100,100
43807065827444,12:10:07.065,73.8300,1
43807065853462,12:10:07.065,73.8300,99
43807065853462,12:10:07.065,73.8300,1
43807066732686,12:10:07.066,73.8300,100
43837981376939,12:10:37.981,73.8100,31
43950055514485,12:12:30.055,73.8100,100
43950057036179,12:12:30.057,73.8400,1
43955611515452,12:12:35.611,73.8100,16
44016531683707,12:13:36.531,73.8000,5
44016531683707,12:13:36.531,73.8000,4
44016531710309,12:13:36.531,73.8000,96
44081457952619,12:14:41.457,73.8250,100
44081457952619,12:14:41.457,73.8250,100
44161557872867,12:16:01.557,73.8500,3
44161557872867,12:16:01.557,73.8500,100
44161557872867,12:16:01.557,73.8500,100
44161587605606,12:16:01.587,73.8700,40
44173747991593,12:16:13.747,73.9800,2
44173747991593,12:16:13.747,73.9800,100
44210635940789,12:16:50.635,74.0500,1
44210640390078,12:16:50.640,74.0900,100
44296674525034,12:18:16.674,74.1100,10
44311037138144,12:18:31.037,74.1400,1
44311804653102,12:18:31.804,74.1400,1
44328334289663,12:18:48.334,74.1500,13
44369547736138,12:19:29.547,74.1450,100
44369548407547,12:19:29.548,74.1450,100
44375421252487,12:19:35.421,74.1900,100
44437658702245,12:20:37.658,74.2300,2
44437658726574,12:20:37.658,74.2300,20
44437660152422,12:20:37.660,74.2300,78
44437660152422,12:20:37.660,74.2300,29
44437661972883,12:20:37.661,74.2300,71
44525708796463,12:22:05.708,74.3200,31
44525708796463,12:22:05.708,74.3200,100
44526902376374,12:22:06.902,74.3200,2
44527488525941,12:22:07.488,74.3200,100
44611356999319,12:23:31.356,74.3400,9
44674148248060,12:24:34.148,74.3700,1
44674148248060,12:24:34.148,74.3700,2
44674148316921,12:24:34.148,74.4000,89
44701242200636,12:25:01.242,74.4050,100
44702166688658,12:25:02.166,74.3900,43
44702166688658,12:25:02.166,74.3900,89
44781425322705,12:26:21.425,74.3900,100
44781425529977,12:26:21.425,74.3900,100
44781425529977,12:26:21.425,74.3800,2
44781425634998,12:26:21.425,74.3800,98
44781425634998,12:26:21.425,74.3800,2
44782464598988,12:26:22.464,74.3700,100
44782464942385,12:26:22.464,74.3700,100
44782465692525,12:26:22.465,74.3600,100
44782917125471,12:26:22.917,74.3600,10
44782917707726,12:26:22.917,74.3500,100
44783781036401,12:26:23.781,74.3500,100
44853688721528,12:27:33.688,74.3300,100
44853891472603,12:27:33.891,74.2900,100
44856689531457,12:27:36.689,74.2600,100
44876742663888,12:27:56.742,74.2500,2
44876742663888,12:27:56.742,74.2500,100
44876743179506,12:27:56.743,74.2400,10
44878829129464,12:27:58.829,74.2400,10
44878829129464,12:27:58.829,74.2400,90
44888995335111,12:28:08.995,74.2400,9
44889928379387,12:28:09.928,74.2400,100
44890026219540,12:28:10.026,74.2400,1
44890026219540,12:28:10.026,74.2400,10
44972656554036,12:29:32.656,74.2700,100
44972656554036,12:29:32.656,74.2700,100
44972657664590,12:29:32.657,74.3000,35
44972657664590,12:29:32.657,74.3000,100
45011546777490,12:30:11.546,74.4300,100
45011546777490,12:30:11.546,74.4400,65
45090300767270,12:31:30.300,74.4800,200
45090300767270,12:31:30.300,74.4800,55
45090301009487,12:31:30.301,74.4800,45
45090301009487,12:31:30.301,74.4800,55
45090301037215,12:31:30.301,74.4800,45
45091969116151,12:31:31.969,74.6000,47
45092456124785,12:31:32.456,74.6000,4
45092456838923,12:31:32.456,74.6000,4
45142880119388,12:32:22.880,74.6200,1
45142880740436,12:32:22.880,74.6000,100
45142880740436,12:32:22.880,74.5900,1
45142880740436,12:32:22.880,74.5900,5
45142880807200,12:32:22.880,74.5900,100
45142880827821,12:32:22.880,74.6000,100
45142891301350,12:32:22.891,74.5600,100
45143018362217,12:32:23.018,74.5500,100
45152404827381,12:32:32.404,74.5500,100
45197292509787,12:33:17.292,74.5300,100
45216621756007,12:33:36.621,74.5300,10
45296835474365,12:34:56.835,74.5900,100
45296835474365,12:34:56.835,74.5900,54
45296836028402,12:34:56.836,74.5900,46
45296836028402,12:34:56.836,74.5900,1
45296836028402,12:34:56.836,74.5900,13
45296836172102,12:34:56.836,74.5900,87
45335578778066,12:35:35.578,74.6200,1
45335578778066,12:35:35.578,74.6200,99
45335578962595,12:35:35.578,74.6200,1
45335723861379,12:35:35.723,74.6200,100
45336448507578,12:35:36.448,74.6000,100
45336448507578,12:35:36.448,74.6000,100
45495052840808,12:38:15.052,74.5500,9
45502989645795,12:38:22.989,74.5900,100
45502989645795,12:38:22.989,74.5900,1
45502990245319,12:38:22.990,74.6000,100
45571547402919,12:39:31.547,74.6500,1
45601680399075,12:40:01.680,74.6700,100
45631837805594,12:40:31.837,74.7100,100
45631837805594,12:40:31.837,74.7100,3
45632813347281,12:40:32.813,74.6600,100
45712080997699,12:41:52.080,74.7100,1
45712080997699,12:41:52.080,74.7100,100
45728130469689,12:42:08.130,74.7000,100
45788673651146,12:43:08.673,74.7000,100
45788674945703,12:43:08.674,74.6900,100
45788876896690,12:43:08.876,74.6800,21
45788876921391,12:43:08.876,74.6800,79
45788877688304,12:43:08.877,74.6700,100
45788878106831,12:43:08.878,74.6700,100
45790526515794,12:43:10.526,74.6600,9
45790526586370,12:43:10.526,74.6600,9
45790526797207,12:43:10.526,74.6600,9
45790980929436,12:43:10.980,74.6100,100
45803440534806,12:43:23.440,74.6000,9
45841321064608,12:44:01.321,74.5900,2
45841629497617,12:44:01.629,74.5800,1
45841629525170,12:44:01.629,74.5800,19
45844069987779,12:44:04.069,74.5700,7
45844069987779,12:44:04.069,74.5700,1
45844069987779,12:44:04.069,74.5700,19
45851944565845,12:44:11.944,74.5600,10
45851944565845,12:44:11.944,74.5600,10
45852440537029,12:44:12.440,74.5400,1
45882879702739,12:44:42.879,74.5200,10
45882879702739,12:44:42.879,74.5100,10
45882879702739,12:44:42.879,74.5100,80
45882946731682,12:44:42.946,74.5100,20
45939650441106,12:45:39.650,74.4800,10
45939650839693,12:45:39.650,74.4700,1
45939651549773,12:45:39.651,74.4600,1
45961211987323,12:46:01.211,74.4500,2
45961212704485,12:46:01.212,74.4500,18
46055854776647,12:47:35.854,74.4600,1
46055854978793,12:47:35.854,74.4700,100
46055854978793,12:47:35.854,74.4700,200
46106962139864,12:48:26.962,74.4600,1
46106963026702,12:48:26.963,74.4500,100
46203366893718,12:50:03.366,74.4500,100
46203366893718,12:50:03.366,74.4400,1
46203366920217,12:50:03.366,74.4400,99
46203366920217,12:50:03.366,74.4400,1
46215343387333,12:50:15.343,74.5000,100
46215348644595,12:50:15.348,74.5000,100
46262933512552,12:51:02.933,74.5700,1
46262933512552,12:51:02.933,74.5700,82
46262960020846,12:51:02.960,74.5700,18
46263834846568,12:51:03.834,74.5600,1
46371066071110,12:52:51.066,74.5700,1
46394391994838,12:53:14.391,74.5700,15
46408573038115,12:53:28.573,74.5500,10
46416834723683,12:53:36.834,74.5700,1
46449741662780,12:54:09.741,74.5900,1
46450283192762,12:54:10.283,74.6000,1
46450283192762,12:54:10.283,74.6000,70
46487089822841,12:54:47.089,74.6100,1
46553668740637,12:55:53.668,74.6100,8
46553668740637,12:55:53.668,74.6100,100
46656835088896,12:57:36.835,74.7000,3
46739044932723,12:58:59.044,74.8000,1
46801315647206,13:00:01.315,74.8300,99
46813051456374,13:00:13.051,74.8600,3
46816463881433,13:00:16.463,74.9200,35
46925280953794,13:02:05.280,74.9450,100
46926576396637,13:02:06.576,75.0000,25
46926576396637,13:02:06.576,75.0000,200
46926576396637,13:02:06.576,75.0000,75
46926577256378,13:02:06.577,75.0000,5
46976919481745,13:02:56.919,75.0950,100
46983912550657,13:03:03.912,75.0700,100
46983912550657,13:03:03.912,75.0700,6
46988915504828,13:03:08.915,75.0600,100
46997719525803,13:03:17.719,75.0300,9
47110883043960,13:05:10.883,75.0600,100
47138863791720,13:05:38.863,75.0500,1
47150100597428,13:05:50.100,74.9900,100
47150100597428,13:05:50.100,74.9900,100
47150100681260,13:05:50.100,74.9900,86
47150100891584,13:05:50.100,74.9900,14
47199119425798,13:06:39.119,75.0000,5
47199119425798,13:06:39.119,75.0000,14
47199120315640,13:06:39.120,75.0100,100
47270179399810,13:07:50.179,74.9900,1
47291216399770,13:08:11.216,74.9700,1
47302626993075,13:08:22.626,74.9600,9
47302627019075,13:08:22.627,74.9600,11
47302627037204,13:08:22.627,74.9600,11
47302794229465,13:08:22.794,74.9600,100
47362310103484,13:09:22.310,75.0000,5
47362310103484,13:09:22.310,75.0000,31
47362311247604,13:09:22.311,75.0100,100
47591175635035,13:13:11.175,74.9800,1
47591179538022,13:13:11.179,74.9700,20
47591179946884,13:13:11.179,74.9700,20
47591180136671,13:13:11.180,74.9700,20
47591180188794,13:13:11.180,74.9700,20
47591180211125,13:13:11.180,74.9700,8
47603302668500,13:13:23.302,75.0000,100
47603302668500,13:13:23.302,75.0000,5
47651359729714,13:14:11.359,75.0500,5
47651435563300,13:14:11.435,75.0800,45
47686166819861,13:14:46.166,75.0800,1
47713168232035,13:15:13.168,75.0300,1
47713168279251,13:15:13.168,75.0300,1
47713169093078,13:15:13.169,75.0300,99
47753452585383,13:15:53.452,75.0500,100
47753452585383,13:15:53.452,75.0500,81
47753452636299,13:15:53.452,75.0500,17
47753452661090,13:15:53.452,75.0500,2
47753452841855,13:15:53.452,75.0500,100
47767167682728,13:16:07.167,75.0000,1
47853028882628,13:17:33.028,75.0300,100
47853028882628,13:17:33.028,75.0300,6
48042526758671,13:20:42.526,75.0200,16
48042526782829,13:20:42.526,75.0200,24
48042527129494,13:20:42.527,75.0100,1
48042528261958,13:20:42.528,75.0100,99
48042933281079,13:20:42.933,75.0100,100
48045802434253,13:20:45.802,75.0400,200
48045802434253,13:20:45.802,75.0400,9
48045802481014,13:20:45.802,75.0400,91
48074323660813,13:21:14.323,75.0400,10
48074323660813,13:21:14.323,75.0400,7
48075443089535,13:21:15.443,75.0100,1
48145139416751,13:22:25.139,74.9800,100
48202311896212,13:23:22.311,74.9600,9
48218829721296,13:23:38.829,74.9900,7
48237753223613,13:23:57.753,74.9900,100
48274072541872,13:24:34.072,75.0000,100
48274072541872,13:24:34.072,75.0000,7
48486424299798,13:28:06.424,75.0400,100
48486424299798,13:28:06.424,75.0400,100
48486424299798,13:28:06.424,75.0400,6
48486544608254,13:28:06.544,75.0900,100
48619961874296,13:30:19.961,75.1400,200
48619961874296,13:30:19.961,75.1500,7
48622298075330,13:30:22.298,75.1500,100
48622299308369,13:30:22.299,75.1500,7
48807096658106,13:33:27.096,75.1600,9
48810147750087,13:33:30.147,75.1600,14
48812134292727,13:33:32.134,75.2000,100
48813230894850,13:33:33.230,75.2500,29
48815339424178,13:33:35.339,75.2500,9
48820280282419,13:33:40.280,75.2700,45
48820280378874,13:33:40.280,75.3000,1
48996618838154,13:36:36.618,75.3200,7
49033257747981,13:37:13.257,75.2400,5
49033257747981,13:37:13.257,75.2400,100
49033259033342,13:37:13.259,75.2400,100
49033259442443,13:37:13.259,75.2200,100
49033259648951,13:37:13.259,75.2200,100
49033260246487,13:37:13.260,75.2100,30
49033260246487,13:37:13.260,75.2100,20
49033260246487,13:37:13.260,75.2000,49
49033261307620,13:37:13.261,75.2200,100
49033266090181,13:37:13.266,75.2000,51
49033394235464,13:37:13.394,75.2200,100
49033394713582,13:37:13.394,75.2000,100
49033394713582,13:37:13.394,75.2000,100
49033412358266,13:37:13.412,75.1900,8
49033412358266,13:37:13.412,75.1900,20
49033412926678,13:37:13.412,75.1800,20
49033413437268,13:37:13.413,75.1800,100
49033413438521,13:37:13.413,75.1800,100
49033499975345,13:37:13.499,75.1800,14
49034660046775,13:37:14.660,75.1600,20
49034978545092,13:37:14.978,75.1500,1
49034978545092,13:37:14.978,75.1500,19
49034978545092,13:37:14.978,75.1400,5
49034979486040,13:37:14.979,75.1300,5
49036820108145,13:37:16.820,75.1200,20
49039488506051,13:37:19.488,75.1100,5
49039488506051,13:37:19.488,75.1100,15
49039488903474,13:37:19.488,75.1000,10
49039488903474,13:37:19.488,75.1000,10
49039489755050,13:37:19.489,75.0900,20
49039489802950,13:37:19.489,75.1100,100
49039490300614,13:37:19.490,75.0900,100
49041950105472,13:37:21.950,75.0800,20
49043061669454,13:37:23.061,75.1000,11
49043061669454,13:37:23.061,75.1000,89
49043061968847,13:37:23.061,75.1000,11
49043062822228,13:37:23.062,75.0900,100
49060047103896,13:37:40.047,75.0700,20
49060048046410,13:37:40.048,75.0600,1
49083215831082,13:38:03.215,75.0400,20
49083216504118,13:38:03.216,75.0400,10
49083216504118,13:38:03.216,75.0300,20
49083216504118,13:38:03.216,75.0300,90
49083216606086,13:38:03.216,75.0300,10
49083217458514,13:38:03.217,75.0200,20
49084702283214,13:38:04.702,75.0100,20
49086769933366,13:38:06.769,75.0000,20
49110714886261,13:38:30.714,74.9900,9
49173028556239,13:39:33.028,74.9900,30
49174853008465,13:39:34.853,74.9800,100
49204130323706,13:40:04.130,75.0000,5
49232482393103,13:40:32.482,74.9800,200
49265820518094,13:41:05.820,74.9800,10
49265820677324,13:41:05.820,74.9700,100
49267775624076,13:41:07.775,74.9700,10
49293619318576,13:41:33.619,74.9600,5
49293619318576,13:41:33.619,74.9500,95
49308024291475,13:41:48.024,74.9500,5
49308024291475,13:41:48.024,74.9500,95
49308024372755,13:41:48.024,74.9500,5
49320541456604,13:42:00.541,74.9400,10
49321569735299,13:42:01.569,74.9300,5
49321569735299,13:42:01.569,74.9200,2
49330392149712,13:42:10.392,74.9200,100
49365549991716,13:42:45.549,74.9100,10
49365550070350,13:42:45.550,74.9000,20
49365552936128,13:42:45.552,74.8900,10
49365552936128,13:42:45.552,74.8900,90
49367145587600,13:42:47.145,74.8900,10
49371180415309,13:42:51.180,74.8800,10
49372509568677,13:42:52.509,74.8700,10
49387038555169,13:43:07.038,74.8800,48
49387038898551,13:43:07.038,74.8900,7
49387038949390,13:43:07.038,74.8800,7
49387039000025,13:43:07.039,74.8800,93
49387040249999,13:43:07.040,74.8900,100
49387046717546,13:43:07.046,74.8600,10
49387046717546,13:43:07.046,74.8600,90
49387046777665,13:43:07.046,74.8600,10
49387046777665,13:43:07.046,74.8600,90
49408694482716,13:43:28.694,74.8500,8
49408694482716,13:43:28.694,74.8500,2
49415683127874,13:43:35.683,74.8400,8
49415683127874,13:43:35.683,74.8400,12
49417373125747,13:43:37.373,74.8300,9
49417373150977,13:43:37.373,74.8300,1
49418869885569,13:43:38.869,74.8200,10
49418869885569,13:43:38.869,74.8200,100
49418870909598,13:43:38.870,74.8100,10
49430439499677,13:43:50.439,74.8000,10
49500120192655,13:45:00.120,74.8000,100
49538159067713,13:45:38.159,74.7900,1
49538159067713,13:45:38.159,74.7900,99
49538159095307,13:45:38.159,74.7900,1
49540966159149,13:45:40.966,74.7700,8
49568802563299,13:46:08.802,74.8100,2
49568802563299,13:46:08.802,74.8100,4
49568803076975,13:46:08.803,74.8200,100
49645572068545,13:47:25.572,74.7700,100
49700612821436,13:48:20.612,74.7600,10
49730609378791,13:48:50.609,74.7600,100
49730609378791,13:48:50.609,74.7600,100
49730609407770,13:48:50.609,74.7600,100
49761362065458,13:49:21.362,74.7500,20
49761362165975,13:49:21.362,74.7400,10
49761362165975,13:49:21.362,74.7400,10
49770248991253,13:49:30.248,74.7400,10
49770248991253,13:49:30.248,74.7300,2
49770248991253,13:49:30.248,74.7300,18
49770248991253,13:49:30.248,74.7300,70
49773695898173,13:49:33.695,74.7500,50
49773695898173,13:49:33.695,74.7500,3
49800813852409,13:50:00.813,74.7900,100
49801179539219,13:50:01.179,74.8300,45
49801180166786,13:50:01.180,74.8400,100
49801363204285,13:50:01.363,74.8500,100
49846219174415,13:50:46.219,74.9200,5
49846219174415,13:50:46.219,74.9200,1
49846219174415,13:50:46.219,74.9300,94
49978758855536,13:52:58.758,75.0000,100
49978758909029,13:52:58.758,75.0000,1
49978758909029,13:52:58.758,75.0000,99
49978759383128,13:52:58.759,75.0000,1
49978759383128,13:52:58.759,75.0000,6
49980586249979,13:53:00.586,75.0000,12
50111663992470,13:55:11.663,75.0100,5
50111664019697,13:55:11.664,75.0100,4
50125248089046,13:55:25.248,75.0000,100
50125357743364,13:55:25.357,74.9900,100
50161562072507,13:56:01.562,74.9600,100
50161562072507,13:56:01.562,74.9500,8
50161562099217,13:56:01.562,74.9500,100
50218276400039,13:56:58.276,74.9800,3
50218276400039,13:56:58.276,74.9800,200
50218277182211,13:56:58.277,74.9900,100
50218277182211,13:56:58.277,74.9900,100
50221237835983,13:57:01.237,75.0200,1
50221237835983,13:57:01.237,75.0200,5
50284833615538,13:58:04.833,75.0100,9
50401455442390,14:00:01.455,75.0000,5
50402696308156,14:00:02.696,75.0500,100
50402696326746,14:00:02.696,75.0500,1
50402696326746,14:00:02.696,75.0600,100
50402696326746,14:00:02.696,75.0700,14
50402703741094,14:00:02.703,75.0700,86
50402703773436,14:00:02.703,75.0700,5
50402729339663,14:00:02.729,75.0700,95
50402729339663,14:00:02.729,75.0800,5
50403216284445,14:00:03.216,75.0500,4
50405948929516,14:00:05.948,75.0500,1
50406726672142,14:00:06.726,75.1000,1
50408994707465,14:00:08.994,75.1500,100
50425180114593,14:00:25.180,75.1600,100
50425193590834,14:00:25.193,75.1600,100
50429555306241,14:00:29.555,75.1600,100
50430973739955,14:00:30.973,75.1800,100
50430973969132,14:00:30.973,75.1800,100
50430974350710,14:00:30.974,75.1900,75
50430974399809,14:00:30.974,75.1900,25
50439312222698,14:00:39.312,75.1500,100
50439319560982,14:00:39.319,75.1500,100
50439319618369,14:00:39.319,75.1500,35
50439319674015,14:00:39.319,75.1500,100
50534789814889,14:02:14.789,75.1500,5
50534789814889,14:02:14.789,75.1400,95
50534789881795,14:02:14.789,75.1400,5
50537448692302,14:02:17.448,75.0900,100
50537448947094,14:02:17.448,75.0900,100
50537449225550,14:02:17.449,75.0900,100
50551483560457,14:02:31.483,75.1400,100
50551483831550,14:02:31.483,75.1700,10
50551483859084,14:02:31.483,75.1400,100
50551484653687,14:02:31.484,75.1900,50
50555295444688,14:02:35.295,75.1100,100
50557740915112,14:02:37.740,75.1100,100
50585076339144,14:03:05.076,75.1600,100
50585076412533,14:03:05.076,75.1700,100
50585076640490,14:03:05.076,75.1700,42
50594088564118,14:03:14.088,75.1200,9
50608827626489,14:03:28.827,75.1700,58
50608827626489,14:03:28.827,75.1700,1
50610148092090,14:03:30.148,75.1700,5
50613199970036,14:03:33.199,75.1300,100
50686544050708,14:04:46.544,75.2200,100
50686544050708,14:04:46.544,75.2300,100
50686544050708,14:04:46.544,75.2300,1
50686544050708,14:04:46.544,75.2300,7
50686544531119,14:04:46.544,75.2300,100
50686545459343,14:04:46.545,75.2400,100
50702952236015,14:05:02.952,75.2900,39
50702952261005,14:05:02.952,75.2900,61
50702952261005,14:05:02.952,75.2900,100
50703684370120,14:05:03.684,75.3500,100
50833684975508,14:07:13.684,75.2400,29
50887056524553,14:08:07.056,75.2200,100
50924404407411,14:08:44.404,75.2100,100
50924404407411,14:08:44.404,75.2100,30
50924404444569,14:08:44.404,75.2100,100
50928213003477,14:08:48.213,75.2300,100
50928213003477,14:08:48.213,75.2300,100
50928213240541,14:08:48.213,75.2300,4
51025955708966,14:10:25.955,75.2900,10
51034336505885,14:10:34.336,75.2300,100
51034336522720,14:10:34.336,75.2300,80
51034357476114,14:10:34.357,75.1900,100
51035394566510,14:10:35.394,75.2200,100
51035569592039,14:10:35.569,75.1800,100
51035569617169,14:10:35.569,75.1800,100
51035569642728,14:10:35.569,75.1800,100
51035569677190,14:10:35.569,75.1800,30
51035569677190,14:10:35.569,75.1800,50
51035569713299,14:10:35.569,75.1800,30
51035571184645,14:10:35.571,75.1800,70
51035571184645,14:10:35.571,75.1800,30
51035571210599,14:10:35.571,75.1800,20
51035730009318,14:10:35.730,75.1700,100
51035730009318,14:10:35.730,75.1700,33
51035730035116,14:10:35.730,75.1700,67
51035730082984,14:10:35.730,75.1700,67
51035731628583,14:10:35.731,75.1700,33
51035731628583,14:10:35.731,75.1700,67
51035736657333,14:10:35.736,75.1700,33
51035900835479,14:10:35.900,75.1650,100
51036252336438,14:10:36.252,75.1600,20
51036254043318,14:10:36.254,75.1500,20
51036358434159,14:10:36.358,75.1400,20
51044948219443,14:10:44.948,75.1800,28
51044948219443,14:10:44.948,75.1800,52
51044948229878,14:10:44.948,75.1800,48
51044948229878,14:10:44.948,75.1800,6
51044948229878,14:10:44.948,75.1800,1
51065024411268,14:11:05.024,75.2600,1
51065024456569,14:11:05.024,75.2600,100
51198280445453,14:13:18.280,75.2400,9
51212741619863,14:13:32.741,75.3400,1
51212741619863,14:13:32.741,75.3400,100
51212741639972,14:13:32.741,75.3500,100
51212741639972,14:13:32.741,75.3700,10
51212744246942,14:13:32.744,75.3800,100
51212842617162,14:13:32.842,75.4200,100
51213062982553,14:13:33.062,75.3700,6
51275808462791,14:14:35.808,75.4700,1
51275808462791,14:14:35.808,75.5000,100
51275808462791,14:14:35.808,75.5000,6
51330830642741,14:15:30.830,75.4500,10
51330830642741,14:15:30.830,75.4500,21
51330830651605,14:15:30.830,75.4500,69
51342979429045,14:15:42.979,75.4100,100
51342979572261,14:15:42.979,75.4000,8
51342979582595,14:15:42.979,75.4000,92
51342979597045,14:15:42.979,75.4100,92
51343159416833,14:15:43.159,75.4000,100
51348203235899,14:15:48.203,75.4300,1
51400206708017,14:16:40.206,75.4700,2
51400206708017,14:16:40.206,75.4700,8
51400206708017,14:16:40.206,75.4700,100
51400206726931,14:16:40.206,75.4800,100
51400222646470,14:16:40.222,75.4900,100
51400474582956,14:16:40.474,75.5200,1
51474375087585,14:17:54.375,75.4500,7
51474456328791,14:17:54.456,75.4500,32
51474651227067,14:17:54.651,75.4500,61
51546967219835,14:19:06.967,75.5400,1
51546967219835,14:19:06.967,75.5400,7
51547896799923,14:19:07.896,75.5700,1
51547898099344,14:19:07.898,75.6000,55
51596785037894,14:19:56.785,75.5600,31
51596785287698,14:19:56.785,75.5600,8
51596785316052,14:19:56.785,75.5600,61
51596785648077,14:19:56.785,75.5500,100
51619370174697,14:20:19.370,75.5600,100
51619370174697,14:20:19.370,75.5600,100
51619370174697,14:20:19.370,75.5600,9
51619370174697,14:20:19.370,75.5600,1
51619370413636,14:20:19.370,75.5700,53
51619370437539,14:20:19.370,75.5700,47
51625220652331,14:20:25.220,75.5400,69
51633439368456,14:20:33.439,75.5400,100
51635686236635,14:20:35.686,75.5200,100
51635686277732,14:20:35.686,75.5200,100
51638858525271,14:20:38.858,75.5000,100
51638858710044,14:20:38.858,75.5000,5
51654004792893,14:20:54.004,75.5500,1
51654470953850,14:20:54.470,75.6000,100
51668358360122,14:21:08.358,75.5500,100
51762429389526,14:22:42.429,75.6400,10
51782212885673,14:23:02.212,75.5800,10
51897500335336,14:24:57.500,75.6100,100
51909502719653,14:25:09.502,75.5800,32
51910035461245,14:25:10.035,75.6100,3
51910035461245,14:25:10.035,75.6100,100
51910035461245,14:25:10.035,75.6100,97
51910035489611,14:25:10.035,75.6100,103
51910035489611,14:25:10.035,75.6100,7
51972363968322,14:26:12.363,75.5600,10
51972485523730,14:26:12.485,75.5200,100
51972485548749,14:26:12.485,75.5200,10
51982488465360,14:26:22.488,75.5100,100
51990327536775,14:26:30.327,75.5100,1
51990327536775,14:26:30.327,75.5100,99
51990327605479,14:26:30.327,75.5100,1
51990328574450,14:26:30.328,75.5000,100
51990328600711,14:26:30.328,75.5000,100
51993195679729,14:26:33.195,75.4900,100
52012592934909,14:26:52.592,75.4900,100
52013075925502,14:26:53.075,75.4900,8
52023702997350,14:27:03.702,75.4900,100
52034057310978,14:27:14.057,75.4900,32
52035474021579,14:27:15.474,75.4500,4
52042797195271,14:27:22.797,75.4500,96
52056241580223,14:27:36.241,75.4200,100
52075167915276,14:27:55.167,75.3700,100
52075317837760,14:27:55.317,75.3200,100
52108101021316,14:28:28.101,75.3100,9
52214230454570,14:30:14.230,75.3500,100
52275198723741,14:31:15.198,75.3500,100
52311650873284,14:31:51.650,75.3100,100
52311650873284,14:31:51.650,75.3100,100
52316489230316,14:31:56.489,75.3000,100
52317109185006,14:31:57.109,75.2800,4
52403787574017,14:33:23.787,75.2800,9
52425461926083,14:33:45.461,75.3000,89
52433289121089,14:33:53.289,75.3300,100
52433289121089,14:33:53.289,75.3300,8
52433289121089,14:33:53.289,75.3300,200
52433289121089,14:33:53.289,75.3300,100
52433289863166,14:33:53.289,75.3300,100
52433292177600,14:33:53.292,75.3400,100
52433293235811,14:33:53.293,75.3300,100
52440664797005,14:34:00.664,75.3500,100
52440668188825,14:34:00.668,75.3500,3
52497383092831,14:34:57.383,75.3900,48
52497383109848,14:34:57.383,75.3900,52
52497383109848,14:34:57.383,75.3900,6
52497383109848,14:34:57.383,75.3900,1
52558019437775,14:35:58.019,75.3600,100
52558025215486,14:35:58.025,75.3400,100
52565544490641,14:36:05.544,75.3100,100
52565551851031,14:36:05.551,75.3100,100
52565554070230,14:36:05.554,75.3100,100
52565554070230,14:36:05.554,75.3000,20
52565554098584,14:36:05.554,75.3000,80
52565554098584,14:36:05.554,75.3000,20
52565577839418,14:36:05.577,75.2900,20
52565579037250,14:36:05.579,75.2900,100
52565580519390,14:36:05.580,75.2800,20
52565604621496,14:36:05.604,75.2800,100
52579685480379,14:36:19.685,75.3300,1
52641860673825,14:37:21.860,75.3400,1
52644811829355,14:37:24.811,75.3500,4
52644811829355,14:37:24.811,75.3500,96
52644811855947,14:37:24.811,75.3500,4
52644811855947,14:37:24.811,75.3500,1
52667543156080,14:37:47.543,75.3900,100
52728230234292,14:38:48.230,75.4200,7
52728230234292,14:38:48.230,75.4200,1
52728230234292,14:38:48.230,75.4200,92
52730043527726,14:38:50.043,75.4200,8
52854253824537,14:40:54.253,75.3800,100
52854253824537,14:40:54.253,75.3700,30
52854253851724,14:40:54.253,75.3700,70
52854253851724,14:40:54.253,75.3700,30
52873869969516,14:41:13.869,75.4000,2
52873869969516,14:41:13.869,75.4000,55
52873871654732,14:41:13.871,75.4300,55
52873871773545,14:41:13.871,75.3900,100
52873871822389,14:41:13.871,75.3800,100
52875780106047,14:41:15.780,75.3600,100
52892284907055,14:41:32.284,75.3500,30
52892284995285,14:41:32.284,75.3400,100
52954748636052,14:42:34.748,75.4100,1
52954748636052,14:42:34.748,75.4100,99
52954748662883,14:42:34.748,75.4100,1
52954748662883,14:42:34.748,75.4100,7
52954748662883,14:42:34.748,75.4100,100
52958658418758,14:42:38.658,75.4250,100
52981038550209,14:43:01.038,75.4100,10
52981039075454,14:43:01.039,75.4000,100
52981039075454,14:43:01.039,75.4000,100
52986475214493,14:43:06.475,75.3800,100
52986892074033,14:43:06.892,75.3800,100
52986892126443,14:43:06.892,75.3800,100
52995074222931,14:43:15.074,75.3700,100
53032019773940,14:43:52.019,75.4100,100
53032020111701,14:43:52.020,75.4100,2
53161310474504,14:46:01.310,75.4800,100
53161310474504,14:46:01.310,75.4800,1
53161681747362,14:46:01.681,75.5000,13
53161682658412,14:46:01.682,75.5100,1
53214161469552,14:46:54.161,75.5900,8
53214877136550,14:46:54.877,75.6100,1
53214877136550,14:46:54.877,75.6300,99
53215656177928,14:46:55.656,75.6300,1
53245329507242,14:47:25.329,75.6400,7
53245330572918,14:47:25.330,75.6300,100
53246554067010,14:47:26.554,75.6100,20
53247205893991,14:47:27.205,75.5900,100
53247205997214,14:47:27.205,75.5900,100
53247206005129,14:47:27.206,75.5900,100
53247208475073,14:47:27.208,75.5800,100
53247209248495,14:47:27.209,75.5800,54
53263497486741,14:47:43.497,75.6100,1
53317049552006,14:48:37.049,75.5400,9
53445276084453,14:50:45.276,75.5300,100
53445276544422,14:50:45.276,75.5300,100
53447056147627,14:50:47.056,75.5300,10
53447056147627,14:50:47.056,75.5100,90
53465686937230,14:51:05.686,75.5100,100
53487361659180,14:51:27.361,75.5100,100
53491276150471,14:51:31.276,75.5000,20
53510308037406,14:51:50.308,75.5400,100
53510308085605,14:51:50.308,75.5500,4
53510308085605,14:51:50.308,75.5500,96
53510774145783,14:51:50.774,75.5500,4
53510774145783,14:51:50.774,75.5500,96
53510774171213,14:51:50.774,75.5500,4
53510776744070,14:51:50.776,75.5700,100
53511858809814,14:51:51.858,75.6200,100
53511858809814,14:51:51.858,75.6200,100
53532367427040,14:52:12.367,75.6500,108
53532367451578,14:52:12.367,75.6500,48
53532367451578,14:52:12.367,75.6500,10
53537127672017,14:52:17.127,75.7100,100
53590414657096,14:53:10.414,75.7000,9
53590911543454,14:53:10.911,75.7900,1
53596846904517,14:53:16.846,75.8200,100
53613582142806,14:53:33.582,75.8000,28
53613930362615,14:53:33.930,75.7900,100
53621736612712,14:53:41.736,75.8100,100
53621736624290,14:53:41.736,75.8100,1
53799332022038,14:56:39.332,75.8100,100
53910644011839,14:58:30.644,75.8600,100
53910644079384,14:58:30.644,75.8600,1
53910644079384,14:58:30.644,75.8600,10
53910644079384,14:58:30.644,75.8600,36
53910644240376,14:58:30.644,75.8600,11
53910644890720,14:58:30.644,75.8600,53
53921613695218,14:58:41.613,75.8800,1
53921613695218,14:58:41.613,75.8800,99
53940368794125,14:59:00.368,75.8700,1
53940368819518,14:59:00.368,75.8700,99
53986949052090,14:59:46.949,75.9000,100
54076368004334,15:01:16.368,75.8300,2
54076368030768,15:01:16.368,75.8300,98
54076368368156,15:01:16.368,75.8200,100
54076981317931,15:01:16.981,75.8000,1
54076981317931,15:01:16.981,75.8000,99
54103361889497,15:01:43.361,75.7900,100
54117905874308,15:01:57.905,75.7800,100
54117905874308,15:01:57.905,75.7800,100
54117906318481,15:01:57.906,75.7800,100
54117906675828,15:01:57.906,75.7800,100
54119606731582,15:01:59.606,75.7700,100
54162652045873,15:02:42.652,75.7600,20
54176808755930,15:02:56.808,75.7600,10
54176808755930,15:02:56.808,75.7500,20
54176808755930,15:02:56.808,75.7400,70
54187953824480,15:03:07.953,75.7400,30
54187956364911,15:03:07.956,75.7300,20
54187958269522,15:03:07.958,75.7300,28
54187958294826,15:03:07.958,75.7300,5
54206355142678,15:03:26.355,75.7200,10
54209817458400,15:03:29.817,75.7300,100
54209817458400,15:03:29.817,75.7100,100
54209818021219,15:03:29.818,75.7100,20
54250936048948,15:04:10.936,75.7000,20
54250937302386,15:04:10.937,75.6900,60
54250937302386,15:04:10.937,75.6900,40
54256498141914,15:04:16.498,75.6800,20
54256498141914,15:04:16.498,75.6800,80
54256697430359,15:04:16.697,75.6700,64
54256697430359,15:04:16.697,75.6700,36
54264521313341,15:04:24.521,75.6700,10
54307034638793,15:05:07.034,75.6600,20
54307034638793,15:05:07.034,75.6600,100
54307037726687,15:05:07.037,75.6500,20
54307037726687,15:05:07.037,75.6500,100
54310102085224,15:05:10.102,75.6400,10
54335594691082,15:05:35.594,75.6500,100
54380002694984,15:06:20.002,75.6700,8
54380002694984,15:06:20.002,75.6700,8
54380032998594,15:06:20.032,75.6800,100
54380035408185,15:06:20.035,75.6800,100
54464327473902,15:07:44.327,75.7000,2
54464328104555,15:07:44.328,75.7100,9
54464328129979,15:07:44.328,75.7100,91
54493695237893,15:08:13.695,75.7600,100
54493695237893,15:08:13.695,75.7600,1
54493695237893,15:08:13.695,75.7600,10
54493695411929,15:08:13.695,75.7600,73
54493695648221,15:08:13.695,75.7600,27
54495405325325,15:08:15.405,75.8200,100
54495405325325,15:08:15.405,75.8200,100
54515351397505,15:08:35.351,75.8000,100
54515351397505,15:08:35.351,75.8000,100
54515351397505,15:08:35.351,75.8000,15
54545686097043,15:09:05.686,75.8000,100
54551669465849,15:09:11.669,75.7600,100
54551669491408,15:09:11.669,75.7600,100
54560323065210,15:09:20.323,75.7400,83
54560323091169,15:09:20.323,75.7400,17
54598820582190,15:09:58.820,75.7200,20
54632481261811,15:10:32.481,75.7100,20
54632481261811,15:10:32.481,75.7100,100
54636598128711,15:10:36.598,75.7000,100
54641492345997,15:10:41.492,75.7000,100
54642560868582,15:10:42.560,75.6900,100
54642560868582,15:10:42.560,75.6900,100
54642560983141,15:10:42.560,75.6900,100
54643529244317,15:10:43.529,75.6800,1
54643532504577,15:10:43.532,75.6700,2
54643532525977,15:10:43.532,75.6700,100
54643532625660,15:10:43.532,75.6700,100
54643620056136,15:10:43.620,75.6600,10
54643620087057,15:10:43.620,75.6500,20
54643620556832,15:10:43.620,75.6400,20
54664172606700,15:11:04.172,75.6200,100
54664172606700,15:11:04.172,75.6200,4
54664172606700,15:11:04.172,75.6200,16
54666049903793,15:11:06.049,75.6100,20
54666049903793,15:11:06.049,75.6100,62
54666049903793,15:11:06.049,75.6100,16
54667670732928,15:11:07.670,75.6000,14
54667670732928,15:11:07.670,75.6000,6
54675687266062,15:11:15.687,75.5900,4
54675687266062,15:11:15.687,75.5900,7
54675687266062,15:11:15.687,75.5900,10
54675687266062,15:11:15.687,75.5900,6
54685503808728,15:11:25.503,75.5800,20
54685645671365,15:11:25.645,75.5800,100
54793460884833,15:13:13.460,75.5700,9
54804596552362,15:13:24.596,75.5900,200
54804596552362,15:13:24.596,75.6100,100
54804596552362,15:13:24.596,75.6100,3
54804596552362,15:13:24.596,75.6100,18
54804596552362,15:13:24.596,75.6100,8
54804596552362,15:13:24.596,75.6100,28
54804596618457,15:13:24.596,75.6100,200
54804597062278,15:13:24.597,75.6100,100
54804598374982,15:13:24.598,75.6000,100
54807260299543,15:13:27.260,75.6400,60
54807260383928,15:13:27.260,75.6400,23
54807261246219,15:13:27.261,75.6400,46
54807261246219,15:13:27.261,75.6400,54
54807261276257,15:13:27.261,75.6400,46
54807261276257,15:13:27.261,75.6400,3
54823369300103,15:13:43.369,75.6500,100
54823369341552,15:13:43.369,75.6400,100
54864069057403,15:14:24.069,75.6100,100
54864071609887,15:14:24.071,75.5900,100
54864071609887,15:14:24.071,75.5900,100
54871957473547,15:14:31.957,75.5700,100
54871958086908,15:14:31.958,75.5600,20
54884616467790,15:14:44.616,75.5900,100
54884616703555,15:14:44.616,75.5900,1
54926264791286,15:15:26.264,75.5900,6
54948002751444,15:15:48.002,75.6200,1
54948007910343,15:15:48.007,75.6400,100
54958905222132,15:15:58.905,75.6500,100
54958973164796,15:15:58.973,75.6500,80
54958973164796,15:15:58.973,75.6500,1
54958976074511,15:15:58.976,75.6700,19
54991138408434,15:16:31.138,75.6500,100
54999134267172,15:16:39.134,75.6200,100
54999134853910,15:16:39.134,75.6100,100
54999136409458,15:16:39.136,75.6000,100
54999192692144,15:16:39.192,75.6000,100
54999192747848,15:16:39.192,75.5900,100
54999192839130,15:16:39.192,75.5900,100
54999291805061,15:16:39.291,75.5800,100
55003549960246,15:16:43.549,75.6100,30
55077076960038,15:17:57.076,75.5800,9
55080080977520,15:18:00.080,75.5950,100
55080583990267,15:18:00.583,75.5950,100
55092390566705,15:18:12.390,75.5700,10
55095354739271,15:18:15.354,75.5700,10
55095354739271,15:18:15.354,75.5600,10
55202658290916,15:20:02.658,75.6100,18
55202658290916,15:20:02.658,75.6100,30
55202658341769,15:20:02.658,75.6100,22
55202658376176,15:20:02.658,75.6100,26
55202658406075,15:20:02.658,75.6100,7
55202658443218,15:20:02.658,75.6100,8
55202658795288,15:20:02.658,75.6100,7
55202659101605,15:20:02.659,75.5850,100
55202659808705,15:20:02.659,75.5900,100
55206539227799,15:20:06.539,75.6100,10
55210262497077,15:20:10.262,75.6200,100
55294940197244,15:21:34.940,75.6200,100
55294943331074,15:21:34.943,75.6000,100
55294943702347,15:21:34.943,75.6000,100
55294945726040,15:21:34.945,75.6000,100
55297369922778,15:21:37.369,75.5900,100
55330648779699,15:22:10.648,75.5600,10
55330648808828,15:22:10.648,75.5600,10
55330650926691,15:22:10.650,75.5500,10
55330652010606,15:22:10.652,75.5400,10
55332206163429,15:22:12.206,75.5300,10
55332206163429,15:22:12.206,75.5300,100
55332206163429,15:22:12.206,75.5300,100
55332208749918,15:22:12.208,75.5200,100
55332208749918,15:22:12.208,75.5200,10
55332598758801,15:22:12.598,75.5100,10
55332599960639,15:22:12.599,75.5000,10
55332697643150,15:22:12.697,75.4900,10
55341854499981,15:22:21.854,75.4800,10
55341855720963,15:22:21.855,75.4700,10
55350946328274,15:22:30.946,75.4600,10
55350946328274,15:22:30.946,75.4600,48
55351020434739,15:22:31.020,75.4500,10
55351020434739,15:22:31.020,75.4500,60
55354499544295,15:22:34.499,75.4500,10
55354499544295,15:22:34.499,75.4600,90
55354500164582,15:22:34.500,75.4600,10
55376326432860,15:22:56.326,75.4900,100
55376329021126,15:22:56.329,75.5000,10
55381934420617,15:23:01.934,75.5100,10
55464588482483,15:24:24.588,75.5100,5
55464588508991,15:24:24.588,75.5100,7
55519692267265,15:25:19.692,75.4900,100
55519692268776,15:25:19.692,75.4900,100
55592798266725,15:26:32.798,75.4700,100
55615721434853,15:26:55.721,75.4600,10
55615721460830,15:26:55.721,75.4600,90
55615883562070,15:26:55.883,75.4500,100
55615883586674,15:26:55.883,75.4500,100
55615883588097,15:26:55.883,75.4500,10
55615883588097,15:26:55.883,75.4500,90
55615883898398,15:26:55.883,75.4500,100
55615884379259,15:26:55.884,75.4500,10
55615884465078,15:26:55.884,75.4500,100
55637043948377,15:27:17.043,75.4400,10
55637043948377,15:27:17.043,75.4400,100
55637043948377,15:27:17.043,75.4400,2
55637044352610,15:27:17.044,75.4400,100
55652002624813,15:27:32.002,75.4400,100
55652002624813,15:27:32.002,75.4500,100
55652002637733,15:27:32.002,75.4500,100
55652003339950,15:27:32.003,75.4600,100
55652004890686,15:27:32.004,75.4800,100
55652007376875,15:27:32.007,75.4900,100
55657364870127,15:27:37.364,75.5200,12
55657364870127,15:27:37.364,75.5200,7
55673203676553,15:27:53.203,75.5300,4
55751701127508,15:29:11.701,75.5300,100
55801426678139,15:30:01.426,75.4700,100
55801428719051,15:30:01.428,75.4600,93
55802197758885,15:30:02.197,75.4600,7
55803624373183,15:30:03.624,75.4600,100
55804465429959,15:30:04.465,75.4600,100
55832825450694,15:30:32.825,75.4900,3
55850224011159,15:30:50.224,75.5000,100
55850390068849,15:30:50.390,75.4700,100
55850390304857,15:30:50.390,75.4700,14
55850390329102,15:30:50.390,75.4700,86
55850391093495,15:30:50.391,75.4600,100
55850391128054,15:30:50.391,75.4500,100
55850391222038,15:30:50.391,75.4500,100
55868161756339,15:31:08.161,75.4600,100
55868161852603,15:31:08.161,75.4600,2
55991895075006,15:33:11.895,75.5100,100
55991895075006,15:33:11.895,75.5100,100
55991895075006,15:33:11.895,75.5100,100
55991897660128,15:33:11.897,75.4900,100
55991943279604,15:33:11.943,75.4800,100
55991943279604,15:33:11.943,75.4800,100
56007319891091,15:33:27.319,75.4900,11
56040714469475,15:34:00.714,75.4600,100
56046290763226,15:34:06.290,75.4400,8
56046290779221,15:34:06.290,75.4500,100
56046378274368,15:34:06.378,75.4300,10
56046444194357,15:34:06.444,75.4200,100
56102107627740,15:35:02.107,75.4400,7
56102107627740,15:35:02.107,75.4400,18
56103412705925,15:35:03.412,75.4500,100
56103413640680,15:35:03.413,75.4600,100
56106501353729,15:35:06.501,75.4400,100
56106501353729,15:35:06.501,75.4400,100
56132139597696,15:35:32.139,75.4600,1
56132139597696,15:35:32.139,75.4600,1
56132139853444,15:35:32.139,75.4700,100
56144080916948,15:35:44.080,75.5100,100
56173400876260,15:36:13.400,75.4800,100
56176051480947,15:36:16.051,75.4700,16
56176051505178,15:36:16.051,75.4700,84
56176051641317,15:36:16.051,75.4800,100
56205590765849,15:36:45.590,75.4400,100
56205590765849,15:36:45.590,75.4400,1
56245085023930,15:37:25.085,75.4100,100
56245085023930,15:37:25.085,75.4100,100
56245085023930,15:37:25.085,75.4100,100
56245085023930,15:37:25.085,75.4100,100
56245085025134,15:37:25.085,75.4100,106
56245086576781,15:37:25.086,75.4100,94
56245088627038,15:37:25.088,75.3900,4
56286011233299,15:38:06.011,75.3900,100
56299528046188,15:38:19.528,75.3900,3
56302133940313,15:38:22.133,75.3800,2
56320225984459,15:38:40.225,75.4000,6
56323600745367,15:38:43.600,75.3900,180
56323600802847,15:38:43.600,75.4100,96
56323600850180,15:38:43.600,75.3900,120
56323600850180,15:38:43.600,75.4100,60
56323600901737,15:38:43.600,75.4100,2
56323601119283,15:38:43.601,75.4100,4
56323601119283,15:38:43.601,75.4100,18
56326230710654,15:38:46.230,75.4100,100
56326231538836,15:38:46.231,75.4200,200
56363229402723,15:39:23.229,75.4400,97
56391324754625,15:39:51.324,75.4200,100
56391324754625,15:39:51.324,75.4200,100
56391324782699,15:39:51.324,75.4200,49
56391324800308,15:39:51.324,75.4200,49
56391324801836,15:39:51.324,75.4200,2
56391324801836,15:39:51.324,75.4200,198
56391324901666,15:39:51.324,75.4200,2
56391325508187,15:39:51.325,75.4200,100
56400446909583,15:40:00.446,75.4100,100
56403526101081,15:40:03.526,75.4000,100
56403526116573,15:40:03.526,75.4000,11
56403528658329,15:40:03.528,75.4000,100
56403530545877,15:40:03.530,75.4000,33
56403530868274,15:40:03.530,75.4000,4
56403530902258,15:40:03.530,75.4000,9
56406200021421,15:40:06.200,75.3900,1
56406200021421,15:40:06.200,75.3900,100
56426025702821,15:40:26.025,75.3800,100
56426025702821,15:40:26.025,75.3800,100
56426025811091,15:40:26.025,75.3800,100
56426025830018,15:40:26.025,75.3800,100
56426026162191,15:40:26.026,75.3800,100
56426218247752,15:40:26.218,75.3700,10
56426218247752,15:40:26.218,75.3700,90
56426218351408,15:40:26.218,75.3700,10
56426218487449,15:40:26.218,75.3700,100
56426627574706,15:40:26.627,75.3500,100
56443190165552,15:40:43.190,75.3900,4
56443190165552,15:40:43.190,75.3900,64
56443190191728,15:40:43.190,75.3900,36
56443191299064,15:40:43.191,75.4000,95
56443191303811,15:40:43.191,75.4000,5
56443191303811,15:40:43.191,75.4000,18
56478148809493,15:41:18.148,75.4000,2
56478148809493,15:41:18.148,75.4000,77
56499032832281,15:41:39.032,75.3900,100
56528132550068,15:42:08.132,75.3800,2
56528134087566,15:42:08.134,75.3900,2
56563540090183,15:42:43.540,75.3900,100
56563540090183,15:42:43.540,75.4000,33
56563540090183,15:42:43.540,75.4000,1
56563540279573,15:42:43.540,75.4000,100
56566850340775,15:42:46.850,75.3900,12
56566850367028,15:42:46.850,75.3900,88
56566850367028,15:42:46.850,75.3900,9
56584038163328,15:43:04.038,75.4000,1
56600030630293,15:43:20.030,75.3900,100
56600030630293,15:43:20.030,75.3900,100
56665305652793,15:44:25.305,75.3700,100
56665307777083,15:44:25.307,75.3700,19
56665307777083,15:44:25.307,75.3700,81
56667290110898,15:44:27.290,75.3700,19
56667290110898,15:44:27.290,75.3700,74
56667325959125,15:44:27.325,75.3700,26
56676140892243,15:44:36.140,75.3700,100
56676622015334,15:44:36.622,75.3700,17
56684571643426,15:44:44.571,75.3600,100
56684574860759,15:44:44.574,75.3550,100
56686408144991,15:44:46.408,75.3600,98
56686408171894,15:44:46.408,75.3600,2
56686408171894,15:44:46.408,75.3600,4
56700064433689,15:45:00.064,75.3800,100
56700064457790,15:45:00.064,75.3800,81
56700064463659,15:45:00.064,75.3800,19
56700064463659,15:45:00.064,75.3800,100
56700064463659,15:45:00.064,75.3800,1
56700065667422,15:45:00.065,75.4100,15
56700066370313,15:45:00.066,75.4400,5
56700404614800,15:45:00.404,75.4400,100
56700404614800,15:45:00.404,75.4400,49
56700405890111,15:45:00.405,75.4400,51
56707997456714,15:45:07.997,75.4300,13
56707997456714,15:45:07.997,75.4300,87
56707998298318,15:45:07.998,75.4300,12
56710435301648,15:45:10.435,75.4200,100
56736142041582,15:45:36.142,75.4500,1
56736142063433,15:45:36.142,75.4500,2
56736142070754,15:45:36.142,75.4500,2
56736142556486,15:45:36.142,75.4500,12
56736721501513,15:45:36.721,75.4500,1
56766711198122,15:46:06.711,75.4800,9
56767073817814,15:46:07.073,75.4900,100
56768747758526,15:46:08.747,75.4800,300
56768747989124,15:46:08.747,75.4800,10
56770404777654,15:46:10.404,75.4800,100
56836191706796,15:47:16.191,75.4800,16
56879644119086,15:47:59.644,75.4700,100
56879644119086,15:47:59.644,75.4700,100
56879644119086,15:47:59.644,75.4700,100
56879644313092,15:47:59.644,75.4700,100
56879644448077,15:47:59.644,75.4700,100
56879658818501,15:47:59.658,75.4600,100
56880756384038,15:48:00.756,75.4600,10
56880756384038,15:48:00.756,75.4600,90
56880756562208,15:48:00.756,75.4600,10
56880756597054,15:48:00.756,75.4600,100
56881882493282,15:48:01.882,75.4450,100
56882819951921,15:48:02.819,75.4550,100
56882819951921,15:48:02.819,75.4600,16
56882820103841,15:48:02.820,75.4600,99
56882820388940,15:48:02.820,75.4600,1
56882841663321,15:48:02.841,75.4600,100
56885523130625,15:48:05.523,75.4700,100
56885523130625,15:48:05.523,75.4700,7
56885524012186,15:48:05.524,75.4800,3
56885524012186,15:48:05.524,75.4800,100
56901935039671,15:48:21.935,75.5100,16
56923375431672,15:48:43.375,75.4800,100
56923375431672,15:48:43.375,75.4800,100
56923375431672,15:48:43.375,75.4800,100
56923375431672,15:48:43.375,75.4800,15
56923375540544,15:48:43.375,75.4800,100
56925545178653,15:48:45.545,75.4900,100
56925546114573,15:48:45.546,75.5000,2
56939349530812,15:48:59.349,75.4900,24
56939350064121,15:48:59.350,75.5000,1
56966557072799,15:49:26.557,75.5900,1
56966557072799,15:49:26.557,75.5900,5
57007314742742,15:50:07.314,75.6300,25
57007314849542,15:50:07.314,75.6300,75
57007314849542,15:50:07.314,75.6300,100
57007314849542,15:50:07.314,75.6300,10
57007314849542,15:50:07.314,75.6300,15
57007318578096,15:50:07.318,75.6300,100
57010486863048,15:50:10.486,75.6300,85
57010488306127,15:50:10.488,75.6200,100
57010488306127,15:50:10.488,75.6200,100
57010488306127,15:50:10.488,75.6200,100
57010488458889,15:50:10.488,75.6200,45
57010488542414,15:50:10.488,75.6200,55
57010488542414,15:50:10.488,75.6200,45
57010489038341,15:50:10.489,75.6200,55
57010491564482,15:50:10.491,75.6150,100
57010508148223,15:50:10.508,75.6100,100
57010508151038,15:50:10.508,75.6100,100
57010508507293,15:50:10.508,75.6100,100
57010510411972,15:50:10.510,75.6100,100
57010510440666,15:50:10.510,75.6100,100
57010510440666,15:50:10.510,75.6100,100
57010556268718,15:50:10.556,75.6200,22
57010556268718,15:50:10.556,75.6200,100
57010557001709,15:50:10.557,75.6300,15
57010557001709,15:50:10.557,75.6300,43
57010610044898,15:50:10.610,75.6100,100
57016215920738,15:50:16.215,75.5600,100
57019968694677,15:50:19.968,75.5800,2
57019968694677,15:50:19.968,75.5800,98
57019968932604,15:50:19.968,75.5800,52
57019969336161,15:50:19.969,75.5900,3
57020708266388,15:50:20.708,75.6000,100
57050309987691,15:50:50.309,75.5900,16
57060027583127,15:51:00.027,75.5800,15
57060027583127,15:51:00.027,75.5800,85
57060295896439,15:51:00.295,75.5800,16
57070316967023,15:51:10.316,75.5700,71
57070316990247,15:51:10.316,75.5700,29
57070316990247,15:51:10.316,75.5700,1
57074707144414,15:51:14.707,75.5700,100
57074708932089,15:51:14.708,75.5600,100
57092101557339,15:51:32.101,75.5700,100
57092101617428,15:51:32.101,75.5700,50
57092101617428,15:51:32.101,75.5700,4
57092102058324,15:51:32.102,75.5700,100
57103252988255,15:51:43.252,75.5600,100
57139474453970,15:52:19.474,75.5600,100
57139474579883,15:52:19.474,75.5600,100
57139474658588,15:52:19.474,75.5600,100
57139480229884,15:52:19.480,75.5600,100
57156615603270,15:52:36.615,75.5600,100
57156615738895,15:52:36.615,75.5600,89
57156615743444,15:52:36.615,75.5600,89
57158898666228,15:52:38.898,75.5500,100
57158899003312,15:52:38.899,75.5500,100
57158899003312,15:52:38.899,75.5500,68
57158899590343,15:52:38.899,75.5500,32
57158899590343,15:52:38.899,75.5500,68
57158899621319,15:52:38.899,75.5500,32
57158900796715,15:52:38.900,75.5500,100
57158900859435,15:52:38.900,75.5500,100
57158901019690,15:52:38.901,75.5400,49
57158901046713,15:52:38.901,75.5400,2
57158901074326,15:52:38.901,75.5400,47
57158901217102,15:52:38.901,75.5400,2
57158904162727,15:52:38.904,75.5200,10
57159114661564,15:52:39.114,75.5000,1
57159114661564,15:52:39.114,75.5000,9
57160025387177,15:52:40.025,75.4900,2
57160067012362,15:52:40.067,75.4900,8
57160067012362,15:52:40.067,75.4700,5
57160067012362,15:52:40.067,75.4700,5
57160067012362,15:52:40.067,75.4700,50
57160067953695,15:52:40.067,75.4600,5
57160067953695,15:52:40.067,75.4600,15
57183081063304,15:53:03.081,75.4500,20
57183081063304,15:53:03.081,75.4500,80
57183244256800,15:53:03.244,75.4500,20
57183244256800,15:53:03.244,75.4500,180
57184884531598,15:53:04.884,75.4500,20
57190405809373,15:53:10.405,75.4500,150
57190405809373,15:53:10.405,75.4500,100
57190405809373,15:53:10.405,75.4500,6
57202586795708,15:53:22.586,75.4500,22
57207720099591,15:53:27.720,75.4400,1
57207720099591,15:53:27.720,75.4400,9
57207720099591,15:53:27.720,75.4400,5
57207720183497,15:53:27.720,75.4400,23
57208623485215,15:53:28.623,75.4400,72
57208623485215,15:53:28.623,75.4400,28
57208855216596,15:53:28.855,75.4400,72
57208855216596,15:53:28.855,75.4400,28
57220072071765,15:53:40.072,75.4350,100
57220074147236,15:53:40.074,75.4300,10
57220074147236,15:53:40.074,75.4300,76
57225764511623,15:53:45.764,75.4400,50
57225764511623,15:53:45.764,75.4400,6
57225764511623,15:53:45.764,75.4400,2
57225764863188,15:53:45.764,75.4500,100
57234971488927,15:53:54.971,75.4400,10
57247764877298,15:54:07.764,75.4600,16
57247764877298,15:54:07.764,75.4600,2
57247765320011,15:54:07.765,75.4600,11
57247765561121,15:54:07.765,75.4600,39
57251053374932,15:54:11.053,75.4400,70
57255174136923,15:54:15.174,75.4400,30
57255174136923,15:54:15.174,75.4400,70
57267228390358,15:54:27.228,75.4600,11
57267228390358,15:54:27.228,75.4600,1
57267354598788,15:54:27.354,75.4700,18
57267354752334,15:54:27.354,75.4700,182
57267355451182,15:54:27.355,75.4800,15
57284342003230,15:54:44.342,75.5000,100
57284342560536,15:54:44.342,75.5000,100
57285037595600,15:54:45.037,75.5000,100
57285037595600,15:54:45.037,75.5000,100
57285038078190,15:54:45.038,75.5000,100
57294631938104,15:54:54.631,75.5100,16
57294631938104,15:54:54.631,75.5100,1
57294631938104,15:54:54.631,75.5100,12
57294632467691,15:54:54.632,75.5200,100
57300057478947,15:55:00.057,75.5600,1
57300057478947,15:55:00.057,75.5600,89
57300057721181,15:55:00.057,75.5600,11
57302146643643,15:55:02.146,75.6000,100
57302209736004,15:55:02.209,75.6100,36
57308913122823,15:55:08.913,75.5900,100
57308913552261,15:55:08.913,75.5900,100
57308913584133,15:55:08.913,75.5900,10
57308913843430,15:55:08.913,75.5900,100
57308913895966,15:55:08.913,75.5900,100
57310143044617,15:55:10.143,75.6000,16
57310143044617,15:55:10.143,75.6000,1
57310700598135,15:55:10.700,75.6100,100
57327558382618,15:55:27.558,75.6100,100
57327558831354,15:55:27.558,75.6100,100
57327558831354,15:55:27.558,75.6100,50
57327559142457,15:55:27.559,75.6100,50
57327562900071,15:55:27.562,75.6100,22
57333030756205,15:55:33.030,75.6100,5
57334400226423,15:55:34.400,75.6200,73
57343460293508,15:55:43.460,75.6400,1
57343460293508,15:55:43.460,75.6400,99
57344559957566,15:55:44.559,75.6500,100
57344559957566,15:55:44.559,75.6500,1
57348239031148,15:55:48.239,75.6600,24
57348239031148,15:55:48.239,75.6600,76
57351417077204,15:55:51.417,75.6700,100
57352276109028,15:55:52.276,75.6700,2
57363685369550,15:56:03.685,75.6700,18
57363685620726,15:56:03.685,75.6700,49
57363716879570,15:56:03.716,75.6700,200
57363716999855,15:56:03.716,75.6700,33
57368919609329,15:56:08.919,75.6700,21
57368919906227,15:56:08.919,75.6700,179
57368919906227,15:56:08.919,75.6700,2
57385081821243,15:56:25.081,75.6700,23
57396339808506,15:56:36.339,75.6700,100
57400065304944,15:56:40.065,75.6800,1
57400065304944,15:56:40.065,75.6800,10
57400065330284,15:56:40.065,75.6800,90
57400065330284,15:56:40.065,75.6800,121
57402123719141,15:56:42.123,75.6900,6
57402126378240,15:56:42.126,75.7000,100
57402136139270,15:56:42.136,75.7100,69
57402136164770,15:56:42.136,75.7100,10
57402689934888,15:56:42.689,75.7100,21
57405240788528,15:56:45.240,75.7100,100
57405270352130,15:56:45.270,75.7100,100
57406830023125,15:56:46.830,75.7300,100
57406832022743,15:56:46.832,75.7400,100
57406834025564,15:56:46.834,75.7400,15
57406834025564,15:56:46.834,75.7400,15
57406834144267,15:56:46.834,75.7400,30
57406834226973,15:56:46.834,75.7400,40
57406835248629,15:56:46.835,75.7400,15
57406835248629,15:56:46.835,75.7500,15
57406835720838,15:56:46.835,75.7500,70
57418210457452,15:56:58.210,75.7300,71
57420034960044,15:57:00.034,75.7200,100
57421805083829,15:57:01.805,75.7200,100
57423319895438,15:57:03.319,75.7300,100
57423319895438,15:57:03.319,75.7300,50
57424473717192,15:57:04.473,75.7400,100
57427889019847,15:57:07.889,75.7500,100
57436746598763,15:57:16.746,75.7300,7
57436747796016,15:57:16.747,75.7400,100
57436747796016,15:57:16.747,75.7400,100
57441353004889,15:57:21.353,75.7400,100
57453164400761,15:57:33.164,75.7400,100
57465097071952,15:57:45.097,75.7500,3
57465108326245,15:57:45.108,75.7500,50
57474156187288,15:57:54.156,75.7500,100
57474156187288,15:57:54.156,75.7600,3
57474156187288,15:57:54.156,75.7600,200
57474648672082,15:57:54.648,75.7600,100
57491968512597,15:58:11.968,75.7700,2
57491968512597,15:58:11.968,75.7700,33
57493732706963,15:58:13.732,75.7700,100
57493749568671,15:58:13.749,75.7700,20
57497720854063,15:58:17.720,75.7700,2
57498138645089,15:58:18.138,75.7700,78
57498138645089,15:58:18.138,75.7700,22
57498141841231,15:58:18.141,75.7700,16
57499345010108,15:58:19.345,75.7700,62
57500522581001,15:58:20.522,75.7700,100
57500523188618,15:58:20.523,75.7800,29
57500523370335,15:58:20.523,75.7800,71
57505819449709,15:58:25.819,75.7900,100
57506985796705,15:58:26.985,75.7900,100
57516215277314,15:58:36.215,75.7900,100
57526953678404,15:58:46.953,75.7900,16
57526954577952,15:58:46.954,75.8000,100
57529464271781,15:58:49.464,75.7900,100
57529766939730,15:58:49.766,75.7800,2
57529940711591,15:58:49.940,75.7800,98
57529940711591,15:58:49.940,75.7800,2
57530517714152,15:58:50.517,75.7800,48
57534278235429,15:58:54.278,75.8000,100
57534278235429,15:58:54.278,75.8000,200
57534278235429,15:58:54.278,75.8000,600
57535495925542,15:58:55.495,75.8000,100
57535613387005,15:58:55.613,75.8000,100
57535613387005,15:58:55.613,75.8000,100
57541782472575,15:59:01.782,75.8100,100
57541782472575,15:59:01.782,75.8100,100
57541782472575,15:59:01.782,75.8100,100
57555035017332,15:59:15.035,75.8300,100
57594149733208,15:59:54.149,75.8700,4
57594305689671,15:59:54.305,75.8700,11
57596705641700,15:59:56.705,75.8500,2
57596706396238,15:59:56.706,75.8400,100
57600528359679,16:00:00.528,0.0000,0
