timestamp,time,price,volume
34200962367042,09:30:00.962,0.0000,0
34524514978751,09:35:24.514,88.7800,1
34623456460216,09:37:03.456,88.5600,6
34715666201913,09:38:35.666,88.5000,3
34718266678299,09:38:38.266,88.5300,100
34718266678299,09:38:38.266,88.5300,100
34718266678299,09:38:38.266,88.5300,100
35120786374015,09:45:20.786,88.3200,100
35120786374015,09:45:20.786,88.3200,48
35394460576729,09:49:54.460,88.1300,5
35395963453635,09:49:55.963,88.0300,100
35395963453635,09:49:55.963,88.0000,200
35395963480375,09:49:55.963,88.0000,100
35565912819807,09:52:45.912,87.5300,20
35565912819807,09:52:45.912,87.5200,80
35565912846984,09:52:45.912,87.5200,18
35645912606779,09:54:05.912,87.3450,100
35663174612618,09:54:23.174,87.4400,35
35663174612618,09:54:23.174,87.4600,65
35666301290453,09:54:26.301,87.4700,100
35666301358413,09:54:26.301,87.4700,15
35666303174285,09:54:26.303,87.4900,100
35877173756325,09:57:57.173,87.3900,100
35877202100077,09:57:57.202,87.4600,5
35877202171427,09:57:57.202,87.3900,100
35877207996973,09:57:57.207,87.3500,100
35877207996973,09:57:57.207,87.3800,100
36160561664889,10:02:40.561,87.2000,100
36160561760107,10:02:40.561,87.2000,100
36160562472449,10:02:40.562,87.1900,88
36160562478450,10:02:40.562,87.1900,12
36160562478450,10:02:40.562,87.1900,58
36160564916487,10:02:40.564,87.2400,10
36160565957782,10:02:40.565,87.1900,42
36161286324369,10:02:41.286,87.1600,17
36161286324369,10:02:41.286,87.1500,19
36161311189569,10:02:41.311,87.1800,100
36161587871131,10:02:41.587,87.1700,100
36237366543251,10:03:57.366,87.0300,100
36237366543251,10:03:57.366,87.0200,20
36237366569593,10:03:57.366,87.0200,100
36258098435712,10:04:18.098,86.9200,72
36258098463710,10:04:18.098,86.9200,24
36389728611368,10:06:29.728,86.9900,100
36600548054890,10:10:00.548,87.0300,100
36600548054890,10:10:00.548,87.0600,10
36600548708618,10:10:00.548,87.0800,100
36600548708618,10:10:00.548,87.0800,10
36600551403764,10:10:00.551,87.0800,4
36629777582227,10:10:29.777,87.0000,65
36629777582227,10:10:29.777,87.0000,1
36629777582227,10:10:29.777,87.0000,6
36629777755764,10:10:29.777,86.9900,20
36629778440598,10:10:29.778,86.9000,100
36629780335092,10:10:29.780,86.9000,100
36696906766988,10:11:36.906,86.9350,100
36698653792847,10:11:38.653,87.0100,100
36698653865895,10:11:38.653,87.0100,100
36698654091099,10:11:38.654,87.0200,2
36698654613778,10:11:38.654,87.0200,3
36752928789166,10:12:32.928,87.1000,1
36752928813471,10:12:32.928,87.1000,99
36752928841776,10:12:32.928,87.0250,100
36753494901833,10:12:33.494,87.1300,100
36753495414700,10:12:33.495,87.1400,100
36852839357250,10:14:12.839,87.0700,35
36852839357250,10:14:12.839,87.0700,10
36852839420645,10:14:12.839,87.0700,84
36852839889886,10:14:12.839,87.0600,21
36856812054659,10:14:16.812,87.0700,1
37088534332931,10:18:08.534,86.9900,19
37146185966192,10:19:06.185,86.8600,35
37146186355909,10:19:06.186,86.8500,23
37146186601752,10:19:06.186,86.8400,4
37146186626144,10:19:06.186,86.8400,96
37216786771037,10:20:16.786,86.8400,15
37216786771037,10:20:16.786,86.8400,5
37216786795758,10:20:16.786,86.8500,14
37216786824828,10:20:16.786,86.7700,100
37216788555596,10:20:16.788,86.8500,86
37216788555596,10:20:16.788,86.8500,14
37216788589176,10:20:16.788,86.8500,56
37216817140570,10:20:16.817,86.8500,30
37216817624653,10:20:16.817,86.8500,100
37216817624653,10:20:16.817,86.9200,36
37363830158639,10:22:43.830,87.0500,33
37397092677859,10:23:17.092,87.1100,100
37397092705801,10:23:17.092,87.1100,300
37397093949478,10:23:17.093,87.1100,100
37415452688085,10:23:35.452,87.1900,100
37448281893774,10:24:08.281,87.3800,7
37889418210480,10:31:29.418,87.6250,100
37889418210480,10:31:29.418,87.7000,100
37895326939672,10:31:35.326,87.6300,100
37895326939672,10:31:35.326,87.6300,25
37895326979327,10:31:35.326,87.6300,10
37898378462089,10:31:38.378,87.5600,100
37898378462089,10:31:38.378,87.5500,100
37898378487161,10:31:38.378,87.5500,200
37898378826309,10:31:38.378,87.5500,27
37946477788760,10:32:26.477,87.5400,63
37948833550918,10:32:28.833,87.5200,100
38042112422414,10:34:02.112,87.5750,100
38271820879516,10:37:51.820,87.5400,66
38271820879516,10:37:51.820,87.5300,23
38271820879516,10:37:51.820,87.5300,34
38271821321589,10:37:51.821,87.5300,66
38317515853818,10:38:37.515,87.5800,2
38319397757192,10:38:39.397,87.5800,56
38466341954741,10:41:06.341,87.5100,23
38466341954741,10:41:06.341,87.5100,77
38466341981749,10:41:06.341,87.5100,23
38466341990140,10:41:06.341,87.5100,50
38517470817777,10:41:57.470,87.5200,1
38551102303746,10:42:31.102,87.5000,10
38582513123654,10:43:02.513,87.4500,23
38582513777086,10:43:02.513,87.4400,2
38675195302217,10:44:35.195,87.3000,11
38675195501440,10:44:35.195,87.3000,89
38675195501440,10:44:35.195,87.3000,23
38822915883741,10:47:02.915,87.1800,17
39057042137443,10:50:57.042,87.0600,200
39057043121111,10:50:57.043,87.0200,23
39057180970114,10:50:57.180,87.0000,8
39057180994315,10:50:57.180,87.0000,14
39057181023057,10:50:57.181,87.0000,78
39150781414189,10:52:30.781,87.0600,5
39150781414189,10:52:30.781,87.0600,8
39150782050315,10:52:30.782,87.0700,34
39150782170742,10:52:30.782,87.0700,66
39150782170742,10:52:30.782,87.0700,5
39150783178323,10:52:30.783,87.0700,100
39150783365056,10:52:30.783,87.0900,3
39150783392236,10:52:30.783,87.0900,97
39150792284433,10:52:30.792,87.1100,100
39245104813578,10:54:05.104,87.0800,10
39245104813578,10:54:05.104,87.1000,95
39245104950387,10:54:05.104,87.1000,5
39245104950387,10:54:05.104,87.1000,5
39322957218077,10:55:22.957,87.2100,100
39322957283235,10:55:22.957,87.2100,100
39323034127371,10:55:23.034,87.1400,100
39323788193230,10:55:23.788,87.1400,100
39466618903129,10:57:46.618,87.0700,100
39466621145393,10:57:46.621,87.0700,24
39466621909431,10:57:46.621,87.0700,24
39466621998474,10:57:46.621,87.0700,24
39663463416420,11:01:03.463,87.1700,18
39663463416420,11:01:03.463,87.1700,1
39663463416420,11:01:03.463,87.1700,100
39663480286301,11:01:03.480,87.1800,10
39663480286301,11:01:03.480,87.1800,5
39663481479964,11:01:03.481,87.1900,5
39663493196213,11:01:03.493,87.2200,15
39663493859237,11:01:03.493,87.2300,100
39663534633560,11:01:03.534,87.2300,15
39688677500859,11:01:28.677,87.3300,5
39772028088562,11:02:52.028,87.3400,100
39884780886140,11:04:44.780,87.4250,100
39919082533261,11:05:19.082,87.3500,16
39919082533261,11:05:19.082,87.3500,100
39919082533261,11:05:19.082,87.3500,30
39919083258538,11:05:19.083,87.3100,24
39979118373809,11:06:19.118,87.2100,100
39979118601644,11:06:19.118,87.2000,49
39979118632810,11:06:19.118,87.2000,30
39979118639596,11:06:19.118,87.2000,21
39979120010784,11:06:19.120,87.1500,100
40000037172099,11:06:40.037,87.1600,100
40041440409886,11:07:21.440,87.1900,75
40041440435472,11:07:21.440,87.1900,25
40168446919347,11:09:28.446,87.2700,100
40259347598149,11:10:59.347,87.2300,100
40259347676087,11:10:59.347,87.2300,34
40259347676087,11:10:59.347,87.2300,66
40259347719805,11:10:59.347,87.2300,34
40259351356854,11:10:59.351,87.2100,24
40319774834064,11:11:59.774,87.2400,100
40459570710893,11:14:19.570,87.2900,100
40459571888764,11:14:19.571,87.3200,100
40460616205182,11:14:20.616,87.3300,20
40460657115795,11:14:20.657,87.3500,6
40460657115795,11:14:20.657,87.3500,100
40474293777899,11:14:34.293,87.3800,1
40474293801900,11:14:34.293,87.3800,199
40474294492460,11:14:34.294,87.3900,100
40645422774983,11:17:25.422,87.3900,64
40774016489057,11:19:34.016,87.3600,100
40774016494166,11:19:34.016,87.3600,100
40774016494166,11:19:34.016,87.3600,24
40776066366893,11:19:36.066,87.3100,79
40776067019320,11:19:36.067,87.3100,21
40776067019320,11:19:36.067,87.3100,79
40776069020052,11:19:36.069,87.3100,21
40848919166273,11:20:48.919,87.3000,24
40888437477234,11:21:28.437,87.2600,100
40894956764701,11:21:34.956,87.2600,43
40902176671498,11:21:42.176,87.2000,3
40932836223481,11:22:12.836,87.1400,20
40932836241362,11:22:12.836,87.1400,80
40971240667644,11:22:51.240,87.1300,24
40981721708191,11:23:01.721,87.1000,20
41019856285525,11:23:39.856,87.0800,5
41024983969403,11:23:44.983,87.1400,7
41024983996058,11:23:44.983,87.1400,15
41024983996058,11:23:44.983,87.1400,24
41024984478190,11:23:44.984,87.1500,15
41024984946682,11:23:44.984,87.1600,9
41024984946682,11:23:44.984,87.1700,100
41024984946682,11:23:44.984,87.1700,91
41024985253946,11:23:44.985,87.1700,9
41024985253946,11:23:44.985,87.1700,91
41024985939432,11:23:44.985,87.1700,9
41157726103324,11:25:57.726,87.2000,100
41157726103324,11:25:57.726,87.2000,24
41456906099930,11:30:56.906,87.0200,1
41480815948475,11:31:20.815,86.8900,100
41504909707358,11:31:44.909,86.8700,100
41504910541361,11:31:44.910,86.8200,100
41504912044511,11:31:44.912,86.8800,30
41562670500336,11:32:42.670,86.6700,25
41736378697023,11:35:36.378,86.8900,100
41795732421872,11:36:35.732,86.8100,88
41795732421872,11:36:35.732,86.8100,12
41795732659578,11:36:35.732,86.8100,1
41795733904893,11:36:35.733,86.8000,2
41795734218105,11:36:35.734,86.8000,24
41795870577989,11:36:35.870,86.7500,100
41861383711667,11:37:41.383,86.6500,58
41861383736531,11:37:41.383,86.6500,42
41897950195569,11:38:17.950,86.6100,15
41937329110011,11:38:57.329,86.5600,26
42131457696806,11:42:11.457,86.6800,95
42131457696806,11:42:11.457,86.7000,7
42131457721822,11:42:11.457,86.7000,32
42131457823537,11:42:11.457,86.7000,61
42131457823537,11:42:11.457,86.7000,2
42196052835302,11:43:16.052,86.7000,25
42196052835302,11:43:16.052,86.7200,27
42196053352453,11:43:16.053,86.7500,5
42196053361453,11:43:16.053,86.7500,5
42439611386640,11:47:19.611,86.7450,100
42499977940086,11:48:19.977,86.7200,100
42499978006755,11:48:19.978,86.7200,6
42613661028408,11:50:13.661,86.6500,7
42613661201043,11:50:13.661,86.6400,100
42613661520736,11:50:13.661,86.6400,26
42692111878209,11:51:32.111,86.6100,18
42694197207033,11:51:34.197,86.6000,100
42754929984730,11:52:34.929,86.5500,55
42767015359956,11:52:47.015,86.5750,100
42769650031256,11:52:49.650,86.5850,100
42900474415521,11:55:00.474,86.6250,100
43111503880243,11:58:31.503,86.8000,100
43201592493602,12:00:01.592,86.8800,100
43201592767614,12:00:01.592,86.9000,5
43214723074136,12:00:14.723,86.9500,35
43344159973887,12:02:24.159,86.9700,61
43408148309416,12:03:28.148,87.1500,1
43510334822610,12:05:10.334,87.0600,100
43510334822610,12:05:10.334,87.0600,27
43563907770021,12:06:03.907,87.0000,100
43564716793518,12:06:04.716,87.0000,100
43610787000829,12:06:50.787,87.0500,42
43610787351106,12:06:50.787,87.0600,100
43610787351106,12:06:50.787,87.0800,5
43610787377267,12:06:50.787,87.0800,100
43945290058986,12:12:25.290,87.2200,53
44221932495392,12:17:01.932,87.3100,100
44221932495392,12:17:01.932,87.3100,100
44221935302001,12:17:01.935,87.3600,200
44221935373234,12:17:01.935,87.3800,100
44240554060506,12:17:20.554,87.3900,65
44240554087460,12:17:20.554,87.3900,35
44240554087460,12:17:20.554,87.3900,100
44240554087460,12:17:20.554,87.3900,3
44240554087460,12:17:20.554,87.3900,100
44240555702565,12:17:20.555,87.3800,200
44240556112858,12:17:20.556,87.3900,15
44240556112858,12:17:20.556,87.3900,100
44390879094636,12:19:50.879,87.6700,1
44390879119742,12:19:50.879,87.6700,99
44445814032246,12:20:45.814,87.7600,100
44521043316454,12:22:01.043,87.7400,100
44521044128989,12:22:01.044,87.7300,100
44521044128989,12:22:01.044,87.7300,100
44521048016472,12:22:01.048,87.7300,200
44528675872942,12:22:08.675,87.7100,1
44534709204145,12:22:14.709,87.7200,49
44546137054689,12:22:26.137,87.7450,100
44637948513914,12:23:57.948,87.7200,100
44637948513914,12:23:57.948,87.7200,100
44746951491571,12:25:46.951,87.7400,131
44757243111620,12:25:57.243,87.7400,100
44757243111620,12:25:57.243,87.7900,15
44757243111620,12:25:57.243,87.8000,100
44757270642111,12:25:57.270,87.7900,100
44776178560140,12:26:16.178,87.8700,100
44776178560140,12:26:16.178,87.8700,100
44776178560140,12:26:16.178,87.8800,5
44892692558165,12:28:12.692,87.9100,50
44892692558165,12:28:12.692,87.9100,100
44892692558165,12:28:12.692,87.9100,13
44892692682558,12:28:12.692,87.9100,87
44892692862590,12:28:12.692,87.9100,30
44892697243534,12:28:12.697,87.9600,100
44893005859152,12:28:13.005,87.9600,17
44893006678491,12:28:13.006,88.0000,35
44993775626377,12:29:53.775,88.0900,100
45031379019758,12:30:31.379,88.0500,23
45031379967889,12:30:31.379,88.0500,8
45031379992485,12:30:31.379,88.0500,92
45031380475060,12:30:31.380,88.0500,23
45031380756873,12:30:31.380,88.0400,2
45031461021619,12:30:31.461,88.0400,98
45040498042465,12:30:40.498,88.0200,100
45233432023756,12:33:53.432,87.9650,100
45233436911999,12:33:53.436,87.9200,2
45233436971308,12:33:53.436,87.9100,5
45233436971308,12:33:53.436,87.9100,25
45233436971308,12:33:53.436,87.9100,26
45233436999016,12:33:53.436,87.9100,74
45233437516822,12:33:53.437,87.9000,2
45233438254156,12:33:53.438,87.8800,2
45239489948853,12:33:59.489,87.8700,2
45239490799562,12:33:59.490,87.8300,2
45336969806514,12:35:36.969,87.8000,2
45357571160851,12:35:57.571,87.7800,2
45357571264712,12:35:57.571,87.7700,25
45357571995784,12:35:57.571,87.7600,1
45357571995784,12:35:57.571,87.7600,1
45357574614891,12:35:57.574,87.7300,2
45357575700115,12:35:57.575,87.7100,2
45357577633948,12:35:57.577,87.6800,2
45357578164859,12:35:57.578,87.6700,2
45357579532497,12:35:57.579,87.6700,20
45357581392904,12:35:57.581,87.6750,100
45357616220770,12:35:57.616,87.6700,20
45358057091498,12:35:58.057,87.6700,20
45362581836414,12:36:02.581,87.6700,8
45362582526574,12:36:02.582,87.6500,2
45362583609434,12:36:02.583,87.6400,2
45457169982539,12:37:37.169,87.6100,2
45457169982539,12:37:37.169,87.6000,38
45610866837437,12:40:10.866,87.6700,100
45610866991326,12:40:10.866,87.6800,34
45610867063859,12:40:10.867,87.6800,49
45610867176539,12:40:10.867,87.6800,10
45610867180470,12:40:10.867,87.6800,7
45631765711814,12:40:31.765,87.6600,100
45633910873237,12:40:33.910,87.6600,10
45633910873962,12:40:33.910,87.6600,20
45705580699339,12:41:45.580,87.6900,10
45747894063363,12:42:27.894,87.6600,70
45749025272740,12:42:29.025,87.6000,62
46044259814541,12:47:24.259,87.6100,100
46044259869812,12:47:24.259,87.6000,38
46044259869812,12:47:24.259,87.6000,62
46044261294352,12:47:24.261,87.6000,15
46044261321570,12:47:24.261,87.6000,23
46044261321570,12:47:24.261,87.6000,27
46078461481833,12:47:58.461,87.5900,2
46078461481833,12:47:58.461,87.5800,98
46122739668645,12:48:42.739,87.6200,100
46143444576704,12:49:03.444,87.5700,1
46143444576704,12:49:03.444,87.5700,9
46143446801485,12:49:03.446,87.5500,2
46143446801485,12:49:03.446,87.5500,98
46343599515677,12:52:23.599,87.5700,26
46483762563984,12:54:43.762,87.6400,10
46483762563984,12:54:43.762,87.6500,90
46483762590127,12:54:43.762,87.6500,10
46483762590127,12:54:43.762,87.6500,100
46483762777702,12:54:43.762,87.6500,3
46484518563200,12:54:44.518,87.7300,100
46484518822114,12:54:44.518,87.7300,100
46562534527946,12:56:02.534,87.6900,26
46787654434281,12:59:47.654,87.6700,100
46787654434281,12:59:47.654,87.6700,27
46787999580584,12:59:47.999,87.6000,100
46787999877290,12:59:47.999,87.5900,2
46796287984852,12:59:56.287,87.5600,2
46796288417783,12:59:56.288,87.5400,5
46796288486735,12:59:56.288,87.5300,2
46796288486735,12:59:56.288,87.5300,8
46796289324800,12:59:56.289,87.5100,100
46796301423755,12:59:56.301,87.5000,1
46796301423755,12:59:56.301,87.5000,1
46796301423755,12:59:56.301,87.5000,98
46796301480326,12:59:56.301,87.5000,100
46800392205146,13:00:00.392,87.5800,21
46800392789499,13:00:00.392,87.5900,9
46800393074230,13:00:00.393,87.6000,6
47062752269944,13:04:22.752,87.6300,1
47120616457566,13:05:20.616,87.6400,65
47120616484156,13:05:20.616,87.6400,35
47122696719838,13:05:22.696,87.6800,100
47122696789337,13:05:22.696,87.6900,100
47261327412434,13:07:41.327,87.7100,63
47604466943983,13:13:24.466,87.7300,100
47604466943983,13:13:24.466,87.7300,40
47604466943983,13:13:24.466,87.7300,28
47604467656805,13:13:24.467,87.7000,94
47604467681716,13:13:24.467,87.7000,6
47620890744026,13:13:40.890,87.6800,100
47705034445202,13:15:05.034,87.6700,29
47849120205596,13:17:29.120,87.5900,51
47878220645676,13:17:58.220,87.7000,66
47878220668255,13:17:58.220,87.7300,2
47878220679962,13:17:58.220,87.7300,3
47878255097423,13:17:58.255,87.7600,100
47878255182993,13:17:58.255,87.8000,35
47878255183494,13:17:58.255,87.8000,35
47878258595421,13:17:58.258,87.8100,45
47887304757133,13:18:07.304,87.8100,100
47887305540156,13:18:07.305,87.8000,100
48020039217219,13:20:20.039,87.7900,2
48020039217219,13:20:20.039,87.7900,100
48020049984669,13:20:20.049,87.7800,100
48020050210370,13:20:20.050,87.7800,32
48020050649561,13:20:20.050,87.7800,1
48020134330213,13:20:20.134,87.7800,1
48181296930994,13:23:01.296,87.7600,100
48181298272002,13:23:01.298,87.7400,29
48181298798188,13:23:01.298,87.7000,100
48181299414898,13:23:01.299,87.6900,43
48188799516655,13:23:08.799,87.6000,1
48188799516655,13:23:08.799,87.6000,1
48196733422909,13:23:16.733,87.5900,10
48268279712587,13:24:28.279,87.6500,100
48268280177225,13:24:28.280,87.6500,100
48949586634421,13:35:49.586,87.6400,64
48949588763694,13:35:49.588,87.5800,100
49149870039535,13:39:09.870,87.5800,100
49149870497123,13:39:09.870,87.5800,34
49149871403273,13:39:09.871,87.5700,2
49149871403273,13:39:09.871,87.5700,3
49149872642753,13:39:09.872,87.5600,2
49149872693526,13:39:09.872,87.5500,1
49149872693526,13:39:09.872,87.5500,1
49149873758853,13:39:09.873,87.5500,25
49151734844133,13:39:11.734,87.5500,11
49163356505582,13:39:23.356,87.5400,2
49308669790342,13:41:48.669,87.6200,1
49308669816760,13:41:48.669,87.5700,121
49308670297002,13:41:48.670,87.5700,121
49308670339683,13:41:48.670,87.5700,121
49365548974282,13:42:45.548,87.5300,38
49513482550754,13:45:13.482,87.5200,100
49513482550754,13:45:13.482,87.5200,2
49513482550754,13:45:13.482,87.5200,10
49513483928630,13:45:13.483,87.5100,2
49513483928630,13:45:13.483,87.5100,1
49513483928630,13:45:13.483,87.5100,2
49513483928630,13:45:13.483,87.5100,100
49513484164821,13:45:13.484,87.5000,2
49513484164821,13:45:13.484,87.5000,2
49513484164821,13:45:13.484,87.5000,1
49513485337800,13:45:13.485,87.4900,2
49515467024955,13:45:15.467,87.4800,1
49515467084166,13:45:15.467,87.4700,2
49515467084166,13:45:15.467,87.4700,3
49515467084166,13:45:15.467,87.4700,100
49515467675443,13:45:15.467,87.4600,2
49515467675443,13:45:15.467,87.4600,3
49576416940023,13:46:16.416,87.5200,11
49576416940023,13:46:16.416,87.5200,20
49576416940023,13:46:16.416,87.5200,5
49576417034463,13:46:16.417,87.5300,11
49576417162949,13:46:16.417,87.5300,10
49576417170041,13:46:16.417,87.5300,36
49576417592825,13:46:16.417,87.5300,43
49576418095515,13:46:16.418,87.5200,100
49576418875299,13:46:16.418,87.5300,3
49576418899240,13:46:16.418,87.5300,97
49576419391909,13:46:16.419,87.5300,77
49587970384064,13:46:27.970,87.4900,100
49587970732197,13:46:27.970,87.4500,2
49588863349329,13:46:28.863,87.4100,2
49592571596522,13:46:32.571,87.4300,100
49592571622192,13:46:32.571,87.4300,100
49730618554991,13:48:50.618,87.3900,2
49730618554991,13:48:50.618,87.3900,100
49730618554991,13:48:50.618,87.3900,36
49730620505973,13:48:50.620,87.3800,2
49730620505973,13:48:50.620,87.3800,58
49730620533197,13:48:50.620,87.3800,42
49730642588813,13:48:50.642,87.3700,2
49730845853553,13:48:50.845,87.3500,2
49730845872741,13:48:50.845,87.3400,2
49730845872741,13:48:50.845,87.3300,5
49730845967285,13:48:50.845,87.3200,2
49731206140744,13:48:51.206,87.2800,1
49731206140744,13:48:51.206,87.2800,2
49782165051914,13:49:42.165,87.3500,16
49782165051914,13:49:42.165,87.3500,14
49782165479654,13:49:42.165,87.3200,400
49782165698583,13:49:42.165,87.3500,86
49956243985433,13:52:36.243,87.3500,37
50403202130034,14:00:03.202,87.4000,24
50403202130034,14:00:03.202,87.4100,4
50405748924934,14:00:05.748,87.4100,8
50408059337225,14:00:08.059,87.4500,19
50408059348316,14:00:08.059,87.4500,81
50408059662720,14:00:08.059,87.4600,8
50408060155228,14:00:08.060,87.4900,23
50408060155228,14:00:08.060,87.4900,6
50408060155228,14:00:08.060,87.4900,100
50408241310012,14:00:08.241,87.4500,100
50410269990880,14:00:10.269,87.5500,18
50410269990880,14:00:10.269,87.5500,100
50537847479912,14:02:17.847,87.5500,100
50537847732710,14:02:17.847,87.5500,39
50538037640019,14:02:18.037,87.5100,100
50548611784370,14:02:28.611,87.5100,25
50548611784370,14:02:28.611,87.4200,17
50599505829430,14:03:19.505,87.5800,30
50599505829430,14:03:19.505,87.5800,5
50599505829430,14:03:19.505,87.5900,65
50599505857133,14:03:19.505,87.5900,35
50645518306429,14:04:05.518,87.7500,100
50645518306429,14:04:05.518,87.7500,100
50924413129934,14:08:44.413,87.8500,24
50954254376795,14:09:14.254,87.9400,100
50984708736062,14:09:44.708,87.8300,20
50998267712643,14:09:58.267,87.8400,100
51013906310152,14:10:13.906,87.8100,100
51020783601440,14:10:20.783,87.7800,39
51035095216608,14:10:35.095,87.7000,1
51065553294796,14:11:05.553,87.8100,100
51065553458908,14:11:05.553,87.8500,22
51065553458908,14:11:05.553,87.8600,1
51065553458908,14:11:05.553,87.8600,69
51065553584708,14:11:05.553,87.8600,8
51082724815463,14:11:22.724,87.8100,100
51082724815463,14:11:22.724,87.8600,23
51082725332284,14:11:22.725,87.8600,100
51082725709478,14:11:22.725,87.8600,100
51086042530986,14:11:26.042,87.8300,100
51131775463272,14:12:11.775,87.9600,10
51194783343760,14:13:14.783,88.0800,1
51300385732655,14:15:00.385,88.0500,2
51300524922485,14:15:00.524,87.9900,51
51300524946855,14:15:00.524,87.9900,49
51300525292878,14:15:00.525,87.9800,41
51401475480880,14:16:41.475,88.0600,20
51402007838067,14:16:42.007,88.1300,35
51462715133191,14:17:42.715,88.0300,53
51673917713960,14:21:13.917,88.1900,5
51724854685280,14:22:04.854,88.2200,100
51736296103390,14:22:16.296,88.2800,100
51736296530740,14:22:16.296,88.2500,10
51803807383084,14:23:23.807,88.2800,100
51815097124117,14:23:35.097,88.2800,100
51904138565035,14:25:04.138,88.2300,100
51958188599404,14:25:58.188,88.2400,100
51971406369685,14:26:11.406,88.2000,100
51971406369685,14:26:11.406,88.2000,44
51971515100236,14:26:11.515,88.1600,100
51971515124974,14:26:11.515,88.1600,43
51995374878498,14:26:35.374,88.1800,100
52001244989482,14:26:41.244,88.1800,100
52001246211683,14:26:41.246,88.1700,100
52001958252788,14:26:41.958,88.1200,100
52066018163488,14:27:46.018,88.0500,39
52066018189723,14:27:46.018,88.0500,41
52124983680639,14:28:44.983,88.0200,47
52129475586803,14:28:49.475,87.9000,100
52129475797009,14:28:49.475,87.9000,100
52129476425940,14:28:49.476,87.9000,100
52129476429339,14:28:49.476,87.9000,100
52129476783423,14:28:49.476,87.9000,100
52129478217095,14:28:49.478,87.9000,100
52131196674299,14:28:51.196,87.9000,100
52131197108730,14:28:51.197,87.9000,77
52134424982712,14:28:54.424,87.9000,23
52134424982712,14:28:54.424,87.9000,50
52135488271448,14:28:55.488,87.9000,50
52135488271448,14:28:55.488,87.9000,2
52143780284699,14:29:03.780,87.9000,98
52143780284699,14:29:03.780,87.9000,2
52143780310217,14:29:03.780,87.9000,98
52143780317659,14:29:03.780,87.9000,98
52143780365313,14:29:03.780,87.9000,98
52143780392700,14:29:03.780,87.9000,2
52143780403667,14:29:03.780,87.9000,100
52143780790088,14:29:03.780,87.9000,100
52152198925395,14:29:12.198,87.9000,83
52152199020707,14:29:12.199,87.9000,17
52152610119917,14:29:12.610,87.9000,1
52154415656486,14:29:14.415,87.8900,100
52161631788017,14:29:21.631,87.8600,100
52161631788017,14:29:21.631,87.8600,100
52161631886502,14:29:21.631,87.8500,36
52161632839744,14:29:21.632,87.8500,64
52161632839744,14:29:21.632,87.8500,36
52164494875435,14:29:24.494,87.9000,99
52164494875435,14:29:24.494,87.9000,1
52164494893691,14:29:24.494,87.9000,19
52164494964477,14:29:24.494,87.9000,80
52164494964477,14:29:24.494,87.9000,19
52164495107164,14:29:24.495,87.9000,80
52164495196324,14:29:24.495,87.9000,20
52164495196324,14:29:24.495,87.9000,60
52165025155708,14:29:25.025,87.9000,40
52165025155708,14:29:25.025,87.9000,60
52165211904941,14:29:25.211,87.9000,40
52165211904941,14:29:25.211,87.9000,100
52165211904941,14:29:25.211,87.9000,60
52165213019553,14:29:25.213,87.9000,100
52165213019553,14:29:25.213,87.9000,523
52167025753026,14:29:27.025,87.8900,1
52167027143418,14:29:27.027,87.8900,99
52204785417895,14:30:04.785,87.8000,51
52204800526666,14:30:04.800,87.7700,43
52227212115379,14:30:27.212,87.8300,100
52227212702340,14:30:27.212,87.8400,100
52227214867147,14:30:27.214,87.8300,30
52227215886346,14:30:27.215,87.8600,28
52227215949606,14:30:27.215,87.8300,30
52227216013976,14:30:27.216,87.8100,100
52227216066375,14:30:27.216,87.8100,100
52227216078156,14:30:27.216,87.8100,100
52262271834377,14:31:02.271,87.7800,27
52275178534411,14:31:15.178,87.8500,100
52275178534411,14:31:15.178,87.8500,40
52275196027060,14:31:15.196,87.8700,100
52275279562128,14:31:15.279,87.9000,20
52275279562128,14:31:15.279,87.9100,15
52275279590099,14:31:15.279,87.9100,20
52310517743036,14:31:50.517,87.8300,4
52310517814258,14:31:50.517,87.8300,96
52310517814258,14:31:50.517,87.8200,4
52310518295727,14:31:50.518,87.8200,100
52310518324798,14:31:50.518,87.8200,38
52311530573654,14:31:51.530,87.8500,3
52339840914245,14:32:19.840,87.8600,41
52403981645594,14:33:23.981,87.8500,100
52433522031740,14:33:53.522,87.9300,20
52433522031740,14:33:53.522,87.9500,80
52433522057302,14:33:53.522,87.9500,20
52529756609235,14:35:29.756,88.0900,100
52564771536197,14:36:04.771,88.0400,48
52599551299998,14:36:39.551,87.9300,20
52599551956281,14:36:39.551,87.9200,10
52599552598909,14:36:39.552,87.9100,20
52602497396647,14:36:42.497,87.9600,100
52606710822557,14:36:46.710,87.9100,100
52627806690368,14:37:07.806,87.9000,20
52627806690368,14:37:07.806,87.9000,10
52627807328311,14:37:07.807,87.8900,2
52629023842301,14:37:09.023,87.8800,20
52629033936493,14:37:09.033,87.8700,10
52636818718066,14:37:16.818,87.9400,5
52644030829501,14:37:24.030,88.0000,100
52644031560859,14:37:24.031,88.0200,20
52763221888887,14:39:23.221,88.0700,7
52763221903127,14:39:23.221,88.0700,1
53016238551814,14:43:36.238,88.1100,99
53041167467031,14:44:01.167,88.1600,2
53056616789763,14:44:16.616,88.1600,10
53056616791003,14:44:16.616,88.1600,8
53090253261619,14:44:50.253,88.2700,10
53090264468547,14:44:50.264,88.2300,10
53090265028003,14:44:50.265,88.2300,25
53090265028003,14:44:50.265,88.2300,10
53100305830668,14:45:00.305,88.2100,100
53100307029717,14:45:00.307,88.2000,100
53130477629688,14:45:30.477,88.1200,100
53130477766726,14:45:30.477,88.1100,37
53130477791771,14:45:30.477,88.1100,13
53130478435196,14:45:30.478,88.1100,100
53189260561088,14:46:29.260,88.2100,100
53189263658265,14:46:29.263,88.2100,100
53189265111330,14:46:29.265,88.2100,100
53189274040610,14:46:29.274,88.2500,100
53190283496312,14:46:30.283,88.2100,100
53190283528623,14:46:30.283,88.2100,23
53212616667008,14:46:52.616,88.2100,6
53212616668190,14:46:52.616,88.2100,90
53212616722850,14:46:52.616,88.2100,4
53254686487456,14:47:34.686,88.1300,1
53460893518851,14:51:00.893,88.0700,100
53460893518851,14:51:00.893,88.0700,53
53460893556287,14:51:00.893,88.0700,47
53460893556287,14:51:00.893,88.0700,53
53460893571600,14:51:00.893,88.0700,1
53509371178157,14:51:49.371,88.1200,1
53509371178157,14:51:49.371,88.1200,60
53513182499017,14:51:53.182,88.1800,35
53520434946197,14:52:00.434,88.2000,100
53522615268975,14:52:02.615,88.2000,100
53522615919939,14:52:02.615,88.2000,100
53536202180478,14:52:16.202,88.2000,100
53536202561090,14:52:16.202,88.2000,100
53536202887191,14:52:16.202,88.2000,100
53537282593132,14:52:17.282,88.2000,100
53537292754515,14:52:17.292,88.2000,100
53538602906824,14:52:18.602,88.1900,100
53544046047214,14:52:24.046,88.2000,58
53544046078240,14:52:24.046,88.2000,42
53546344304233,14:52:26.344,88.1700,100
53546344328997,14:52:26.344,88.1700,61
53555908777619,14:52:35.908,88.1900,10
53561161439352,14:52:41.161,88.1700,33
53682778525768,14:54:42.778,88.1900,100
53682778699030,14:54:42.778,88.1800,37
53682778802288,14:54:42.778,88.1800,22
53682778827736,14:54:42.778,88.1800,2
53682778834946,14:54:42.778,88.1800,28
53682778834946,14:54:42.778,88.1700,1
53682782581631,14:54:42.782,88.1800,8
53683170913193,14:54:43.170,88.1800,100
53783396826150,14:56:23.396,88.1600,100
53793102006387,14:56:33.102,88.2500,1
53793102006387,14:56:33.102,88.2500,42
53793102031782,14:56:33.102,88.2500,11
53793102355314,14:56:33.102,88.2600,100
53793102368452,14:56:33.102,88.2600,3
53793102373659,14:56:33.102,88.2600,11
53793102913331,14:56:33.102,88.2600,12
53793102941380,14:56:33.102,88.2600,74
53793112301341,14:56:33.112,88.2600,10
53793112339149,14:56:33.112,88.2700,16
53793748742752,14:56:33.748,88.2400,100
53793748742752,14:56:33.748,88.2400,100
53795198318555,14:56:35.198,88.1800,40
53802188284890,14:56:42.188,88.2800,100
53802297673932,14:56:42.297,88.3100,100
53818213469442,14:56:58.213,88.2500,92
53824707820972,14:57:04.707,88.2400,10
53824707832282,14:57:04.707,88.2400,90
53824707852622,14:57:04.707,88.2300,52
53933943839223,14:58:53.943,88.2200,100
53968320907396,14:59:28.320,88.3000,100
53968321133461,14:59:28.321,88.3100,36
53968321162562,14:59:28.321,88.3100,28
54025836551178,15:00:25.836,88.2400,61
54041757422610,15:00:41.757,88.2900,1
54075663311440,15:01:15.663,88.2300,61
54075663311440,15:01:15.663,88.2300,39
54075663543150,15:01:15.663,88.2300,61
54121470723608,15:02:01.470,88.2000,100
54246386259015,15:04:06.386,88.1600,100
54246386283946,15:04:06.386,88.1600,3
54246386294022,15:04:06.386,88.1600,26
54246386294022,15:04:06.386,88.1600,100
54246387525251,15:04:06.387,88.1400,5
54246387525251,15:04:06.387,88.1400,1
54246387525251,15:04:06.387,88.1400,4
54264030580315,15:04:24.030,88.1300,5
54266822065894,15:04:26.822,88.1300,29
54271185566455,15:04:31.185,88.1400,29
54306458014020,15:05:06.458,88.1300,2
54306463099796,15:05:06.463,88.1300,2
54306470526325,15:05:06.470,88.1300,25
54306473602464,15:05:06.473,88.1300,2
54306473860062,15:05:06.473,88.1300,2
54306473971957,15:05:06.473,88.1300,2
54306474068077,15:05:06.474,88.1300,2
54306474254219,15:05:06.474,88.1300,2
54306474518627,15:05:06.474,88.1300,2
54306474654659,15:05:06.474,88.1300,2
54306474996285,15:05:06.474,88.1300,2
54306475256758,15:05:06.475,88.1300,2
54306475347708,15:05:06.475,88.1300,2
54306475491720,15:05:06.475,88.1300,2
54306475693046,15:05:06.475,88.1300,2
54306475757346,15:05:06.475,88.1300,2
54306475924784,15:05:06.475,88.1300,2
54306476134717,15:05:06.476,88.1300,2
54306476299954,15:05:06.476,88.1300,2
54306482074471,15:05:06.482,88.1300,68
54306516086581,15:05:06.516,88.1200,5
54306516086581,15:05:06.516,88.1200,5
54306529881753,15:05:06.529,88.1200,27
54306529881753,15:05:06.529,88.1200,27
54306529881753,15:05:06.529,88.1200,22
54306529881753,15:05:06.529,88.1200,22
54307052094087,15:05:07.052,88.1200,27
54307052094087,15:05:07.052,88.1200,27
54307052094087,15:05:07.052,88.1200,22
54307052094087,15:05:07.052,88.1200,22
54307065539741,15:05:07.065,88.0800,2
54320263753741,15:05:20.263,88.1300,5
54320263753741,15:05:20.263,88.1300,69
54320263816597,15:05:20.263,88.1300,13
54356417954647,15:05:56.417,88.0700,5
54393450776500,15:06:33.450,88.1000,10
54393451265136,15:06:33.451,88.1100,100
54393451603693,15:06:33.451,88.1200,10
54447355203810,15:07:27.355,88.0600,100
54468313936357,15:07:48.313,88.0600,86
54486448370395,15:08:06.448,88.1200,141
54486448390512,15:08:06.448,88.1200,20
54486448390512,15:08:06.448,88.1200,40
54486478469020,15:08:06.478,88.1500,100
54528357177803,15:08:48.357,88.0600,80
54545763394982,15:09:05.763,88.0600,99
54550794697533,15:09:10.794,88.0500,100
54550804795665,15:09:10.804,88.0400,100
54564455518662,15:09:24.455,88.0400,25
54564455518662,15:09:24.455,88.0400,20
54564455518662,15:09:24.455,88.0400,20
54564455518662,15:09:24.455,88.0400,20
54598708879344,15:09:58.708,88.0400,29
54598708879344,15:09:58.708,88.0400,29
54598708879344,15:09:58.708,88.0400,29
54598708879344,15:09:58.708,88.0400,13
54598708919050,15:09:58.708,88.0400,16
54598708919050,15:09:58.708,88.0400,84
54598708955217,15:09:58.708,88.0400,67
54600035454577,15:10:00.035,88.0300,5
54600035454577,15:10:00.035,88.0300,95
54604897468613,15:10:04.897,88.0300,5
54604897468613,15:10:04.897,88.0300,95
54638605851633,15:10:38.605,88.0300,5
54638605851633,15:10:38.605,88.0000,95
54641674034238,15:10:41.674,88.0100,5
54641674053923,15:10:41.674,88.0100,5
54641674057158,15:10:41.674,88.0100,10
54641674096003,15:10:41.674,88.0100,5
54641674274833,15:10:41.674,88.0000,5
54641696390842,15:10:41.696,87.9900,5
54641698179844,15:10:41.698,87.9800,5
54641704324905,15:10:41.704,87.9700,1
54641704324905,15:10:41.704,87.9700,4
54643443442307,15:10:43.443,87.9600,2
54657628255961,15:10:57.628,87.9600,5
54668503315621,15:11:08.503,87.9600,5
54668503329532,15:11:08.503,87.9600,20
54668503330777,15:11:08.503,87.9600,80
54668503340701,15:11:08.503,87.9600,5
54668503636257,15:11:08.503,87.9600,5
54668504117561,15:11:08.504,87.9600,3
54668504117561,15:11:08.504,87.9500,2
54668504121799,15:11:08.504,87.9500,2
54668504121799,15:11:08.504,87.9500,1
54685870935722,15:11:25.870,87.9300,5
54710987077877,15:11:50.987,87.9300,10
54718164818453,15:11:58.164,87.9300,60
54763484277392,15:12:43.484,87.9600,1
54763484277392,15:12:43.484,87.9700,14
54763484277392,15:12:43.484,87.9700,85
54763484337724,15:12:43.484,87.9700,15
54839471173208,15:13:59.471,87.9500,100
54881191340553,15:14:41.191,88.0100,71
54881191353352,15:14:41.191,88.0100,29
54889543713052,15:14:49.543,88.0400,100
54948001386737,15:15:48.001,88.0600,100
54948001455524,15:15:48.001,88.0600,10
54948001468452,15:15:48.001,88.0600,10
54948001612090,15:15:48.001,88.0600,10
54990427443316,15:16:30.427,88.0400,100
54990432190763,15:16:30.432,88.0300,78
54999113927697,15:16:39.113,87.9800,100
54999115589491,15:16:39.115,87.9700,7
54999115589491,15:16:39.115,87.9700,75
55044152270871,15:17:24.152,88.0000,100
55044152766202,15:17:24.152,87.9900,34
55049531748548,15:17:29.531,87.9500,100
55050146731189,15:17:30.146,87.9500,100
55058470731261,15:17:38.470,87.9500,100
55058470731261,15:17:38.470,87.9500,100
55058470731261,15:17:38.470,87.9500,100
55072361306330,15:17:52.361,87.8900,10
55072367689616,15:17:52.367,87.8800,10
55081299594889,15:18:01.299,87.9500,45
55182193907544,15:19:42.193,87.9900,100
55182193966187,15:19:42.193,87.9900,10
55276040515781,15:21:16.040,88.0800,10
55326246272065,15:22:06.246,88.0100,100
55330357046712,15:22:10.357,88.0000,73
55330357083483,15:22:10.357,88.0000,27
55330357083483,15:22:10.357,88.0000,46
55330357452494,15:22:10.357,88.0000,54
55330357452494,15:22:10.357,88.0000,46
55330357465114,15:22:10.357,88.0000,54
55332234101543,15:22:12.234,87.9400,20
55391862523550,15:23:11.862,87.8900,2
55400196878202,15:23:20.196,87.9200,34
55400196902898,15:23:20.196,87.9200,66
55400197791415,15:23:20.197,87.9300,100
55400198235140,15:23:20.198,87.9400,5
55404361930564,15:23:24.361,87.9200,100
55415102504710,15:23:35.102,87.8700,5
55415109122883,15:23:35.109,87.8600,10
55415115260278,15:23:35.115,87.8500,3
55415115260278,15:23:35.115,87.8500,7
55415119463744,15:23:35.119,87.8500,100
55415139553596,15:23:35.139,87.8500,75
55439182762501,15:23:59.182,87.8800,100
55615783481219,15:26:55.783,87.8700,95
55642512274229,15:27:22.512,87.8700,5
55642512274229,15:27:22.512,87.8700,95
55642512301254,15:27:22.512,87.8700,5
55642513081977,15:27:22.513,87.8600,61
55642513105794,15:27:22.513,87.8600,33
55642513140900,15:27:22.513,87.8600,6
55642610483640,15:27:22.610,87.8600,20
55673152044239,15:27:53.152,87.9200,100
55676656660273,15:27:56.656,87.9400,100
55677017682034,15:27:57.017,87.9600,10
55789268456494,15:29:49.268,87.9000,100
55807446269897,15:30:07.446,87.8300,5
55807446298569,15:30:07.446,87.8200,1
55807446298569,15:30:07.446,87.8200,1
55808293337690,15:30:08.293,87.8100,1
55808293337690,15:30:08.293,87.8100,4
55808298976737,15:30:08.298,87.7900,5
55822388660189,15:30:22.388,87.7800,2
55822388660189,15:30:22.388,87.7800,3
55822388660189,15:30:22.388,87.7800,5
55822390696556,15:30:22.390,87.7600,1
55864020940524,15:31:04.020,87.7700,10
55867544979800,15:31:07.544,87.8400,21
55867544979800,15:31:07.544,87.8400,30
55867545261727,15:31:07.545,87.8500,17
55867545787299,15:31:07.545,87.8600,8
55974974732895,15:32:54.974,87.8600,20
56001522576979,15:33:21.522,87.8600,60
56001522595329,15:33:21.522,87.8600,29
56001522602370,15:33:21.522,87.8600,20
56001522637384,15:33:21.522,87.8600,9
56001522637384,15:33:21.522,87.8600,88
56051234609220,15:34:11.234,87.8500,36
56051234624438,15:34:11.234,87.8500,64
56051234643175,15:34:11.234,87.8500,80
56051236964220,15:34:11.236,87.8400,100
56051236988594,15:34:11.236,87.8400,1
56051236993284,15:34:11.236,87.8400,68
56051237703427,15:34:11.237,87.8400,3
56051476731214,15:34:11.476,87.8400,15
56051476799307,15:34:11.476,87.8400,13
56067912530659,15:34:27.912,87.8600,5
56069599936247,15:34:29.599,87.8600,1
56070294990679,15:34:30.294,87.8600,94
56102391726796,15:35:02.391,87.8100,59
56135048450409,15:35:35.048,87.9300,16
56135048491483,15:35:35.048,87.9400,12
56170135150878,15:36:10.135,87.9100,74
56173213947381,15:36:13.213,87.8800,100
56173248850577,15:36:13.248,87.9100,1
56188041440068,15:36:28.041,87.8800,100
56223998726368,15:37:03.998,87.8800,59
56223998726368,15:37:03.998,87.8800,100
56323516969614,15:38:43.516,87.9100,29
56323517013598,15:38:43.517,87.9100,11
56323517013598,15:38:43.517,87.9200,39
56351451309429,15:39:11.451,87.9200,61
56351451309429,15:39:11.451,87.9200,39
56356421012233,15:39:16.421,87.8700,92
56377362517182,15:39:37.362,87.9100,2
56400243530454,15:40:00.243,87.8600,100
56400243568967,15:40:00.243,87.8600,100
56400255840752,15:40:00.255,87.8500,100
56403526047146,15:40:03.526,87.8400,100
56403526172856,15:40:03.526,87.8400,21
56403526172856,15:40:03.526,87.8400,79
56405706946985,15:40:05.706,87.8400,34
56405707392498,15:40:05.707,87.8400,5
56407417580683,15:40:07.417,87.8400,47
56411292126178,15:40:11.292,87.8300,1
56437692326245,15:40:37.692,87.8400,100
56449245219749,15:40:49.245,87.8500,100
56449245311437,15:40:49.245,87.8500,100
56480485336774,15:41:20.485,87.8200,100
56480668991857,15:41:20.668,87.7900,20
56481101544773,15:41:21.101,87.7900,80
56481936734177,15:41:21.936,87.7600,5
56481944811809,15:41:21.944,87.7300,7
56481944811809,15:41:21.944,87.7300,3
56481951231982,15:41:21.951,87.7200,5
56548298445584,15:42:28.298,87.7100,5
56548298445584,15:42:28.298,87.7100,92
56563413575677,15:42:43.413,87.7600,5
56570250388722,15:42:50.250,87.7800,16
56580240858467,15:43:00.240,87.8100,1
56580240885026,15:43:00.240,87.8100,98
56580241229618,15:43:00.241,87.8100,1
56602607091965,15:43:22.607,87.7900,100
56658193948840,15:44:18.193,87.8400,2
56658194274974,15:44:18.194,87.8400,34
56670290219421,15:44:30.290,87.8300,100
56697107803832,15:44:57.107,87.8300,10
56702220322821,15:45:02.220,87.8500,18
56729276444782,15:45:29.276,87.8400,7
56729276444782,15:45:29.276,87.8400,93
56738427974812,15:45:38.427,87.8800,12
56738430248176,15:45:38.430,87.8800,10
56739160261717,15:45:39.160,87.8900,6
56739160281076,15:45:39.160,87.8900,11
56755795416539,15:45:55.795,87.9000,14
56755795652610,15:45:55.795,87.9000,30
56755897473680,15:45:55.897,87.9000,56
56771344527402,15:46:11.344,87.9200,30
56771344527402,15:46:11.344,87.9200,100
56779955889408,15:46:19.955,87.9300,20
56796577987063,15:46:36.577,87.9300,100
56796581459118,15:46:36.581,87.9200,8
56796584935273,15:46:36.584,87.9200,92
56826335849839,15:47:06.335,87.9100,100
56839171087198,15:47:19.171,87.8900,100
56847226781713,15:47:27.226,87.8800,10
56847226781713,15:47:27.226,87.8800,30
56847226837060,15:47:27.226,87.8800,70
56864522310962,15:47:44.522,87.8500,100
56864522310962,15:47:44.522,87.8500,100
56864525617168,15:47:44.525,87.8400,7
56896262772556,15:48:16.262,87.8400,100
56911947338297,15:48:31.947,87.8400,100
56911952778464,15:48:31.952,87.8400,98
56913514302218,15:48:33.514,87.8400,2
56938699848921,15:48:58.699,87.8400,100
56938699848921,15:48:58.699,87.8400,6
56938700261248,15:48:58.700,87.8500,100
56938701798250,15:48:58.701,87.8400,20
56968972123179,15:49:28.972,87.8600,100
56969340259996,15:49:29.340,87.8500,100
56969340323000,15:49:29.340,87.8500,100
56986075706834,15:49:46.075,87.8200,10
56995586193481,15:49:55.586,87.8200,70
57000112361995,15:50:00.112,87.8100,100
57000114137412,15:50:00.114,87.8100,46
57000114345147,15:50:00.114,87.8100,54
57001972303316,15:50:01.972,87.8100,2
57007025796322,15:50:07.025,87.8000,5
57010486389079,15:50:10.486,87.7900,100
57010609814645,15:50:10.609,87.7900,6
57010609844520,15:50:10.609,87.7900,88
57010610047671,15:50:10.610,87.7900,6
57071882805011,15:51:11.882,87.7600,5
57071882805011,15:51:11.882,87.7600,92
57080862337406,15:51:20.862,87.7600,8
57080862752894,15:51:20.862,87.7600,5
57080968642392,15:51:20.968,87.7600,38
57090257883653,15:51:30.257,87.7500,5
57090257883653,15:51:30.257,87.7500,100
57090257883653,15:51:30.257,87.7500,94
57090259032538,15:51:30.259,87.7500,6
57090259032538,15:51:30.259,87.7500,94
57091851319836,15:51:31.851,87.7500,6
57094150200206,15:51:34.150,87.7300,5
57097612050964,15:51:37.612,87.7400,32
57097612126862,15:51:37.612,87.7400,118
57097612126862,15:51:37.612,87.7400,100
57097612126862,15:51:37.612,87.7400,100
57097612318484,15:51:37.612,87.7400,100
57097612459326,15:51:37.612,87.7400,100
57097613320964,15:51:37.613,87.7500,6
57097613320964,15:51:37.613,87.7500,94
57099034909538,15:51:39.034,87.7500,6
57099037278782,15:51:39.037,87.7500,50
57099412666053,15:51:39.412,87.7600,25
57132413932700,15:52:12.413,87.7300,100
57132413932700,15:52:12.413,87.7300,28
57135329898379,15:52:15.329,87.7300,30
57135587365949,15:52:15.587,87.7300,100
57141003087063,15:52:21.003,87.7300,42
57141003087063,15:52:21.003,87.7300,44
57144455441646,15:52:24.455,87.7300,56
57145273422376,15:52:25.273,87.7100,5
57145273422376,15:52:25.273,87.7100,95
57146533056051,15:52:26.533,87.7100,100
57146662253849,15:52:26.662,87.6900,6
57152561544563,15:52:32.561,87.6700,71
57154544562014,15:52:34.544,87.6700,2
57156850312914,15:52:36.850,87.6600,4
57163320164346,15:52:43.320,87.6400,20
57163320164346,15:52:43.320,87.6400,50
57177864656632,15:52:57.864,87.6400,50
57188043895967,15:53:08.043,87.6200,100
57190654023391,15:53:10.654,87.6500,32
57190654047351,15:53:10.654,87.6500,68
57192884035388,15:53:12.884,87.6800,10
57237776433976,15:53:57.776,87.7100,100
57237776566982,15:53:57.776,87.7000,50
57237776935217,15:53:57.776,87.7000,50
57246468815629,15:54:06.468,87.7200,100
57246469637568,15:54:06.469,87.7300,100
57246470162756,15:54:06.470,87.7300,21
57246950104308,15:54:06.950,87.7500,1
57246950132064,15:54:06.950,87.7500,99
57247451122728,15:54:07.451,87.7700,100
57250777246036,15:54:10.777,87.8000,4
57257254488533,15:54:17.254,87.8000,2
57288223983381,15:54:48.223,87.7500,98
57288224264163,15:54:48.224,87.7500,100
57288224268589,15:54:48.224,87.7500,2
57290478419057,15:54:50.478,87.7400,86
57290562636222,15:54:50.562,87.7400,14
57290563009756,15:54:50.563,87.7300,54
57300122639149,15:55:00.122,87.7700,95
57300122666450,15:55:00.122,87.7700,5
57300122673876,15:55:00.122,87.7700,1
57300123556377,15:55:00.123,87.8100,39
57300267246371,15:55:00.267,87.7700,188
57300267406196,15:55:00.267,87.8100,61
57300267406196,15:55:00.267,87.8100,12
57314406920010,15:55:14.406,87.8400,3
57314406920010,15:55:14.406,87.8400,27
57331675602162,15:55:31.675,87.8400,6
57344070284313,15:55:44.070,87.8900,1
57353339964188,15:55:53.339,87.9200,31
57353339964188,15:55:53.339,87.9200,6
57369182879176,15:56:09.182,87.9200,2
57375151741948,15:56:15.151,87.9000,100
57376968305959,15:56:16.968,87.8900,100
57378263403464,15:56:18.263,87.8800,1
57397888513494,15:56:37.888,87.8700,5
57397888513494,15:56:37.888,87.8700,15
57397888513494,15:56:37.888,87.8800,80
57397889352063,15:56:37.889,87.8800,20
57406069369387,15:56:46.069,87.8800,20
57414855940879,15:56:54.855,87.8500,99
57415747691969,15:56:55.747,87.8700,1
57452890128260,15:57:32.890,87.8900,2
57471462268668,15:57:51.462,87.8500,5
57471462339564,15:57:51.462,87.8500,9
57480148848696,15:58:00.148,87.8500,100
57505301426950,15:58:25.301,87.8500,15
57522988731922,15:58:42.988,87.8600,5
57526634593576,15:58:46.634,87.8800,17
57526634600038,15:58:46.634,87.8900,12
57536231942426,15:58:56.231,87.9000,1
57537795581367,15:58:57.795,87.9000,7
57543378122847,15:59:03.378,87.9100,28
57543378122847,15:59:03.378,87.9100,187
57543378659685,15:59:03.378,87.9100,7
57549463237246,15:59:09.463,87.9200,5
57550118110969,15:59:10.118,88.0000,73
57553043889470,15:59:13.043,87.9900,1
57555521548701,15:59:15.521,87.9700,89
57560119970140,15:59:20.119,87.9500,100
57560120006197,15:59:20.120,87.9500,10
57560120006197,15:59:20.120,87.9500,90
57560120058536,15:59:20.120,87.9500,10
57560127384191,15:59:20.127,87.9500,30
57565795026767,15:59:25.795,87.9700,7
57567022453703,15:59:27.022,87.9700,10
57567022455464,15:59:27.022,87.9700,20
57567022484607,15:59:27.022,87.9700,62
57589087746922,15:59:49.087,87.9100,46
57592545468186,15:59:52.545,87.9000,19
57596015005144,15:59:56.015,87.9000,81
57596015005144,15:59:56.015,87.9000,19
57596118482158,15:59:56.118,87.9000,35
57596118982873,15:59:56.118,87.9000,5
57596118982873,15:59:56.118,87.9000,100
57600239626880,16:00:00.239,0.0000,0
