timestamp,time,price,volume
34200046465274,09:30:00.046,81.6000,100
34200909905455,09:30:00.909,0.0000,0
34205667717712,09:30:05.667,81.7200,5
34205667717712,09:30:05.667,81.7200,54
34205667717712,09:30:05.667,81.7200,100
34215354606146,09:30:15.354,81.6600,25
34216155748601,09:30:16.155,81.6200,57
34254638838042,09:30:54.638,81.7400,7
34264110486957,09:31:04.110,81.8200,3
34264110486957,09:31:04.110,81.8200,10
34264110517734,09:31:04.110,81.8100,100
34264112776987,09:31:04.112,81.8250,100
34304624793912,09:31:44.624,81.7500,27
34304624867515,09:31:44.624,81.7800,100
34304625488041,09:31:44.625,81.7500,100
34304625488041,09:31:44.625,81.7500,50
34304625514344,09:31:44.625,81.7600,32
34304625514344,09:31:44.625,81.7500,18
34304625541294,09:31:44.625,81.7500,32
34304627022491,09:31:44.627,81.7400,100
34305356846622,09:31:45.356,81.7650,100
34305356846622,09:31:45.356,81.7900,100
34305356882806,09:31:45.356,81.7900,100
34309307614253,09:31:49.307,81.7400,27
34310382527302,09:31:50.382,81.7500,48
34310383282200,09:31:50.383,81.7500,52
34310383348697,09:31:50.383,81.7600,48
34310383604529,09:31:50.383,81.7450,100
34310768449806,09:31:50.768,81.6700,27
34310768511730,09:31:50.768,81.7000,100
34310768528009,09:31:50.768,81.7200,10
34310768770548,09:31:50.768,81.7400,100
34310768770548,09:31:50.768,81.7400,100
34310768801852,09:31:50.768,81.7400,100
34310768808642,09:31:50.768,81.7200,10
34310770171445,09:31:50.770,81.7200,10
34310770171445,09:31:50.770,81.7000,21
34311103706466,09:31:51.103,81.7400,152
34311351710448,09:31:51.351,81.7000,53
34312277289649,09:31:52.277,81.6600,27
34312277289649,09:31:52.277,81.6600,273
34318177606086,09:31:58.177,81.7100,100
34318177606086,09:31:58.177,81.7400,44
34318177611886,09:31:58.177,81.7400,100
34318177633989,09:31:58.177,81.7600,39
34318972638901,09:31:58.972,81.6700,100
34322407876247,09:32:02.407,81.6600,327
34322408527231,09:32:02.408,81.6400,10
34322408527231,09:32:02.408,81.6300,90
34341839898882,09:32:21.839,81.6900,100
34364825972425,09:32:44.825,81.6500,10
34364825972425,09:32:44.825,81.6300,10
34365028561449,09:32:45.028,81.6900,10
34365028561449,09:32:45.028,81.7000,90
34380105893592,09:33:00.105,81.7100,100
34381122873053,09:33:01.122,81.7100,100
34381122873053,09:33:01.122,81.7100,100
34381122873053,09:33:01.122,81.7100,200
34381122873053,09:33:01.122,81.7100,100
34381128843616,09:33:01.128,81.7200,100
34385025127395,09:33:05.025,81.7500,100
34385025188650,09:33:05.025,81.7500,63
34385025650294,09:33:05.025,81.7600,10
34385025676185,09:33:05.025,81.7600,90
34385025676185,09:33:05.025,81.7600,100
34385534045915,09:33:05.534,81.7800,100
34388251848712,09:33:08.251,81.8000,100
34388251848712,09:33:08.251,81.8000,100
34388251963203,09:33:08.251,81.8000,100
34388252545234,09:33:08.252,81.8000,100
34388311223426,09:33:08.311,81.8050,100
34395209371085,09:33:15.209,81.7600,100
34395209397896,09:33:15.209,81.7500,100
34420525479069,09:33:40.525,81.6200,100
34420525479069,09:33:40.525,81.5800,100
34420526129574,09:33:40.526,81.5600,30
34421471964357,09:33:41.471,81.6100,100
34426937153470,09:33:46.937,81.6100,100
34430724781990,09:33:50.724,81.5700,100
34430724781990,09:33:50.724,81.5700,100
34430725385692,09:33:50.725,81.5600,70
34430725410632,09:33:50.725,81.5600,100
34430725518497,09:33:50.725,81.5600,100
34430896816537,09:33:50.896,81.6200,61
34430896871141,09:33:50.896,81.5800,200
34430897001103,09:33:50.897,81.6200,39
34430898227811,09:33:50.898,81.6200,100
34430898261800,09:33:50.898,81.6100,72
34430898488519,09:33:50.898,81.6100,28
34430912130154,09:33:50.912,81.6100,19
34434867829096,09:33:54.867,81.6500,100
34434868653306,09:33:54.868,81.6600,100
34434884876620,09:33:54.884,81.6300,100
34461865965441,09:34:21.865,81.6500,100
34468645250111,09:34:28.645,81.5900,100
34470031419892,09:34:30.031,81.5700,1
34477324938470,09:34:37.324,81.6400,100
34477324938470,09:34:37.324,81.6500,31
34483180909366,09:34:43.180,81.5700,99
34522500264431,09:35:22.500,81.6200,5
34522500343482,09:35:22.500,81.6100,100
34522500616779,09:35:22.500,81.6100,100
34522762149956,09:35:22.762,81.6300,2
34522762406436,09:35:22.762,81.6400,100
34522762406436,09:35:22.762,81.6400,24
34522762479385,09:35:22.762,81.6400,76
34524056045180,09:35:24.056,81.6500,100
34524592169104,09:35:24.592,81.6600,45
34524592196447,09:35:24.592,81.6600,55
34549900606170,09:35:49.900,81.5200,100
34561515659021,09:36:01.515,81.5800,96
34561515905288,09:36:01.515,81.5800,4
34563204992313,09:36:03.204,81.6500,100
34573822390375,09:36:13.822,81.6300,100
34574026540174,09:36:14.026,81.6200,100
34605464700674,09:36:45.464,81.5700,100
34607198217472,09:36:47.198,81.5650,200
34623734431122,09:37:03.734,81.6500,100
34623735258270,09:37:03.735,81.6800,4
34623735314612,09:37:03.735,81.6800,96
34632186767579,09:37:12.186,81.7000,100
34632188068928,09:37:12.188,81.7200,65
34632188094101,09:37:12.188,81.7200,35
34639540839609,09:37:19.540,81.7600,7
34639805071551,09:37:19.805,81.7300,100
34645123942008,09:37:25.123,81.7300,100
34645124651721,09:37:25.124,81.7500,40
34645124669752,09:37:25.124,81.7500,50
34645124696782,09:37:25.124,81.7500,10
34646805471122,09:37:26.805,81.7600,100
34646805496841,09:37:26.805,81.7700,100
34649724634926,09:37:29.724,81.8100,100
34649724634926,09:37:29.724,81.8100,100
34649724634926,09:37:29.724,81.8100,77
34651085521732,09:37:31.085,81.7500,5
34651086079658,09:37:31.086,81.7500,5
34653591427165,09:37:33.591,81.7500,90
34670047404513,09:37:50.047,81.7700,100
34670679074342,09:37:50.679,81.8500,100
34670679105626,09:37:50.679,81.8500,100
34670679156470,09:37:50.679,81.8300,100
34678747185073,09:37:58.747,81.8000,494
34678747187844,09:37:58.747,81.8000,26
34678747194632,09:37:58.747,81.8000,86
34678747199676,09:37:58.747,81.8000,100
34678747208684,09:37:58.747,81.8000,103
34678747210521,09:37:58.747,81.8000,191
34678747210521,09:37:58.747,81.8000,100
34679330401708,09:37:59.330,81.8600,100
34679606223232,09:37:59.606,81.8900,4
34679606223232,09:37:59.606,81.9000,1
34679606223232,09:37:59.606,81.9000,95
34703022727311,09:38:23.022,81.9100,100
34708825365194,09:38:28.825,81.8800,100
34731184523994,09:38:51.184,81.9500,100
34742879046189,09:39:02.879,81.9800,31
34745557496108,09:39:05.557,81.9400,100
34747204722091,09:39:07.204,82.0000,100
34747205350407,09:39:07.205,82.0100,100
34761088392637,09:39:21.088,81.9500,100
34761088392637,09:39:21.088,81.9500,50
34761088396001,09:39:21.088,81.9500,50
34761088528122,09:39:21.088,81.9700,100
34761100237092,09:39:21.100,82.0000,100
34761100237092,09:39:21.100,82.0000,100
34761100381927,09:39:21.100,82.0000,100
34761883652196,09:39:21.883,82.0200,100
34761883652196,09:39:21.883,82.0200,100
34765025008216,09:39:25.025,82.0400,100
34765026231122,09:39:25.026,82.0300,100
34765026231122,09:39:25.026,82.0300,200
34774570765916,09:39:34.570,82.0700,25
34774896412677,09:39:34.896,82.0300,100
34787710641511,09:39:47.710,82.0200,100
34787710776097,09:39:47.710,82.0200,75
34798193258210,09:39:58.193,82.0200,100
34798193258210,09:39:58.193,82.0200,52
34798193268194,09:39:58.193,82.0200,148
34799089253718,09:39:59.089,82.0500,100
34799089253718,09:39:59.089,82.0500,100
34799090238097,09:39:59.090,82.0700,100
34799090716676,09:39:59.090,82.0500,100
34799090848942,09:39:59.090,82.0500,100
34802893462025,09:40:02.893,82.1100,100
34820749102246,09:40:20.749,82.0800,100
34821374495516,09:40:21.374,82.1200,100
34837130731052,09:40:37.130,82.1000,100
34837186102743,09:40:37.186,82.1200,100
34837187821039,09:40:37.187,82.1300,100
34845687265225,09:40:45.687,82.1000,200
34845687265225,09:40:45.687,82.1000,100
34846770917526,09:40:46.770,82.1200,100
34846770987278,09:40:46.770,82.1200,100
34846869126534,09:40:46.869,82.1500,100
34847758909116,09:40:47.758,82.1800,100
34860804428645,09:41:00.804,82.1800,100
34860804542538,09:41:00.804,82.1900,100
34866208484653,09:41:06.208,82.2300,100
34866208579743,09:41:06.208,82.2300,100
34875814051680,09:41:15.814,82.2000,100
34875836834233,09:41:15.836,82.1800,200
34875837268131,09:41:15.837,82.1700,87
34875837292990,09:41:15.837,82.1700,128
34875854302216,09:41:15.854,82.1700,100
34875855700532,09:41:15.855,82.1700,10
34876640305269,09:41:16.640,82.1500,100
34877235166106,09:41:17.235,82.2000,100
34889814065013,09:41:29.814,82.2000,62
34889814065013,09:41:29.814,82.2000,38
34889814126427,09:41:29.814,82.2000,62
34889814179577,09:41:29.814,82.2000,100
34889814506308,09:41:29.814,82.2000,38
34890141649688,09:41:30.141,82.1800,100
34890566482184,09:41:30.566,82.2200,90
34890566482184,09:41:30.566,82.2300,10
34896094462279,09:41:36.094,82.1700,100
34896094933025,09:41:36.094,82.1500,100
34901069477066,09:41:41.069,82.1200,127
34901069502316,09:41:41.069,82.1200,173
34901069502316,09:41:41.069,82.1200,100
34901069502316,09:41:41.069,82.1200,100
34904052899118,09:41:44.052,82.1200,32
34904492081802,09:41:44.492,82.1200,200
34904492110631,09:41:44.492,82.1200,68
34918503319736,09:41:58.503,82.1000,15
34918503319736,09:41:58.503,82.1000,100
34918503319736,09:41:58.503,82.1000,100
34924931587834,09:42:04.931,82.1000,100
34942507604922,09:42:22.507,82.1100,100
34948759187244,09:42:28.759,82.0600,300
34962613737029,09:42:42.613,82.1000,50
34965747260663,09:42:45.747,82.1200,56
34965747270406,09:42:45.747,82.1200,44
34965747270406,09:42:45.747,82.1200,6
34965747274378,09:42:45.747,82.1200,50
34965747288292,09:42:45.747,82.1200,44
34965747288292,09:42:45.747,82.1200,100
34965747288292,09:42:45.747,82.1200,100
34973709150044,09:42:53.709,82.1700,100
34976827676499,09:42:56.827,82.1800,100
34992203715136,09:43:12.203,82.2200,100
34993765733220,09:43:13.765,82.2200,16
35002159849890,09:43:22.159,82.2400,100
35005717248026,09:43:25.717,82.2400,156
35005717258155,09:43:25.717,82.2400,200
35005717287947,09:43:25.717,82.2400,44
35005717287947,09:43:25.717,82.2400,100
35005717624646,09:43:25.717,82.2500,700
35007710405012,09:43:27.710,82.2700,100
35011040615792,09:43:31.040,82.2500,20
35013907495738,09:43:33.907,82.2500,80
35013907495738,09:43:33.907,82.2500,100
35013907495738,09:43:33.907,82.2500,20
35014740932373,09:43:34.740,82.2900,100
35016277847359,09:43:36.277,82.3000,11
35023769546845,09:43:43.769,82.2400,400
35023769546845,09:43:43.769,82.2400,100
35023769575846,09:43:43.769,82.2400,100
35023769588026,09:43:43.769,82.2400,100
35023962346924,09:43:43.962,82.2500,100
35030392239025,09:43:50.392,82.3100,9
35030392718773,09:43:50.392,82.3200,231
35033226539761,09:43:53.226,82.3900,100
35040051007399,09:44:00.051,82.3900,100
35042705962217,09:44:02.705,82.3600,100
35052814685521,09:44:12.814,82.3700,100
35052815351953,09:44:12.815,82.3500,64
35052815376451,09:44:12.815,82.3500,36
35054435515336,09:44:14.435,82.3400,100
35054436620358,09:44:14.436,82.3600,100
35054436802003,09:44:14.436,82.3800,100
35054436891776,09:44:14.436,82.3800,100
35054437195307,09:44:14.437,82.3800,100
35054437220261,09:44:14.437,82.3800,40
35054437220261,09:44:14.437,82.3800,100
35054437815481,09:44:14.437,82.3600,10
35054437815481,09:44:14.437,82.3500,100
35054438280819,09:44:14.438,82.3400,45
35054438791236,09:44:14.438,82.3400,55
35054487898193,09:44:14.487,82.3300,100
35057000477885,09:44:17.000,82.3200,80
35057000477885,09:44:17.000,82.3200,300
35057000477885,09:44:17.000,82.3200,100
35057000530545,09:44:17.000,82.3100,100
35058001527129,09:44:18.001,82.3200,241
35058001534429,09:44:18.001,82.3200,59
35059435672174,09:44:19.435,82.2600,100
35059435672174,09:44:19.435,82.2600,100
35059437020931,09:44:19.437,82.2600,50
35059437044704,09:44:19.437,82.2600,50
35091109505216,09:44:51.109,82.2200,36
35094367069704,09:44:54.367,82.2500,100
35098059556484,09:44:58.059,82.3000,100
35098059556484,09:44:58.059,82.3000,300
35099582357579,09:44:59.582,82.2500,100
35101425392026,09:45:01.425,82.2200,100
35101425478012,09:45:01.425,82.2200,38
35101425513290,09:45:01.425,82.2200,24
35101425548668,09:45:01.425,82.2200,14
35101425580699,09:45:01.425,82.2200,10
35101425615034,09:45:01.425,82.2200,4
35101425648354,09:45:01.425,82.2200,6
35101425710715,09:45:01.425,82.2200,4
35101426046660,09:45:01.426,82.2200,4
35101426046660,09:45:01.426,82.2100,96
35101426076276,09:45:01.426,82.2100,4
35101426251549,09:45:01.426,82.2300,10
35101426335019,09:45:01.426,82.2100,10
35101431633724,09:45:01.431,82.2100,100
35101431633724,09:45:01.431,82.2100,10
35110229288508,09:45:10.229,82.2400,9
35110229680276,09:45:10.229,82.2400,9
35110229699564,09:45:10.229,82.2400,36
35110229806089,09:45:10.229,82.2400,55
35110229806089,09:45:10.229,82.2400,45
35110229841157,09:45:10.229,82.2400,54
35110229852293,09:45:10.229,82.2400,1
35110231396008,09:45:10.231,82.2100,24
35110231421097,09:45:10.231,82.2100,76
35110231535169,09:45:10.231,82.2000,100
35110231535169,09:45:10.231,82.2000,100
35110231953088,09:45:10.231,82.2000,100
35110231966045,09:45:10.231,82.2000,94
35114182871858,09:45:14.182,82.2000,6
35114182871858,09:45:14.182,82.2000,100
35121062957930,09:45:21.062,82.2000,50
35140346247196,09:45:40.346,82.1700,50
35140346253466,09:45:40.346,82.1700,50
35140346253466,09:45:40.346,82.1700,50
35140347906111,09:45:40.347,82.1600,100
35142438852901,09:45:42.438,82.1500,100
35152129475341,09:45:52.129,82.1900,2
35155851908917,09:45:55.851,82.1400,50
35155851908917,09:45:55.851,82.1300,50
35155851937065,09:45:55.851,82.1300,50
35155851937065,09:45:55.851,82.1300,100
35160023707313,09:46:00.023,82.1300,100
35160023832355,09:46:00.023,82.1300,36
35160023878532,09:46:00.023,82.1300,64
35175194358748,09:46:15.194,82.0800,100
35175194384410,09:46:15.194,82.0800,100
35183220249561,09:46:23.220,82.0200,100
35183220249561,09:46:23.220,82.0100,100
35183220555410,09:46:23.220,82.0100,100
35183221016467,09:46:23.221,82.0000,50
35183225488332,09:46:23.225,82.0000,50
35196306326351,09:46:36.306,82.0000,100
35214476880487,09:46:54.476,81.9400,100
35214476880487,09:46:54.476,81.9400,100
35214478041407,09:46:54.478,81.9300,12
35214478041407,09:46:54.478,81.9300,100
35214718285240,09:46:54.718,81.9200,100
35215500981089,09:46:55.500,81.9400,100
35215500981089,09:46:55.500,81.9400,100
35215500981089,09:46:55.500,81.9400,100
35224053154903,09:47:04.053,81.9300,100
35225120421071,09:47:05.120,81.9100,100
35230075969149,09:47:10.075,81.9600,10
35244044085085,09:47:24.044,81.8900,3
35244044437493,09:47:24.044,81.8800,200
35251708842010,09:47:31.708,81.8300,100
35258138289903,09:47:38.138,81.8100,28
35259761394304,09:47:39.761,81.8000,72
35259761433368,09:47:39.761,81.8000,28
35259761433368,09:47:39.761,81.8000,100
35272167571482,09:47:52.167,81.7700,50
35272167571482,09:47:52.167,81.7600,50
35278005720670,09:47:58.005,81.7600,50
35278005720670,09:47:58.005,81.7600,50
35278005746456,09:47:58.005,81.7600,50
35286866878887,09:48:06.866,81.7100,3
35290539577528,09:48:10.539,81.6800,50
35290539577528,09:48:10.539,81.6700,50
35290539607215,09:48:10.539,81.6700,50
35306894421724,09:48:26.894,81.7200,3
35310114814114,09:48:30.114,81.7000,48
35310114830613,09:48:30.114,81.7000,50
35310114832328,09:48:30.114,81.7000,2
35310114832850,09:48:30.114,81.6900,52
35310114854876,09:48:30.114,81.6900,2
35310114857806,09:48:30.114,81.6900,46
35314859562015,09:48:34.859,81.6500,53
35314859587041,09:48:34.859,81.6500,47
35329186379070,09:48:49.186,81.6600,25
35329186379070,09:48:49.186,81.6600,25
35329186379070,09:48:49.186,81.6600,50
35331528669257,09:48:51.528,81.6300,51
35331528687005,09:48:51.528,81.6300,49
35331528687005,09:48:51.528,81.6300,51
35331528707838,09:48:51.528,81.6300,49
35331528724843,09:48:51.528,81.6200,100
35331529433975,09:48:51.529,81.6000,66
35331529473398,09:48:51.529,81.6000,34
35331532414968,09:48:51.532,81.5900,39
35331532439491,09:48:51.532,81.5900,61
35346676011499,09:49:06.676,81.6700,100
35346733997689,09:49:06.733,81.6700,100
35348720388918,09:49:08.720,81.6800,100
35348720816777,09:49:08.720,81.6900,100
35355917871387,09:49:15.917,81.7100,40
35355917871387,09:49:15.917,81.7200,100
35355917871387,09:49:15.917,81.7200,100
35355918946104,09:49:15.918,81.7000,100
35360172438823,09:49:20.172,81.7100,100
35360172438823,09:49:20.172,81.7100,100
35360189794012,09:49:20.189,81.6900,100
35363986584602,09:49:23.986,81.7200,100
35363987338932,09:49:23.987,81.7300,100
35363987340269,09:49:23.987,81.7400,100
35363988286326,09:49:23.988,81.7500,100
35363988286326,09:49:23.988,81.7500,100
35376983024680,09:49:36.983,81.7400,3
35383956509697,09:49:43.956,81.7000,100
35383957019999,09:49:43.957,81.6900,3
35390370492363,09:49:50.370,81.7500,33
35402727944568,09:50:02.727,81.7500,54
35402727984900,09:50:02.727,81.7500,13
35421492043137,09:50:21.492,81.8800,5
35421492228990,09:50:21.492,81.8800,5
35421492952083,09:50:21.492,81.8800,5
35421492967864,09:50:21.492,81.8800,5
35421493151528,09:50:21.493,81.8800,5
35427840614809,09:50:27.840,81.8600,9
35427896423035,09:50:27.896,81.8600,6
35470253301439,09:51:10.253,81.8550,100
35476629546656,09:51:16.629,81.8500,100
35476636315712,09:51:16.636,81.8400,3
35476636323406,09:51:16.636,81.8400,100
35480024568282,09:51:20.024,81.8400,100
35482259800464,09:51:22.259,81.8200,3
35485519617529,09:51:25.519,81.8000,100
35485520069944,09:51:25.520,81.7900,100
35485523893649,09:51:25.523,81.7600,100
35535915741994,09:52:15.915,81.7000,40
35535916183420,09:52:15.916,81.7000,260
35543986167277,09:52:23.986,81.6600,5
35543986263673,09:52:23.986,81.6600,50
35543986263673,09:52:23.986,81.6500,100
35543986263673,09:52:23.986,81.6500,50
35543986292908,09:52:23.986,81.6500,50
35544226607199,09:52:24.226,81.6100,100
35544226607199,09:52:24.226,81.6000,100
35544226607199,09:52:24.226,81.6000,100
35544226607199,09:52:24.226,81.6000,100
35544227380361,09:52:24.227,81.6000,100
35544252722455,09:52:24.252,81.5900,100
35544273928038,09:52:24.273,81.5800,100
35544308082540,09:52:24.308,81.5600,100
35544308311180,09:52:24.308,81.5500,1
35544328592070,09:52:24.328,81.5500,99
35544328592070,09:52:24.328,81.5500,1
35544350411554,09:52:24.350,81.5300,100
35544350963928,09:52:24.350,81.5600,11
35544352185611,09:52:24.352,81.5200,24
35544352185611,09:52:24.352,81.5200,11
35544352185611,09:52:24.352,81.5200,100
35544353102978,09:52:24.353,81.5500,100
35544369986705,09:52:24.369,81.5200,100
35544369986705,09:52:24.369,81.5200,100
35544369986705,09:52:24.369,81.5200,200
35544388171266,09:52:24.388,81.5100,100
35544388171266,09:52:24.388,81.5100,100
35544408479936,09:52:24.408,81.5300,10
35544409153259,09:52:24.409,81.5600,23
35544409172754,09:52:24.409,81.5600,77
35544409172754,09:52:24.409,81.5600,71
35544409179242,09:52:24.409,81.5600,29
35544426569314,09:52:24.426,81.5400,100
35544454432945,09:52:24.454,81.5400,100
35544501258107,09:52:24.501,81.5300,23
35544524632245,09:52:24.524,81.4900,100
35544524632245,09:52:24.524,81.4900,100
35544524632245,09:52:24.524,81.4900,200
35544524632245,09:52:24.524,81.4900,22
35544524632245,09:52:24.524,81.4900,78
35544572770373,09:52:24.572,81.4800,100
35544572770373,09:52:24.572,81.4800,22
35544572770373,09:52:24.572,81.4800,100
35544572770373,09:52:24.572,81.4800,178
35544572828550,09:52:24.572,81.4800,22
35544572828550,09:52:24.572,81.4800,22
35544573087174,09:52:24.573,81.5000,78
35544573112748,09:52:24.573,81.5000,22
35544573224474,09:52:24.573,81.5000,22
35544573224474,09:52:24.573,81.5000,78
35544592661517,09:52:24.592,81.4800,100
35544595776980,09:52:24.595,81.5100,10
35544630513879,09:52:24.630,81.4800,100
35544630513879,09:52:24.630,81.4700,100
35544646663533,09:52:24.646,81.4700,100
35544831467264,09:52:24.831,81.5300,21
35544831467264,09:52:24.831,81.5300,29
35544831467264,09:52:24.831,81.5400,50
35558809286780,09:52:38.809,81.5600,23
35558809309330,09:52:38.809,81.5600,77
35558809996154,09:52:38.809,81.5800,50
35558809999500,09:52:38.809,81.5800,37
35560019621307,09:52:40.019,81.5800,13
35560019621307,09:52:40.019,81.6000,87
35560086127724,09:52:40.086,81.6000,13
35565597279036,09:52:45.597,81.6100,100
35570390976769,09:52:50.390,81.6400,100
35575570701851,09:52:55.570,81.6700,100
35589432560834,09:53:09.432,81.6900,100
35595294146158,09:53:15.294,81.6600,3
35595294411750,09:53:15.294,81.6500,97
35595294641005,09:53:15.294,81.6500,3
35595294641005,09:53:15.294,81.6500,177
35595294641005,09:53:15.294,81.6500,24
35595294646442,09:53:15.294,81.6500,3
35595294648221,09:53:15.294,81.6500,73
35595295471964,09:53:15.295,81.6500,78
35595295471964,09:53:15.295,81.6600,22
35600169418436,09:53:20.169,81.6900,100
35614889654683,09:53:34.889,81.6500,59
35621043100639,09:53:41.043,81.6700,100
35633565365966,09:53:53.565,81.7000,5
35633565382053,09:53:53.565,81.7000,95
35634153899752,09:53:54.153,81.7200,100
35638440937835,09:53:58.440,81.6900,100
35641823515811,09:54:01.823,81.7300,19
35645810055369,09:54:05.810,81.6900,3
35645810055369,09:54:05.810,81.6900,100
35645810055369,09:54:05.810,81.6900,50
35645810055369,09:54:05.810,81.6900,50
35645810169818,09:54:05.810,81.7100,100
35649880531775,09:54:09.880,81.7500,100
35649880804561,09:54:09.880,81.7700,100
35649881776445,09:54:09.881,81.7700,100
35649881776445,09:54:09.881,81.7500,100
35670008836329,09:54:30.008,81.7100,3
35670015502966,09:54:30.015,81.7100,1
35670015616677,09:54:30.015,81.7100,2
35670015709038,09:54:30.015,81.7100,1
35670015951923,09:54:30.015,81.7100,1
35670016120099,09:54:30.016,81.7100,1
35670016230373,09:54:30.016,81.7100,1
35670016335826,09:54:30.016,81.7100,3
35670016529269,09:54:30.016,81.7100,2
35670016630519,09:54:30.016,81.7100,1
35670016748554,09:54:30.016,81.7100,1
35670016863541,09:54:30.016,81.7100,1
35670017274954,09:54:30.017,81.7100,3
35670593785360,09:54:30.593,81.7300,50
35670593785360,09:54:30.593,81.7300,50
35670594309369,09:54:30.594,81.7300,50
35670594309369,09:54:30.594,81.7300,100
35671181498505,09:54:31.181,81.7300,100
35676400989980,09:54:36.400,81.7100,100
35678056004280,09:54:38.056,81.7400,100
35709400732199,09:55:09.400,81.7450,100
35709846071624,09:55:09.846,81.7700,100
35717443855788,09:55:17.443,81.7400,3
35719019291027,09:55:19.019,81.7100,3
35719019291027,09:55:19.019,81.7100,97
35719019298318,09:55:19.019,81.7100,3
35719019344953,09:55:19.019,81.7000,21
35719019985675,09:55:19.019,81.7000,219
35719645597262,09:55:19.645,81.6700,47
35719645597262,09:55:19.645,81.6700,50
35719645597262,09:55:19.645,81.6800,3
35735064575339,09:55:35.064,81.5700,9
35736610017591,09:55:36.610,81.5800,100
35736610017591,09:55:36.610,81.5700,91
35736610017591,09:55:36.610,81.5700,100
35737224581297,09:55:37.224,81.5900,100
35740198974822,09:55:40.198,81.6400,100
35745724776516,09:55:45.724,81.5700,100
35754133275466,09:55:54.133,81.5900,100
35758035023593,09:55:58.035,81.5550,100
35758543011663,09:55:58.543,81.5550,400
35758544664619,09:55:58.544,81.5200,50
35758544664619,09:55:58.544,81.5100,234
35758547069852,09:55:58.547,81.5000,100
35777524043201,09:56:17.524,81.4800,10
35779459275596,09:56:19.459,81.4200,100
35779459752999,09:56:19.459,81.4400,100
35781439172084,09:56:21.439,81.4600,5
35781439284453,09:56:21.439,81.4600,95
35781439284453,09:56:21.439,81.4600,21
35781439313303,09:56:21.439,81.4600,50
35781439323314,09:56:21.439,81.4600,29
35781440542118,09:56:21.440,81.4600,100
35811081120893,09:56:51.081,81.4800,100
35811081120893,09:56:51.081,81.4800,100
35811081184918,09:56:51.081,81.4900,17
35811081658835,09:56:51.081,81.4900,83
35817502802967,09:56:57.502,81.4800,3
35836096162231,09:57:16.096,81.4200,2
35847229673287,09:57:27.229,81.5000,100
35847229714780,09:57:27.229,81.5000,45
35847229828192,09:57:27.229,81.5000,55
35847230664868,09:57:27.230,81.5400,6
35851440664110,09:57:31.440,81.5000,3
35863989594586,09:57:43.989,81.4600,25
35897698375251,09:58:17.698,81.4000,100
35897698798163,09:58:17.698,81.4100,100
35897699196535,09:58:17.699,81.3700,5
35906393049394,09:58:26.393,81.3300,100
35906413492586,09:58:26.413,81.3300,80
35906413492586,09:58:26.413,81.3300,23
35910361437958,09:58:30.361,81.3200,10
35910361445523,09:58:30.361,81.3200,50
35910361520362,09:58:30.361,81.3200,40
35910361520362,09:58:30.361,81.3200,3
35912529396243,09:58:32.529,81.2800,100
35912617203747,09:58:32.617,81.3200,50
35912617203747,09:58:32.617,81.3200,50
35912617203747,09:58:32.617,81.3300,30
35912617203747,09:58:32.617,81.3300,70
35923501121227,09:58:43.501,81.2950,25
35923501121227,09:58:43.501,81.2950,25
35931445211940,09:58:51.445,81.2700,50
35931445236285,09:58:51.445,81.2700,50
35931445236285,09:58:51.445,81.2700,100
35932090055563,09:58:52.090,81.2700,50
35932090055563,09:58:52.090,81.2800,50
35932090500639,09:58:52.090,81.2800,2
35932090563691,09:58:52.090,81.2800,48
35960507304893,09:59:20.507,81.3400,100
35960507304893,09:59:20.507,81.3400,100
35961214195734,09:59:21.214,81.3600,100
35997603829281,09:59:57.603,81.3700,96
35997603864435,09:59:57.603,81.3700,4
36003556704258,10:00:03.556,81.3600,60
36003556905168,10:00:03.556,81.3600,81
36010858105246,10:00:10.858,81.3400,4
36010858336359,10:00:10.858,81.3400,96
36010858880930,10:00:10.858,81.3300,20
36010858909549,10:00:10.858,81.3300,80
36010861261144,10:00:10.861,81.3100,4
36010881163103,10:00:10.881,81.2800,100
36010918799487,10:00:10.918,81.3100,50
36011132111680,10:00:11.132,81.2400,100
36011134758673,10:00:11.134,81.2400,50
36011134803077,10:00:11.134,81.2500,50
36011135568371,10:00:11.135,81.2500,100
36015932487736,10:00:15.932,81.2200,1
36044310211083,10:00:44.310,81.3000,100
36044730271369,10:00:44.730,81.3100,100
36045181044139,10:00:45.181,81.3400,100
36045186282052,10:00:45.186,81.3600,4
36066419610196,10:01:06.419,81.3800,100
36075610260816,10:01:15.610,81.3900,50
36075610260816,10:01:15.610,81.4000,2
36086813642066,10:01:26.813,81.3300,100
36086813642066,10:01:26.813,81.3300,100
36086813660194,10:01:26.813,81.3100,100
36086813674273,10:01:26.813,81.3000,100
36087513379102,10:01:27.513,81.2700,100
36112502373890,10:01:52.502,81.2900,70
36113456704488,10:01:53.456,81.2900,100
36125259302355,10:02:05.259,81.3000,100
36137373438767,10:02:17.373,81.3500,100
36159877778609,10:02:39.877,81.3100,3
36159878343048,10:02:39.878,81.3000,7
36159878634336,10:02:39.878,81.3000,7
36159878681970,10:02:39.878,81.3000,93
36166692489865,10:02:46.692,81.2900,50
36166692489865,10:02:46.692,81.2900,50
36166695940378,10:02:46.695,81.2900,50
36166695940378,10:02:46.695,81.2700,50
36166701694263,10:02:46.701,81.2700,5
36166702619146,10:02:46.702,81.2700,45
36166712687038,10:02:46.712,81.2500,5
36166713059475,10:02:46.713,81.2500,5
36166718380826,10:02:46.718,81.2500,5
36172111071760,10:02:52.111,81.2900,100
36172111109379,10:02:52.111,81.2900,100
36176151317648,10:02:56.151,81.3300,26
36176449345028,10:02:56.449,81.3300,28
36189330816610,10:03:09.330,81.2800,87
36189330845425,10:03:09.330,81.2800,13
36189331453614,10:03:09.331,81.2900,100
36189331456984,10:03:09.331,81.2900,52
36189331480572,10:03:09.331,81.2900,48
36189331973466,10:03:09.331,81.2900,9
36189331973466,10:03:09.331,81.2900,39
36189331973466,10:03:09.331,81.2900,50
36189331973466,10:03:09.331,81.3000,2
36189348240798,10:03:09.348,81.2800,100
36189382281765,10:03:09.382,81.2800,2
36215375116561,10:03:35.375,81.2800,100
36226255108179,10:03:46.255,81.2900,100
36230283260459,10:03:50.283,81.2900,100
36237133179353,10:03:57.133,81.3100,66
36237133220569,10:03:57.133,81.3100,20
36237135208194,10:03:57.135,81.3200,100
36237135435888,10:03:57.135,81.3200,100
36237708323164,10:03:57.708,81.3200,80
36237724264832,10:03:57.724,81.3100,33
36238857301708,10:03:58.857,81.3300,100
36241326914659,10:04:01.326,81.3500,100
36243343445952,10:04:03.343,81.3600,100
36243370684223,10:04:03.370,81.3600,67
36248297195672,10:04:08.297,81.3600,33
36249568114002,10:04:09.568,81.3700,50
36249568114002,10:04:09.568,81.3700,40
36249568114002,10:04:09.568,81.3700,40
36249568114002,10:04:09.568,81.3700,8
36266974882365,10:04:26.974,81.3300,100
36266974882365,10:04:26.974,81.3300,200
36266974882365,10:04:26.974,81.3300,2
36266981535213,10:04:26.981,81.3300,16
36296727840765,10:04:56.727,81.2900,50
36300816064673,10:05:00.816,81.2500,2
36302349866031,10:05:02.349,81.2800,100
36304572003577,10:05:04.572,81.2900,100
36311583652610,10:05:11.583,81.2900,36
36312566786887,10:05:12.566,81.2600,6
36312573957993,10:05:12.573,81.2500,100
36312574317569,10:05:12.574,81.2400,10
36312576933643,10:05:12.576,81.2400,90
36337917308417,10:05:37.917,81.2900,98
36337917345315,10:05:37.917,81.2900,2
36337918204378,10:05:37.918,81.3100,2
36337918903914,10:05:37.918,81.3100,3
36338526664408,10:05:38.526,81.3000,100
36338528391635,10:05:38.528,81.3200,100
36338530329147,10:05:38.530,81.3300,100
36349646723565,10:05:49.646,81.2700,41
36388567377423,10:06:28.567,81.3050,1
36390612191739,10:06:30.612,81.3400,100
36391026454064,10:06:31.026,81.3400,600
36391026485250,10:06:31.026,81.3400,100
36391026511979,10:06:31.026,81.3400,100
36391026917616,10:06:31.026,81.3400,100
36391028195878,10:06:31.028,81.3400,100
36391455741654,10:06:31.455,81.3500,50
36391455741654,10:06:31.455,81.3500,50
36391455865524,10:06:31.455,81.3400,100
36391602335255,10:06:31.602,81.3500,44
36391602335255,10:06:31.602,81.3500,50
36391602335255,10:06:31.602,81.3500,6
36396632979713,10:06:36.632,81.3800,100
36396640715941,10:06:36.640,81.3800,50
36396640715941,10:06:36.640,81.3800,50
36408716356588,10:06:48.716,81.3400,3
36408716357306,10:06:48.716,81.3400,2
36408716360094,10:06:48.716,81.3400,1
36408716425667,10:06:48.716,81.3400,394
36408716425667,10:06:48.716,81.3400,2
36408716702734,10:06:48.716,81.3400,500
36408717323048,10:06:48.717,81.3400,100
36422766915724,10:07:02.766,81.3400,49
36428926371905,10:07:08.926,81.3600,100
36429403914284,10:07:09.403,81.3700,100
36429905289385,10:07:09.905,81.3800,100
36429905740570,10:07:09.905,81.3600,100
36433007350640,10:07:13.007,81.3700,100
36434001525105,10:07:14.001,81.3900,100
36434002036124,10:07:14.002,81.4000,48
36434002093315,10:07:14.002,81.4000,17
36434002120521,10:07:14.002,81.4000,35
36434002120521,10:07:14.002,81.4000,2
36434483765028,10:07:14.483,81.4000,98
36434989206403,10:07:14.989,81.4100,100
36436489424556,10:07:16.489,81.4300,100
36436489424556,10:07:16.489,81.4300,100
36438019153967,10:07:18.019,81.3700,50
36439120983707,10:07:19.120,81.3800,100
36441074125723,10:07:21.074,81.3900,100
36447624494342,10:07:27.624,81.4400,100
36448118497744,10:07:28.118,81.4500,100
36448709086668,10:07:28.709,81.4500,100
36448709086668,10:07:28.709,81.4500,100
36450630957082,10:07:30.630,81.4700,100
36452164420355,10:07:32.164,81.4800,100
36452659167093,10:07:32.659,81.4100,2
36452659645504,10:07:32.659,81.4000,1
36452694453197,10:07:32.694,81.4000,99
36452746623151,10:07:32.746,81.3700,2
36452746625666,10:07:32.746,81.3700,2
36453213778969,10:07:33.213,81.4200,100
36453213778969,10:07:33.213,81.4200,88
36453302935101,10:07:33.302,81.4200,12
36456686852784,10:07:36.686,81.4600,100
36457623231600,10:07:37.623,81.4600,100
36457623340746,10:07:37.623,81.4400,100
36457623721941,10:07:37.623,81.4400,100
36457630946790,10:07:37.630,81.4100,100
36457630946790,10:07:37.630,81.4100,100
36457675248513,10:07:37.675,81.4100,100
36457719845626,10:07:37.719,81.4100,44
36457719865276,10:07:37.719,81.4100,2
36457772949637,10:07:37.772,81.3900,100
36457773347332,10:07:37.773,81.4000,10
36457773536904,10:07:37.773,81.3900,10
36457773536904,10:07:37.773,81.3900,100
36457773585609,10:07:37.773,81.3900,10
36458133624387,10:07:38.133,81.4100,154
36460635684353,10:07:40.635,81.4400,100
36462713132651,10:07:42.713,81.4500,100
36463238487383,10:07:43.238,81.4500,100
36463863377418,10:07:43.863,81.4500,100
36464176915005,10:07:44.176,81.4500,100
36472475428390,10:07:52.475,81.4500,100
36472832287989,10:07:52.832,81.4300,100
36472832287989,10:07:52.832,81.4200,100
36472837134633,10:07:52.837,81.4500,100
36472837187977,10:07:52.837,81.4500,100
36472837191479,10:07:52.837,81.4500,54
36472837242062,10:07:52.837,81.4500,46
36472837298955,10:07:52.837,81.4500,100
36472837418167,10:07:52.837,81.4500,100
36489442141131,10:08:09.442,81.4150,3
36489442141131,10:08:09.442,81.4150,1
36489442141131,10:08:09.442,81.4150,1
36489442141131,10:08:09.442,81.4150,1
36489442141131,10:08:09.442,81.4150,1
36489442141131,10:08:09.442,81.4150,1
36489442141131,10:08:09.442,81.4150,1
36489442141131,10:08:09.442,81.4150,1
36489523273487,10:08:09.523,81.4150,2
36489523273487,10:08:09.523,81.4150,1
36489523273487,10:08:09.523,81.4150,1
36489523273487,10:08:09.523,81.4150,1
36489523273487,10:08:09.523,81.4150,1
36489523273487,10:08:09.523,81.4150,1
36489523273487,10:08:09.523,81.4150,1
36490500960338,10:08:10.500,81.4150,1
36490500960338,10:08:10.500,81.4150,1
36490500960338,10:08:10.500,81.4150,1
36522710111502,10:08:42.710,81.4500,40
36522710208651,10:08:42.710,81.4500,60
36522710208651,10:08:42.710,81.4500,100
36522710208651,10:08:42.710,81.4500,100
36522710218842,10:08:42.710,81.4500,40
36522710234775,10:08:42.710,81.4500,50
36522710250588,10:08:42.710,81.4500,10
36536343881679,10:08:56.343,81.4900,100
36536344315262,10:08:56.344,81.4900,100
36540016548015,10:09:00.016,81.5200,100
36540016950733,10:09:00.016,81.5300,60
36551749305511,10:09:11.749,81.4900,40
36551749305511,10:09:11.749,81.4900,50
36551749305511,10:09:11.749,81.4900,50
36551749305511,10:09:11.749,81.4900,50
36551749305511,10:09:11.749,81.4800,100
36551749305511,10:09:11.749,81.4800,10
36552868680254,10:09:12.868,81.4900,100
36552870451736,10:09:12.870,81.4800,100
36552870457326,10:09:12.870,81.4800,90
36571009264964,10:09:31.009,81.4800,50
36571009264964,10:09:31.009,81.4800,25
36571009264964,10:09:31.009,81.4800,25
36571009272183,10:09:31.009,81.4800,25
36571009272183,10:09:31.009,81.4800,25
36577930705345,10:09:37.930,81.4700,50
36577930705345,10:09:37.930,81.4700,50
36577930876524,10:09:37.930,81.4600,100
36577931266322,10:09:37.931,81.4800,10
36579845363193,10:09:39.845,81.5000,5
36579846627751,10:09:39.846,81.5000,95
36579846627751,10:09:39.846,81.5000,63
36579846638338,10:09:39.846,81.5000,100
36579846641529,10:09:39.846,81.5000,37
36579852538826,10:09:39.852,81.5100,5
36583080181542,10:09:43.080,81.4900,100
36583080233562,10:09:43.080,81.4900,20
36583082071010,10:09:43.082,81.4800,100
36595848473947,10:09:55.848,81.4700,200
36595850528349,10:09:55.850,81.4600,100
36608451186946,10:10:08.451,81.4500,78
36608451517728,10:10:08.451,81.4500,22
36608451517728,10:10:08.451,81.4500,1
36623984549821,10:10:23.984,81.4200,100
36625079106065,10:10:25.079,81.4100,15
36631062841755,10:10:31.062,81.4100,185
36631063961110,10:10:31.063,81.4000,46
36631064135503,10:10:31.064,81.4000,254
36641419996054,10:10:41.419,81.3900,100
36651759490407,10:10:51.759,81.4100,100
36651759490407,10:10:51.759,81.4100,5
36651759692891,10:10:51.759,81.4100,95
36661392474913,10:11:01.392,81.3900,200
36665574440720,10:11:05.574,81.3600,100
36665590074247,10:11:05.590,81.3700,100
36665776070465,10:11:05.776,81.3800,100
36665776071797,10:11:05.776,81.3900,50
36665776073273,10:11:05.776,81.3900,50
36665777282504,10:11:05.777,81.4000,50
36665777353373,10:11:05.777,81.4000,50
36665777353373,10:11:05.777,81.4000,5
36666092889242,10:11:06.092,81.4100,5
36666092950129,10:11:06.092,81.4100,5
36666093907328,10:11:06.093,81.4100,5
36666094769332,10:11:06.094,81.4100,85
36666094769332,10:11:06.094,81.4100,15
36667486828836,10:11:07.486,81.4100,85
36685395351804,10:11:25.395,81.3900,82
36685395368984,10:11:25.395,81.3900,18
36689902904629,10:11:29.902,81.3700,100
36691247473828,10:11:31.247,81.4000,5
36691248697622,10:11:31.248,81.4000,5
36691249030809,10:11:31.249,81.4000,15
36691249030809,10:11:31.249,81.4000,3
36691249030809,10:11:31.249,81.4000,100
36691251678324,10:11:31.251,81.4200,5
36691385325212,10:11:31.385,81.4000,3
36691440291845,10:11:31.440,81.4100,50
36691651658583,10:11:31.651,81.4200,95
36692305276449,10:11:32.305,81.4200,100
36705464470253,10:11:45.464,81.4000,100
36707268965691,10:11:47.268,81.4300,31
36707268965691,10:11:47.268,81.4300,24
36708691067024,10:11:48.691,81.4400,1
36708691517871,10:11:48.691,81.4400,10
36708691555151,10:11:48.691,81.4400,89
36715085622780,10:11:55.085,81.4100,50
36715085622780,10:11:55.085,81.4100,50
36717033329217,10:11:57.033,81.4000,100
36717446357485,10:11:57.446,81.4000,100
36726333531126,10:12:06.333,81.4500,90
36726333570117,10:12:06.333,81.4500,10
36726885490500,10:12:06.885,81.4200,100
36742822566966,10:12:22.822,81.4200,5
36759209548270,10:12:39.209,81.4500,20
36760451107818,10:12:40.451,81.4700,100
36762329323570,10:12:42.329,81.4500,100
36762330035454,10:12:42.330,81.4400,2
36778426341980,10:12:58.426,81.4200,70
36778426348383,10:12:58.426,81.4200,30
36778433257371,10:12:58.433,81.4050,100
36780810934504,10:13:00.810,81.4300,40
36780810972728,10:13:00.810,81.4300,60
36780810972728,10:13:00.810,81.4300,100
36781353913262,10:13:01.353,81.4300,30
36798561597782,10:13:18.561,81.4100,2
36798561782548,10:13:18.561,81.4100,70
36798561883337,10:13:18.561,81.4100,2
36798561908088,10:13:18.561,81.4100,26
36804794494409,10:13:24.794,81.4000,200
36807525047308,10:13:27.525,81.4400,5
36807530904977,10:13:27.530,81.4400,95
36807530904977,10:13:27.530,81.4400,100
36817307600235,10:13:37.307,81.4100,16
36817309454304,10:13:37.309,81.4000,200
36825219441788,10:13:45.219,81.4100,100
36847052969616,10:14:07.052,81.4000,2
36847053705227,10:14:07.053,81.4000,2
36848246755265,10:14:08.246,81.4000,100
36865328934893,10:14:25.328,81.4000,96
36865328934893,10:14:25.328,81.4000,2
36865626544782,10:14:25.626,81.4300,100
36865626614410,10:14:25.626,81.4300,100
36865626857354,10:14:25.626,81.4400,100
36865833266749,10:14:25.833,81.4500,100
36865833334923,10:14:25.833,81.4500,100
36865835096589,10:14:25.835,81.4500,100
36867589944591,10:14:27.589,81.4700,100
36867591989978,10:14:27.591,81.4700,100
36867595048144,10:14:27.595,81.4800,100
36867596116532,10:14:27.596,81.4900,100
36867596532811,10:14:27.596,81.4900,100
36869073361153,10:14:29.073,81.4400,21
36870803826381,10:14:30.803,81.4400,100
36871860149168,10:14:31.860,81.4800,50
36902647252920,10:15:02.647,81.4500,200
36910015844998,10:15:10.015,81.4700,100
36911310136207,10:15:11.310,81.4700,100
36919956228624,10:15:19.956,81.4700,100
36927514789196,10:15:27.514,81.4700,100
36930953140830,10:15:30.953,81.4500,100
36930953171994,10:15:30.953,81.4500,100
36930953171994,10:15:30.953,81.4500,100
36936304311746,10:15:36.304,81.4700,100
36941188756301,10:15:41.188,81.4600,100
36946204497398,10:15:46.204,81.5000,100
36946204497398,10:15:46.204,81.5000,100
36946204693223,10:15:46.204,81.5000,100
36946517132877,10:15:46.517,81.5100,5
36951504335582,10:15:51.504,81.4900,100
36952709433690,10:15:52.709,81.5100,100
36952709436290,10:15:52.709,81.5100,100
36952709464209,10:15:52.709,81.5200,100
36952709616682,10:15:52.709,81.5300,100
36952709616682,10:15:52.709,81.5400,100
36952709616682,10:15:52.709,81.5400,100
36952710047824,10:15:52.710,81.5400,63
36952710607234,10:15:52.710,81.5450,100
36952711560142,10:15:52.711,81.5400,37
36952711560142,10:15:52.711,81.5500,63
36952711810929,10:15:52.711,81.5500,37
36952711810929,10:15:52.711,81.5500,63
36952712049437,10:15:52.712,81.5500,37
36952713496537,10:15:52.713,81.5500,10
36952713496537,10:15:52.713,81.5500,37
36952713496537,10:15:52.713,81.5500,44
36952713612952,10:15:52.713,81.5500,4
36959813843491,10:15:59.813,81.5200,50
36965555822513,10:16:05.555,81.5500,15
36965555822513,10:16:05.555,81.5500,1
36965558086357,10:16:05.558,81.5500,20
36982592642352,10:16:22.592,81.5500,15
36983472117635,10:16:23.472,81.5100,100
36983472449726,10:16:23.472,81.5100,100
36988491880690,10:16:28.491,81.5200,100
36991043062873,10:16:31.043,81.5200,100
36991043092399,10:16:31.043,81.5200,100
36991390990077,10:16:31.390,81.5200,100
36991390990077,10:16:31.390,81.5200,24
36991391027948,10:16:31.391,81.5200,76
36991391800852,10:16:31.391,81.5300,100
36995968279487,10:16:35.968,81.5300,100
36996533206339,10:16:36.533,81.5200,9
36996533606428,10:16:36.533,81.5200,91
36996534200582,10:16:36.534,81.5100,50
36996534407459,10:16:36.534,81.5100,50
36996534407459,10:16:36.534,81.5100,50
36996534419065,10:16:36.534,81.5100,50
36996534419065,10:16:36.534,81.5100,50
36996534459354,10:16:36.534,81.5100,50
36996546490103,10:16:36.546,81.5200,31
37004343132668,10:16:44.343,81.4900,200
37008616571768,10:16:48.616,81.4900,100
37014903763601,10:16:54.903,81.4900,100
37014905112760,10:16:54.905,81.4800,100
37016478969116,10:16:56.478,81.5000,20
37016575401634,10:16:56.575,81.5100,31
37016980620229,10:16:56.980,81.5100,100
37017105225002,10:16:57.105,81.5100,38
37017105265582,10:16:57.105,81.5100,62
37017879903157,10:16:57.879,81.5000,100
37021045482885,10:17:01.045,81.4900,70
37032198884766,10:17:12.198,81.4700,100
37032199113118,10:17:12.199,81.4700,100
37032206655347,10:17:12.206,81.4600,200
37032806454918,10:17:12.806,81.4500,100
37035590021924,10:17:15.590,81.4200,100
37035591015234,10:17:15.591,81.4200,6
37035591052337,10:17:15.591,81.4200,94
37053696329015,10:17:33.696,81.4000,100
37053920397478,10:17:33.920,81.4400,100
37053920460116,10:17:33.920,81.4400,100
37053920490716,10:17:33.920,81.4400,100
37068177550562,10:17:48.177,81.3900,100
37091008676136,10:18:11.008,81.3500,15
37091008676136,10:18:11.008,81.3500,100
37091887097295,10:18:11.887,81.3700,40
37091887111339,10:18:11.887,81.3700,60
37091888509620,10:18:11.888,81.3800,100
37099733322905,10:18:19.733,81.3900,100
37099799129304,10:18:19.799,81.3900,90
37099799129304,10:18:19.799,81.3900,100
37117915815163,10:18:37.915,81.3600,50
37117915815163,10:18:37.915,81.3500,50
37119078997993,10:18:39.078,81.3800,78
37119079014423,10:18:39.079,81.3800,22
37119079014423,10:18:39.079,81.3800,118
37119079041414,10:18:39.079,81.3800,82
37119625584573,10:18:39.625,81.3900,100
37134269092713,10:18:54.269,81.3600,100
37134830532410,10:18:54.830,81.3600,100
37142410463542,10:19:02.410,81.3800,12
37144900993830,10:19:04.900,81.3500,200
37149564037679,10:19:09.564,81.3700,100
37149594435353,10:19:09.594,81.3700,100
37155979954390,10:19:15.979,81.3400,100
37155979954390,10:19:15.979,81.3400,200
37155984641654,10:19:15.984,81.3300,100
37155984648164,10:19:15.984,81.3100,100
37162395643963,10:19:22.395,81.3300,50
37162395652377,10:19:22.395,81.3300,50
37162395687412,10:19:22.395,81.3300,100
37162395903078,10:19:22.395,81.3300,148
37162395932091,10:19:22.395,81.3300,52
37162396454255,10:19:22.396,81.3300,100
37162412291643,10:19:22.412,81.3300,100
37162414605881,10:19:22.414,81.3400,100
37162414605881,10:19:22.414,81.3400,100
37165520895850,10:19:25.520,81.3500,100
37165549685249,10:19:25.549,81.3500,100
37165549685249,10:19:25.549,81.3500,6
37165554752290,10:19:25.554,81.3500,1
37174935620555,10:19:34.935,81.3500,100
37174935620555,10:19:34.935,81.3500,82
37174935637759,10:19:34.935,81.3500,18
37174935637759,10:19:34.935,81.3500,1
37175485799946,10:19:35.485,81.3600,47
37197557057392,10:19:57.557,81.3700,100
37208008066315,10:20:08.008,81.3800,10
37208824195604,10:20:08.824,81.3600,100
37215368429141,10:20:15.368,81.3500,170
37215368779264,10:20:15.368,81.3500,30
37215368779264,10:20:15.368,81.3500,1
37220049920389,10:20:20.049,81.3700,100
37220049920389,10:20:20.049,81.3700,7
37220138917055,10:20:20.138,81.3800,100
37220320638157,10:20:20.320,81.3800,96
37224725481942,10:20:24.725,81.4100,100
37228696286095,10:20:28.696,81.4100,3
37229820233251,10:20:29.820,81.4200,4
37229820233251,10:20:29.820,81.4300,96
37229820464996,10:20:29.820,81.4300,4
37229820464996,10:20:29.820,81.4300,66
37229820490782,10:20:29.820,81.4300,34
37229820546288,10:20:29.820,81.4300,100
37229820948248,10:20:29.820,81.4300,100
37229825982900,10:20:29.825,81.4300,20
37229825982900,10:20:29.825,81.4350,96
37229825982900,10:20:29.825,81.4400,100
37229825982900,10:20:29.825,81.4400,84
37229826013082,10:20:29.826,81.4400,16
37229826013082,10:20:29.826,81.4400,100
37241072475580,10:20:41.072,81.4200,100
37241072475580,10:20:41.072,81.4200,200
37260046280435,10:21:00.046,81.4400,100
37270915387809,10:21:10.915,81.4700,50
37270915387809,10:21:10.915,81.4700,14
37270915387809,10:21:10.915,81.4700,40
37273001333957,10:21:13.001,81.4200,100
37277402194663,10:21:17.402,81.4100,100
37277403492202,10:21:17.403,81.4100,100
37277403903340,10:21:17.403,81.4200,10
37277453426263,10:21:17.453,81.4100,10
37277453426263,10:21:17.453,81.4100,90
37315164216925,10:21:55.164,81.4200,69
37315366363765,10:21:55.366,81.4200,31
37315366733749,10:21:55.366,81.4300,100
37315449545764,10:21:55.449,81.4400,100
37315449545764,10:21:55.449,81.4400,100
37315449545764,10:21:55.449,81.4400,86
37318173080755,10:21:58.173,81.4200,100
37324180747349,10:22:04.180,81.4600,100
37324180747349,10:22:04.180,81.4600,200
37334883079217,10:22:14.883,81.4600,5
37334884962090,10:22:14.884,81.4600,5
37336196278681,10:22:16.196,81.4500,1
37337047144971,10:22:17.047,81.4700,10
37354032142198,10:22:34.032,81.5200,50
37355479610530,10:22:35.479,81.4900,100
37357479218748,10:22:37.479,81.4900,100
37357502729846,10:22:37.502,81.4900,100
37357502754667,10:22:37.502,81.4900,72
37357502802574,10:22:37.502,81.4900,28
37362175191673,10:22:42.175,81.4400,1
37362175431956,10:22:42.175,81.4400,1
37362179310511,10:22:42.179,81.4400,1
37362179311067,10:22:42.179,81.4400,1
37362188510458,10:22:42.188,81.4400,96
37362188510458,10:22:42.188,81.4300,4
37367712621212,10:22:47.712,81.4300,100
37374003844147,10:22:54.003,81.4400,100
37374003844147,10:22:54.003,81.4400,14
37380179614472,10:23:00.179,81.4300,100
37380180985319,10:23:00.180,81.4100,100
37386330296383,10:23:06.330,81.4000,100
37386330296383,10:23:06.330,81.4000,100
37386330296383,10:23:06.330,81.4000,100
37386333206664,10:23:06.333,81.3900,100
37386333206664,10:23:06.333,81.3900,10
37386348240346,10:23:06.348,81.3800,100
37386439033404,10:23:06.439,81.3700,100
37386444077300,10:23:06.444,81.3600,100
37386444077300,10:23:06.444,81.3600,100
37386444077300,10:23:06.444,81.3600,100
37386444077300,10:23:06.444,81.3600,100
37386444077300,10:23:06.444,81.3600,100
37389529057612,10:23:09.529,81.3700,100
37389529057612,10:23:09.529,81.3700,58
37389553690722,10:23:09.553,81.3800,100
37393599801742,10:23:13.599,81.4000,100
37393600707844,10:23:13.600,81.4100,100
37393600707844,10:23:13.600,81.4200,100
37393601422047,10:23:13.601,81.4200,100
37393601476335,10:23:13.601,81.4200,100
37393601681190,10:23:13.601,81.4200,100
37393773093685,10:23:13.773,81.4200,100
37393773439177,10:23:13.773,81.4200,100
37393773776657,10:23:13.773,81.4200,100
37393773790750,10:23:13.773,81.4200,59
37393773951906,10:23:13.773,81.4200,200
37393774161621,10:23:13.774,81.4200,100
37393774181513,10:23:13.774,81.4200,100
37393774235121,10:23:13.774,81.4200,100
37393787341841,10:23:13.787,81.4200,100
37393787341841,10:23:13.787,81.4200,300
37394218607647,10:23:14.218,81.4200,100
37396197151351,10:23:16.197,81.4200,100
37396197256426,10:23:16.197,81.4200,100
37396197321670,10:23:16.197,81.4200,100
37396197321670,10:23:16.197,81.4200,100
37396197321670,10:23:16.197,81.4200,100
37396197849359,10:23:16.197,81.4200,100
37397310715849,10:23:17.310,81.4200,100
37397310902491,10:23:17.310,81.4200,100
37397311060803,10:23:17.311,81.4200,100
37400253265778,10:23:20.253,81.4300,100
37400253265778,10:23:20.253,81.4300,100
37403711481066,10:23:23.711,81.4200,100
37403711481066,10:23:23.711,81.4200,100
37403711654189,10:23:23.711,81.4200,100
37403775097600,10:23:23.775,81.4300,50
37403775133897,10:23:23.775,81.4300,50
37403775133897,10:23:23.775,81.4300,100
37403775334208,10:23:23.775,81.4300,100
37403775532275,10:23:23.775,81.4300,25
37403775598285,10:23:23.775,81.4300,75
37403775705672,10:23:23.775,81.4300,25
37411166080715,10:23:31.166,81.4200,100
37411166091879,10:23:31.166,81.4200,100
37411166107800,10:23:31.166,81.4200,100
37411166231375,10:23:31.166,81.4200,25
37411166340739,10:23:31.166,81.4200,50
37411166466781,10:23:31.166,81.4200,50
37411166624010,10:23:31.166,81.4100,50
37411166649602,10:23:31.166,81.4200,100
37411166649602,10:23:31.166,81.4200,100
37411166843532,10:23:31.166,81.4200,50
37411166891258,10:23:31.166,81.4200,50
37411166940808,10:23:31.166,81.4200,50
37411167511778,10:23:31.167,81.4200,50
37411167511778,10:23:31.167,81.4200,100
37411176181879,10:23:31.176,81.4200,100
37411176181879,10:23:31.176,81.4200,1800
37411189260651,10:23:31.189,81.4200,100
37411189260651,10:23:31.189,81.4200,100
37411189260651,10:23:31.189,81.4200,100
37411189260651,10:23:31.189,81.4200,500
37411189351640,10:23:31.189,81.4200,100
37411189351640,10:23:31.189,81.4200,100
37411189587330,10:23:31.189,81.4200,100
37411226356143,10:23:31.226,81.4200,100
37411226356143,10:23:31.226,81.4200,100
37412177577299,10:23:32.177,81.4200,100
37412177577299,10:23:32.177,81.4200,100
37412178745353,10:23:32.178,81.4200,100
37412178816145,10:23:32.178,81.4200,100
37412525432333,10:23:32.525,81.4300,70
37412525482751,10:23:32.525,81.4300,30
37412525482751,10:23:32.525,81.4300,100
37412525482751,10:23:32.525,81.4300,100
37412525507401,10:23:32.525,81.4300,70
37412525512642,10:23:32.525,81.4300,30
37415033726159,10:23:35.033,81.4200,100
37415216651825,10:23:35.216,81.4300,30
37415216689674,10:23:35.216,81.4300,70
37415216689674,10:23:35.216,81.4300,100
37415233810020,10:23:35.233,81.4400,100
37415275597273,10:23:35.275,81.4400,100
37415307465674,10:23:35.307,81.4400,29
37420178411791,10:23:40.178,81.4500,100
37420178411791,10:23:40.178,81.4500,100
37424210561395,10:23:44.210,81.4600,100
37427214992518,10:23:47.214,81.4700,100
37427310652852,10:23:47.310,81.4800,71
37427324631796,10:23:47.324,81.4900,11
37431325568540,10:23:51.325,81.4300,5
37442560405680,10:24:02.560,81.4400,100
37444081528653,10:24:04.081,81.4400,100
37444081528653,10:24:04.081,81.4400,1
37444081528653,10:24:04.081,81.4500,100
37444081528653,10:24:04.081,81.4500,100
37444819993808,10:24:04.819,81.4600,100
37444819993808,10:24:04.819,81.4600,100
37461294155508,10:24:21.294,81.4500,100
37461299653814,10:24:21.299,81.4400,100
37462438266088,10:24:22.438,81.4400,100
37464971942328,10:24:24.971,81.4400,100
37468591957529,10:24:28.591,81.4400,1
37468591960554,10:24:28.591,81.4400,2
37468591961281,10:24:28.591,81.4400,1
37468591966636,10:24:28.591,81.4400,1
37468597289153,10:24:28.597,81.4400,95
37468597289153,10:24:28.597,81.4400,20
37468597377567,10:24:28.597,81.4600,295
37468597845832,10:24:28.597,81.4400,80
37468597845832,10:24:28.597,81.4400,100
37468597857127,10:24:28.597,81.4400,100
37468609846086,10:24:28.609,81.4400,100
37468609914606,10:24:28.609,81.4400,81
37468611029241,10:24:28.611,81.4400,100
37468611274356,10:24:28.611,81.4400,100
37472975399035,10:24:32.975,81.4400,21
37473621454541,10:24:33.621,81.4600,47
37473621456478,10:24:33.621,81.4600,50
37473621470186,10:24:33.621,81.4600,3
37473621470186,10:24:33.621,81.4600,97
37473621500591,10:24:33.621,81.4600,3
37474300869832,10:24:34.300,81.4700,100
37474301154246,10:24:34.301,81.4700,100
37476155208928,10:24:36.155,81.4700,20
37476798852022,10:24:36.798,81.4600,100
37476799649714,10:24:36.799,81.4600,100
37482671547037,10:24:42.671,81.4700,100
37482671572476,10:24:42.671,81.4700,52
37482671627935,10:24:42.671,81.4700,52
37482671634330,10:24:42.671,81.4700,12
37482671744119,10:24:42.671,81.4700,100
37484136025937,10:24:44.136,81.4600,100
37485429453889,10:24:45.429,81.4600,100
37486314129113,10:24:46.314,81.4600,70
37486314129113,10:24:46.314,81.4600,30
37486314183806,10:24:46.314,81.4600,70
37489594988174,10:24:49.594,81.4800,100
37489595780382,10:24:49.595,81.4800,100
37489595780382,10:24:49.595,81.4800,100
37489595780382,10:24:49.595,81.4900,100
37489595780382,10:24:49.595,81.4900,100
37489595808852,10:24:49.595,81.4900,100
37496249262462,10:24:56.249,81.4900,100
37507874936263,10:25:07.874,81.5000,100
37507874960970,10:25:07.874,81.5000,100
37509532935132,10:25:09.532,81.5300,100
37509532935132,10:25:09.532,81.5300,100
37513151881094,10:25:13.151,81.5300,100
37513175911991,10:25:13.175,81.5400,100
37513175911991,10:25:13.175,81.5400,100
37513175911991,10:25:13.175,81.5400,100
37516635663168,10:25:16.635,81.5500,100
37517063047685,10:25:17.063,81.5700,37
37517459566582,10:25:17.459,81.5700,63
37517459566582,10:25:17.459,81.5800,100
37517459566582,10:25:17.459,81.5800,100
37517459566582,10:25:17.459,81.5800,37
37517459594582,10:25:17.459,81.5800,63
37517459876066,10:25:17.459,81.5800,22
37522137600788,10:25:22.137,81.5700,100
37522137600788,10:25:22.137,81.5600,100
37523664080248,10:25:23.664,81.5800,50
37523664080248,10:25:23.664,81.5900,100
37527330616214,10:25:27.330,81.6000,100
37527387814199,10:25:27.387,81.6000,100
37527413051002,10:25:27.413,81.6000,70
37530362295929,10:25:30.362,81.6100,100
37531034841003,10:25:31.034,81.6000,30
37531038218663,10:25:31.038,81.6000,100
37531085487815,10:25:31.085,81.5900,100
37537657331274,10:25:37.657,81.6100,100
37537699570637,10:25:37.699,81.6400,100
37537699570637,10:25:37.699,81.6400,32
37537699570637,10:25:37.699,81.6400,100
37537699570637,10:25:37.699,81.6400,68
37537910378702,10:25:37.910,81.6400,32
37542324469049,10:25:42.324,81.6500,100
37542325041794,10:25:42.325,81.6550,100
37542706802370,10:25:42.706,81.6700,100
37542845223694,10:25:42.845,81.6800,32
37542909945295,10:25:42.909,81.6800,50
37546237468548,10:25:46.237,81.6500,149
37546237492287,10:25:46.237,81.6500,51
37546729788171,10:25:46.729,81.6100,100
37546731233363,10:25:46.731,81.6000,100
37546731949148,10:25:46.731,81.5900,100
37548753353536,10:25:48.753,81.5900,100
37564573293295,10:26:04.573,81.6000,100
37566708627906,10:26:06.708,81.6100,100
37573616558630,10:26:13.616,81.5900,200
37573623189926,10:26:13.623,81.5800,100
37573628117272,10:26:13.628,81.5700,100
37574438879498,10:26:14.438,81.5600,100
37574438879498,10:26:14.438,81.5500,100
37574439979885,10:26:14.439,81.5400,100
37578876332770,10:26:18.876,81.5600,3
37578876332770,10:26:18.876,81.5600,31
37579409593790,10:26:19.409,81.5600,69
37604296698931,10:26:44.296,81.5400,100
37604296698931,10:26:44.296,81.5400,100
37604296698931,10:26:44.296,81.5400,200
37606249886879,10:26:46.249,81.5200,1
37606331867868,10:26:46.331,81.5500,100
37613352307562,10:26:53.352,81.5600,100
37633971785889,10:27:13.971,81.5300,100
37633973735606,10:27:13.973,81.5200,100
37633973735606,10:27:13.973,81.5200,200
37654178543208,10:27:34.178,81.5600,50
37654178579790,10:27:34.178,81.5600,50
37654178579790,10:27:34.178,81.5600,78
37654178611997,10:27:34.178,81.5600,22
37654179639462,10:27:34.179,81.5700,100
37673640856621,10:27:53.640,81.5600,100
37674869508743,10:27:54.869,81.5300,400
37674873247058,10:27:54.873,81.5500,50
37675017418211,10:27:55.017,81.5300,100
37688503958863,10:28:08.503,81.5300,200
37688503990144,10:28:08.503,81.5300,100
37688504515763,10:28:08.504,81.5300,100
37688504555589,10:28:08.504,81.5400,120
37692642823894,10:28:12.642,81.5500,100
37692643656003,10:28:12.643,81.5600,100
37692643656003,10:28:12.643,81.5600,6
37692655157802,10:28:12.655,81.5700,100
37692660327093,10:28:12.660,81.5800,100
37692660327093,10:28:12.660,81.5800,100
37692665191599,10:28:12.665,81.5900,100
37692665236957,10:28:12.665,81.5900,100
37692670109699,10:28:12.670,81.6000,100
37692684610989,10:28:12.684,81.6000,100
37692686329981,10:28:12.686,81.6000,100
37692686391905,10:28:12.686,81.6000,100
37692686442536,10:28:12.686,81.6100,100
37692686467166,10:28:12.686,81.6100,100
37692686500283,10:28:12.686,81.6100,100
37692686884328,10:28:12.686,81.6100,200
37692687142195,10:28:12.687,81.5900,10
37692687233522,10:28:12.687,81.6100,10
37693033059154,10:28:13.033,81.6000,200
37693143302253,10:28:13.143,81.6000,1200
37693814429712,10:28:13.814,81.6200,2
37706784804522,10:28:26.784,81.6400,100
37706802717041,10:28:26.802,81.6500,100
37706805918855,10:28:26.805,81.6700,100
37708837330436,10:28:28.837,81.6800,100
37713946902592,10:28:33.946,81.6800,300
37713947310769,10:28:33.947,81.6800,50
37713947338569,10:28:33.947,81.6800,25
37716748080802,10:28:36.748,81.6800,70
37716748802480,10:28:36.748,81.6800,30
37716748802480,10:28:36.748,81.6600,70
37716748883333,10:28:36.748,81.6600,30
37716748883333,10:28:36.748,81.6600,100
37716751788152,10:28:36.751,81.6800,10
37717710117022,10:28:37.710,81.6900,100
37717710155958,10:28:37.710,81.6600,10
37717710155958,10:28:37.710,81.6600,10
37717710155958,10:28:37.710,81.6600,10
37717710155958,10:28:37.710,81.6600,10
37717710155958,10:28:37.710,81.6600,100
37721524171842,10:28:41.524,81.6800,100
37721524296040,10:28:41.524,81.6700,100
37721952772558,10:28:41.952,81.6700,100
37721952931256,10:28:41.952,81.6600,100
37723714192150,10:28:43.714,81.7000,100
37723714192150,10:28:43.714,81.7000,100
37723714192150,10:28:43.714,81.7000,100
37723729103202,10:28:43.729,81.7000,100
37727260577479,10:28:47.260,81.7500,24
37732789843051,10:28:52.789,81.7400,200
37732789843051,10:28:52.789,81.7400,100
37732819491949,10:28:52.819,81.7500,100
37732819491949,10:28:52.819,81.7500,100
37732819810515,10:28:52.819,81.7500,100
37732819810515,10:28:52.819,81.7400,10
37733018839042,10:28:53.018,81.7600,100
37733018839042,10:28:53.018,81.7600,100
37738836670429,10:28:58.836,81.7700,100
37738852541862,10:28:58.852,81.7700,70
37738863609794,10:28:58.863,81.7800,100
37738923219869,10:28:58.923,81.7800,32
37738923219869,10:28:58.923,81.7800,100
37740956253284,10:29:00.956,81.7750,30
37740956253284,10:29:00.956,81.7600,70
37740956524367,10:29:00.956,81.7600,30
37740987749392,10:29:00.987,81.7400,81
37742048222057,10:29:02.048,81.7550,19
37742048230761,10:29:02.048,81.7550,19
37742048367676,10:29:02.048,81.7550,19
37742048528762,10:29:02.048,81.7400,19
37742049895372,10:29:02.049,81.7350,43
37742049936731,10:29:02.049,81.7300,57
37742938104774,10:29:02.938,81.7300,57
37742938104774,10:29:02.938,81.7300,43
37742938104774,10:29:02.938,81.7200,100
37742938131668,10:29:02.938,81.7200,1
37742938180432,10:29:02.938,81.7200,99
37743750809750,10:29:03.750,81.7500,13
37743750809750,10:29:03.750,81.7600,43
37743750809750,10:29:03.750,81.7600,70
37743754049021,10:29:03.754,81.7600,100
37746656146835,10:29:06.656,81.7650,3
37746656217039,10:29:06.656,81.7650,2
37746656289479,10:29:06.656,81.7650,2
37746656292558,10:29:06.656,81.7650,2
37747012674201,10:29:07.012,81.7700,91
37747012674201,10:29:07.012,81.7600,9
37748147058339,10:29:08.147,81.7900,100
37748149633870,10:29:08.149,81.8000,100
37748156385472,10:29:08.156,81.8100,100
37748156385472,10:29:08.156,81.8000,110
37748156434586,10:29:08.156,81.8000,90
37748158167718,10:29:08.158,81.7900,5
37750544217004,10:29:10.544,81.7900,70
37750544719176,10:29:10.544,81.7700,81
37750544787082,10:29:10.544,81.7850,25
37750545630346,10:29:10.545,81.7700,91
37753280636448,10:29:13.280,81.8000,100
37753283049207,10:29:13.283,81.8100,100
37755004832996,10:29:15.004,81.8150,100
37755006022077,10:29:15.006,81.8000,29
37755006022077,10:29:15.006,81.8000,81
37755006022077,10:29:15.006,81.8000,90
37755006487970,10:29:15.006,81.8100,100
37756536087578,10:29:16.536,81.7850,51
37759202620821,10:29:19.202,81.8000,49
37759202620821,10:29:19.202,81.7900,100
37759202620821,10:29:19.202,81.7800,119
37759202620821,10:29:19.202,81.7800,32
37759203226986,10:29:19.203,81.7800,49
37759203226986,10:29:19.203,81.7800,100
37763346242548,10:29:23.346,81.7800,100
37763346242548,10:29:23.346,81.7800,100
37763359012322,10:29:23.359,81.8400,24
37763359012322,10:29:23.359,81.8400,100
37763359012322,10:29:23.359,81.8400,27
37763359380138,10:29:23.359,81.8300,100
37763359380138,10:29:23.359,81.8200,10
37763359825566,10:29:23.359,81.8200,90
37763359830125,10:29:23.359,81.8100,30
37763359831653,10:29:23.359,81.8100,50
37763370758189,10:29:23.370,81.8150,100
37764371091340,10:29:24.371,81.8000,100
37764372647174,10:29:24.372,81.7800,18
37764383571459,10:29:24.383,81.7950,82
37764383575614,10:29:24.383,81.7950,18
37764383577544,10:29:24.383,81.7800,82
37764384497620,10:29:24.384,81.7700,18
37767427616875,10:29:27.427,81.7750,70
37767710718554,10:29:27.710,81.7750,30
37767997019197,10:29:27.997,81.8000,27
37768010944997,10:29:28.010,81.8250,100
37768495531776,10:29:28.495,81.8250,100
37768495531776,10:29:28.495,81.8100,1
37768495531776,10:29:28.495,81.8100,80
37768495531776,10:29:28.495,81.8100,19
37768495598636,10:29:28.495,81.8100,100
37769805797042,10:29:29.805,81.8000,70
37769815184061,10:29:29.815,81.8000,30
37769815184061,10:29:29.815,81.7800,100
37772247932798,10:29:32.247,81.7800,200
37772250111507,10:29:32.250,81.7900,100
37772250111507,10:29:32.250,81.7800,200
37772250111507,10:29:32.250,81.7800,100
37772250180982,10:29:32.250,81.7800,100
37772256107699,10:29:32.256,81.7900,100
37772264311788,10:29:32.264,81.7900,100
37772264311788,10:29:32.264,81.7700,100
37772264311788,10:29:32.264,81.7700,200
37773144822869,10:29:33.144,81.7750,100
37773144822869,10:29:33.144,81.7600,40
37774285633185,10:29:34.285,81.7700,13
37776934549800,10:29:36.934,81.8000,100
37776941146760,10:29:36.941,81.8300,100
37776942667661,10:29:36.942,81.8300,100
37776942894805,10:29:36.942,81.8300,91
37778650501457,10:29:38.650,81.8150,5
37778650894473,10:29:38.650,81.8150,5
37778652059842,10:29:38.652,81.8150,5
37781931154581,10:29:41.931,81.8400,100
37781934765189,10:29:41.934,81.8600,100
37781934765189,10:29:41.934,81.8600,200
37781934795781,10:29:41.934,81.8600,100
37783897590731,10:29:43.897,81.8500,72
37783897590731,10:29:43.897,81.8300,100
37783897590731,10:29:43.897,81.8300,128
37783897593793,10:29:43.897,81.8300,72
37783898394415,10:29:43.898,81.8100,100
37783900068103,10:29:43.900,81.8000,100
37783909914493,10:29:43.909,81.7800,100
37783909914493,10:29:43.909,81.7800,100
37783910028815,10:29:43.910,81.7800,28
37790031452221,10:29:50.031,81.8100,54
37790133536084,10:29:50.133,81.8100,46
37790378904267,10:29:50.378,81.8500,100
37790379006950,10:29:50.379,81.8500,100
37790379140745,10:29:50.379,81.8500,100
37794674397277,10:29:54.674,81.8300,100
37794674397277,10:29:54.674,81.8300,100
37794674397277,10:29:54.674,81.8300,100
37794941026209,10:29:54.941,81.8700,100
37794941026209,10:29:54.941,81.8700,100
37794941026209,10:29:54.941,81.8700,100
37794941026209,10:29:54.941,81.8700,100
37794941180730,10:29:54.941,81.8500,100
37794941180730,10:29:54.941,81.8500,100
37794941384186,10:29:54.941,81.8600,10
37794941384186,10:29:54.941,81.8600,90
37794941424716,10:29:54.941,81.8600,10
37794941515331,10:29:54.941,81.8500,10
37794943628825,10:29:54.943,81.8700,100
37794943628825,10:29:54.943,81.8700,200
37794943628825,10:29:54.943,81.8700,28
37794944058548,10:29:54.944,81.8700,72
37794947572467,10:29:54.947,81.8900,100
37794950645871,10:29:54.950,81.8700,100
37794951878709,10:29:54.951,81.8600,10
37794951878709,10:29:54.951,81.8500,90
37794951883977,10:29:54.951,81.8500,10
37800069883672,10:30:00.069,81.8700,85
37800069883672,10:30:00.069,81.8700,47
37800069907211,10:30:00.069,81.8700,6
37800069907211,10:30:00.069,81.8700,100
37800082872815,10:30:00.082,81.8900,32
37800094342300,10:30:00.094,81.9100,50
37800094377180,10:30:00.094,81.9100,37
37800099033934,10:30:00.099,81.9100,13
37800104034768,10:30:00.104,81.9300,24
37800348314136,10:30:00.348,81.9100,100
37801408456385,10:30:01.408,81.9000,100
37801408518636,10:30:01.408,81.9000,94
37801408518636,10:30:01.408,81.9000,200
37803047979013,10:30:03.047,81.9600,200
37803047979013,10:30:03.047,81.9600,100
37803049358072,10:30:03.049,81.9300,100
37803205719941,10:30:03.205,81.9700,100
37803205719941,10:30:03.205,81.9700,100
37803333752154,10:30:03.333,81.9700,100
37803333752154,10:30:03.333,81.9700,94
37803333752154,10:30:03.333,81.9700,200
37803353305306,10:30:03.353,81.9400,10
37803353305306,10:30:03.353,81.9300,100
37803462505395,10:30:03.462,81.9700,10
37803462505395,10:30:03.462,81.9700,3
37810867807643,10:30:10.867,81.9100,100
37810867807643,10:30:10.867,81.9000,15
37810869076099,10:30:10.869,81.9000,45
37814229316745,10:30:14.229,81.9250,113
37814229681106,10:30:14.229,81.9000,100
37814229681106,10:30:14.229,81.9000,100
37814229681106,10:30:14.229,81.9000,100
37814229780676,10:30:14.229,81.9200,100
37814230650759,10:30:14.230,81.9000,100
37814230650759,10:30:14.230,81.9000,100
37814230650759,10:30:14.230,81.9000,100
37816655814309,10:30:16.655,81.9200,187
37816772182392,10:30:16.772,81.9000,5
37816772368797,10:30:16.772,81.9000,95
37816772368797,10:30:16.772,81.9000,100
37816772858325,10:30:16.772,81.8900,10
37816773560575,10:30:16.773,81.8900,5
37816773942723,10:30:16.773,81.8900,10
37816774965143,10:30:16.774,81.8900,5
37817214972547,10:30:17.214,81.9050,100
37819494350962,10:30:19.494,81.9000,100
37819494350962,10:30:19.494,81.8900,70
37819494350962,10:30:19.494,81.8900,30
37819996416919,10:30:19.996,81.8900,70
37819996416919,10:30:19.996,81.8900,100
37829174505418,10:30:29.174,81.8900,100
37836153857207,10:30:36.153,81.8900,100
37836195873446,10:30:36.195,81.8600,4
37836475230766,10:30:36.475,81.8900,6
37836475247176,10:30:36.475,81.8950,100
37836475247176,10:30:36.475,81.8800,200
37836475842838,10:30:36.475,81.8900,100
37837622038251,10:30:37.622,81.9100,97
37842568346050,10:30:42.568,81.9100,3
37842596551241,10:30:42.596,81.9400,100
37842596551241,10:30:42.596,81.9400,100
37842596625745,10:30:42.596,81.9400,100
37842596806452,10:30:42.596,81.9400,97
37842597050915,10:30:42.597,81.9400,3
37842597869092,10:30:42.597,81.9300,100
37842612059115,10:30:42.612,81.9300,10
37845290949169,10:30:45.290,81.9400,5
37845290993302,10:30:45.290,81.9400,5
37845290993302,10:30:45.290,81.9400,5
37845291222873,10:30:45.291,81.9400,5
37845650299087,10:30:45.650,81.9500,100
37845650299087,10:30:45.650,81.9500,100
37845651778764,10:30:45.651,81.9400,100
37845651835687,10:30:45.651,81.9400,100
37845764973200,10:30:45.764,81.9300,100
37846294864228,10:30:46.294,81.9700,100
37846294954826,10:30:46.294,81.9500,100
37853402791033,10:30:53.402,81.9700,100
37853402791033,10:30:53.402,81.9700,12
37853404812012,10:30:53.404,81.9700,88
37857670207223,10:30:57.670,81.9550,100
37858819251203,10:30:58.819,81.9550,100
37862507270968,10:31:02.507,81.9800,100
37864945975870,10:31:04.945,81.9750,100
37867344798349,10:31:07.344,81.9800,55
37867388885933,10:31:07.388,81.9800,45
37867394883227,10:31:07.394,82.0000,100
37867394883227,10:31:07.394,82.0000,100
37869283238418,10:31:09.283,82.0200,100
37869283238418,10:31:09.283,82.0200,100
37871891710881,10:31:11.891,82.0100,100
37871891710881,10:31:11.891,81.9900,100
37871891927407,10:31:11.891,81.9900,100
37871893073446,10:31:11.893,81.9900,100
37871894013195,10:31:11.894,82.0000,200
37871894359690,10:31:11.894,82.0100,200
37871906416204,10:31:11.906,82.0300,100
37871906446546,10:31:11.906,82.0300,100
37871911422168,10:31:11.911,82.0300,100
37871911617688,10:31:11.911,82.0300,100
37873202603361,10:31:13.202,82.0300,100
37873202603361,10:31:13.202,82.0300,100
37877152793689,10:31:17.152,82.0400,100
37879907098020,10:31:19.907,82.0700,100
37879907098020,10:31:19.907,82.0700,100
37879908163783,10:31:19.908,82.0800,100
37879908163783,10:31:19.908,82.0800,100
37884252649167,10:31:24.252,82.0900,45
37884252654711,10:31:24.252,82.0900,55
37884252736179,10:31:24.252,82.0800,95
37884252744758,10:31:24.252,82.0800,5
37884257991521,10:31:24.257,82.1000,100
37890224760592,10:31:30.224,82.0900,100
37890377604033,10:31:30.377,82.1200,100
37892193046164,10:31:32.193,82.1200,2
37892793296647,10:31:32.793,82.1200,10
37896223268971,10:31:36.223,82.1600,200
37898755277801,10:31:38.755,82.1600,100
37898962095337,10:31:38.962,82.1700,100
37899912226149,10:31:39.912,82.1900,100
37900138742932,10:31:40.138,82.1700,100
37900146410421,10:31:40.146,82.1700,100
37900146410421,10:31:40.146,82.1800,200
37902609821861,10:31:42.609,82.1600,1
37904715061336,10:31:44.715,82.1400,70
37907298913872,10:31:47.298,82.2000,100
37907298913872,10:31:47.298,82.2000,100
37910010018996,10:31:50.010,82.2100,100
37910018766637,10:31:50.018,82.2000,5
37910513167366,10:31:50.513,82.2000,50
37910513178271,10:31:50.513,82.2000,45
37910513543545,10:31:50.513,82.2150,10
37910513682451,10:31:50.513,82.2000,10
37910517173036,10:31:50.517,82.2300,100
37910517173036,10:31:50.517,82.2300,197
37913485648639,10:31:53.485,82.2200,100
37913485648639,10:31:53.485,82.2200,200
37913489760033,10:31:53.489,82.2100,100
37913732886202,10:31:53.732,82.2300,200
37913732886202,10:31:53.732,82.2300,100
37913734652653,10:31:53.734,82.2400,97
37913734986037,10:31:53.734,82.2400,3
37913734986037,10:31:53.734,82.2400,3
37913735011447,10:31:53.735,82.2400,97
37913968250348,10:31:53.968,82.2500,100
37913968250348,10:31:53.968,82.2500,100
37917438957244,10:31:57.438,82.2300,50
37917438957244,10:31:57.438,82.2400,40
37919471793395,10:31:59.471,82.2100,100
37919471796634,10:31:59.471,82.2100,48
37921426222304,10:32:01.426,82.1700,100
37921572077665,10:32:01.572,82.1500,100
37923020521334,10:32:03.020,82.1600,100
37923478775783,10:32:03.478,82.1800,4
37936727162930,10:32:16.727,82.2300,100
37936728426775,10:32:16.728,82.2100,100
37936974378727,10:32:16.974,82.2300,100
37937165480663,10:32:17.165,82.2400,100
37944412123565,10:32:24.412,82.1900,100
37944447481533,10:32:24.447,82.1900,100
37944447481533,10:32:24.447,82.1900,200
37944448871924,10:32:24.448,82.1900,69
37944448871924,10:32:24.448,82.1900,31
37944498810245,10:32:24.498,82.1900,69
37946523460640,10:32:26.523,82.2200,36
37948343993863,10:32:28.343,82.2300,50
37948343993863,10:32:28.343,82.2400,50
37948880744132,10:32:28.880,82.2400,50
37948880744132,10:32:28.880,82.2500,100
37948880744132,10:32:28.880,82.2500,100
37948880744132,10:32:28.880,82.2500,100
37948881064312,10:32:28.881,82.2500,100
37948881082636,10:32:28.881,82.2500,100
37948881174509,10:32:28.881,82.2500,100
37948882392528,10:32:28.882,82.2500,7
37952408755438,10:32:32.408,82.2100,100
37960099220344,10:32:40.099,82.2100,100
37960102809486,10:32:40.102,82.2200,43
37960917858606,10:32:40.917,82.2000,100
37960921502955,10:32:40.921,82.2200,25
37960921672621,10:32:40.921,82.2200,32
37960922103942,10:32:40.922,82.2400,12
37960922165677,10:32:40.922,82.2400,38
37960922458886,10:32:40.922,82.2400,50
37966301081492,10:32:46.301,82.2500,100
37967370744188,10:32:47.370,82.2200,100
37967371100712,10:32:47.371,82.2200,100
37967371100712,10:32:47.371,82.2200,100
37970452139491,10:32:50.452,82.2300,70
37970452142935,10:32:50.452,82.2300,30
37970452142935,10:32:50.452,82.2200,70
37973433406725,10:32:53.433,82.2800,50
37973438400995,10:32:53.438,82.2700,100
37973438400995,10:32:53.438,82.2800,200
37973438400995,10:32:53.438,82.2800,500
37975684636390,10:32:55.684,82.2500,100
37975685464896,10:32:55.685,82.2400,100
37975685764390,10:32:55.685,82.2400,50
37975686172170,10:32:55.686,82.2400,50
37975686697864,10:32:55.686,82.2400,200
37975690504344,10:32:55.690,82.2500,100
37975691011052,10:32:55.691,82.2500,100
37975693371399,10:32:55.693,82.2700,100
37975746675935,10:32:55.746,82.2800,200
37976124656011,10:32:56.124,82.3000,100
37976257773033,10:32:56.257,82.3000,4
37976397960658,10:32:56.397,82.2800,100
37978005745075,10:32:58.005,82.2500,100
37978251068665,10:32:58.251,82.2500,100
37978252515221,10:32:58.252,82.2500,42
37978252515221,10:32:58.252,82.2500,25
37979162758387,10:32:59.162,82.2500,140
37979162758387,10:32:59.162,82.2500,60
37979655930113,10:32:59.655,82.2500,30
37979655963510,10:32:59.655,82.2500,10
37979655963510,10:32:59.655,82.2500,100
37979655963510,10:32:59.655,82.2500,30
37979657319450,10:32:59.657,82.2500,70
37979657554091,10:32:59.657,82.2400,70
37980018076874,10:33:00.018,82.2400,100
37980228478526,10:33:00.228,82.2500,66
37980228522902,10:33:00.228,82.2500,9
37980228522902,10:33:00.228,82.2500,41
37980228562134,10:33:00.228,82.2500,59
37980229367524,10:33:00.229,82.2600,100
37980229384702,10:33:00.229,82.2600,100
37980229384702,10:33:00.229,82.2600,100
37980238402276,10:33:00.238,82.2700,100
37980238848159,10:33:00.238,82.2600,10
37980239912494,10:33:00.239,82.2700,10
37980699709101,10:33:00.699,82.3000,396
37980700399067,10:33:00.700,82.3100,100
37980700399067,10:33:00.700,82.3100,1000
37984821796313,10:33:04.821,82.2300,100
37994561587766,10:33:14.561,82.2100,12
37994840500852,10:33:14.840,82.2000,10
37995821993303,10:33:15.821,82.2200,10
37998995229397,10:33:18.995,82.1500,100
37998995638546,10:33:18.995,82.1500,22
37998998095066,10:33:18.998,82.1400,100
37998999975537,10:33:18.999,82.1300,100
37999001651955,10:33:19.001,82.1300,14
37999001884321,10:33:19.001,82.1300,86
38000941359969,10:33:20.941,82.1700,53
38000941534280,10:33:20.941,82.1700,37
38000941891466,10:33:20.941,82.1800,50
38000942197332,10:33:20.942,82.1800,50
38000942197332,10:33:20.942,82.1800,50
38000942225581,10:33:20.942,82.1800,50
38003901796675,10:33:23.901,82.1600,100
38014015406928,10:33:34.015,82.1500,200
38016335032862,10:33:36.335,82.1400,50
38016335049860,10:33:36.335,82.1400,50
38017015586836,10:33:37.015,82.1200,100
38017015586836,10:33:37.015,82.1200,100
38017015818851,10:33:37.015,82.1100,100
38017015818851,10:33:37.015,82.1100,100
38017026903115,10:33:37.026,82.0800,100
38024728950911,10:33:44.728,82.1100,26
38024729024308,10:33:44.729,82.1100,60
38041640806124,10:34:01.640,82.0800,100
38041640822189,10:34:01.640,82.0700,100
38041640978268,10:34:01.640,82.0500,100
38041642887624,10:34:01.642,82.0500,100
38041642892566,10:34:01.642,82.0500,69
38041642922912,10:34:01.642,82.0500,31
38041653538380,10:34:01.653,82.0600,10
38044698126852,10:34:04.698,82.0900,3
38044698126852,10:34:04.698,82.0900,7
38045777808024,10:34:05.777,82.0900,100
38045777808024,10:34:05.777,82.0900,48
38045778018021,10:34:05.778,82.0850,4
38045778048035,10:34:05.778,82.0900,52
38045778048035,10:34:05.778,82.1000,48
38045778147010,10:34:05.778,82.1000,3
38045778238455,10:34:05.778,82.1000,49
38045778238455,10:34:05.778,82.1000,51
38046740140329,10:34:06.740,82.0800,8
38048883449079,10:34:08.883,82.0600,1
38048883451766,10:34:08.883,82.0600,1
38048883454349,10:34:08.883,82.0600,1
38048883456028,10:34:08.883,82.0600,3
38048883457503,10:34:08.883,82.0600,1
38048883458856,10:34:08.883,82.0600,1
38048883459322,10:34:08.883,82.0600,1
38048883463083,10:34:08.883,82.0600,1
38061654991996,10:34:21.654,82.0600,90
38061654991996,10:34:21.654,82.0600,10
38061655232515,10:34:21.655,82.0600,90
38061670719804,10:34:21.670,82.0600,34
38061670719804,10:34:21.670,82.0600,16
38061670750831,10:34:21.670,82.0600,50
38063912507467,10:34:23.912,82.0700,51
38063912513465,10:34:23.912,82.0700,49
38063912740139,10:34:23.912,82.0700,100
38067048209660,10:34:27.048,82.0600,100
38069690060095,10:34:29.690,82.0700,100
38076398749272,10:34:36.398,82.0300,50
38076398820664,10:34:36.398,82.0300,50
38078760387759,10:34:38.760,82.0800,66
38078760703125,10:34:38.760,82.0800,100
38078760703125,10:34:38.760,82.0800,20
38082528678583,10:34:42.528,82.0900,16
38082528723986,10:34:42.528,82.0900,50
38082529005254,10:34:42.529,82.0900,34
38082529005254,10:34:42.529,82.0900,13
38086429405989,10:34:46.429,82.1000,50
38086429445487,10:34:46.429,82.1000,50
38086429640537,10:34:46.429,82.1000,28
38086490419085,10:34:46.490,82.1000,39
38086490419085,10:34:46.490,82.1000,34
38086490419085,10:34:46.490,82.1000,36
38086490552347,10:34:46.490,82.1000,64
38098726141001,10:34:58.726,82.0700,50
38099270942286,10:34:59.270,82.0400,100
38099271798055,10:34:59.271,82.0300,100
38099272742171,10:34:59.272,82.0200,100
38099273354681,10:34:59.273,82.0100,10
38099273354681,10:34:59.273,82.0000,100
38099273354681,10:34:59.273,82.0000,100
38099273354681,10:34:59.273,82.0000,100
38099273644716,10:34:59.273,82.0200,100
38099274156701,10:34:59.274,82.0000,10
38099274156701,10:34:59.274,82.0000,100
38099274156701,10:34:59.274,82.0000,100
38099274363393,10:34:59.274,82.0200,10
38099274552768,10:34:59.274,82.0100,3
38099274699206,10:34:59.274,82.0000,200
38099275248117,10:34:59.275,81.9900,100
38099275735346,10:34:59.275,81.9900,10
38099275735346,10:34:59.275,81.9900,200
38099275735346,10:34:59.275,81.9900,50
38099275735346,10:34:59.275,81.9800,24
38099275735346,10:34:59.275,81.9800,100
38099275735346,10:34:59.275,81.9800,100
38099275735346,10:34:59.275,81.9800,200
38099276020157,10:34:59.276,82.0000,100
38099276271633,10:34:59.276,81.9800,10
38099276271633,10:34:59.276,81.9800,90
38099276322037,10:34:59.276,81.9800,10
38099278885304,10:34:59.278,82.0000,10
38102250263421,10:35:02.250,82.1000,100
38102303092489,10:35:02.303,82.1000,47
38102610196778,10:35:02.610,82.0800,100
38102610836032,10:35:02.610,82.0700,50
38102610882973,10:35:02.610,82.0700,50
38102611402641,10:35:02.611,82.0700,100
38102611427113,10:35:02.611,82.0700,100
38102611614930,10:35:02.611,82.0600,100
38102611614930,10:35:02.611,82.0600,24
38102611620239,10:35:02.611,82.0600,76
38102611672022,10:35:02.611,82.0800,10
38120047241788,10:35:20.047,82.0800,100
38120666557741,10:35:20.666,82.0600,8
38120666595418,10:35:20.666,82.0600,2
38120667585372,10:35:20.667,82.0400,100
38121956409356,10:35:21.956,82.0600,8
38123517095668,10:35:23.517,82.0600,100
38130031812313,10:35:30.031,82.0700,100
38131000358829,10:35:31.000,82.0600,100
38131232521232,10:35:31.232,82.0700,80
38131232521232,10:35:31.232,82.0700,20
38137049848676,10:35:37.049,82.0700,50
38147335765724,10:35:47.335,82.0800,100
38152255633841,10:35:52.255,82.0800,100
38159150481107,10:35:59.150,82.0500,100
38159150490329,10:35:59.150,82.0500,1
38159150875678,10:35:59.150,82.0500,99
38159150913395,10:35:59.150,82.0600,50
38159150914895,10:35:59.150,82.0500,1
38159153552794,10:35:59.153,82.0500,1
38160892163980,10:36:00.892,82.0550,1
38160892163980,10:36:00.892,82.0550,2
38160892163980,10:36:00.892,82.0550,2
38160892163980,10:36:00.892,82.0550,1
38160892163980,10:36:00.892,82.0550,1
38160892163980,10:36:00.892,82.0550,1
38160892163980,10:36:00.892,82.0550,1
38160892163980,10:36:00.892,82.0550,1
38160892163980,10:36:00.892,82.0550,1
38160892163980,10:36:00.892,82.0700,89
38160892251363,10:36:00.892,82.0700,11
38178874835368,10:36:18.874,82.0400,100
38178875161810,10:36:18.875,82.0500,100
38178875161810,10:36:18.875,82.0500,10
38180114307236,10:36:20.114,82.0400,10
38180114716009,10:36:20.114,82.0400,10
38180115867389,10:36:20.115,82.0500,100
38180623119037,10:36:20.623,82.0600,100
38180623174366,10:36:20.623,82.0600,3
38188628195946,10:36:28.628,82.0500,13
38188628322534,10:36:28.628,82.0500,87
38188628322534,10:36:28.628,82.0500,90
38188631507826,10:36:28.631,82.0500,100
38195651491596,10:36:35.651,82.0300,100
38195651491596,10:36:35.651,82.0300,50
38195651491596,10:36:35.651,82.0300,50
38195651491596,10:36:35.651,82.0200,100
38195651491596,10:36:35.651,82.0200,100
38195651841218,10:36:35.651,82.0200,9
38195652382324,10:36:35.652,82.0400,100
38195652447328,10:36:35.652,82.0400,36
38195652671811,10:36:35.652,82.0400,36
38195652728386,10:36:35.652,82.0400,28
38195652728386,10:36:35.652,82.0400,8
38195652788067,10:36:35.652,82.0400,36
38195653215633,10:36:35.653,82.0400,56
38195653215633,10:36:35.653,82.0400,100
38195653215633,10:36:35.653,82.0400,91
38195653215633,10:36:35.653,82.0400,10
38195653803460,10:36:35.653,82.0400,100
38195653803460,10:36:35.653,82.0400,100
38195653803460,10:36:35.653,82.0400,100
38195653803460,10:36:35.653,82.0300,100
38195654381967,10:36:35.654,82.0300,100
38195654381967,10:36:35.654,82.0300,100
38195654381967,10:36:35.654,82.0300,100
38195654935057,10:36:35.654,82.0500,100
38195654935057,10:36:35.654,82.0500,100
38195654935057,10:36:35.654,82.0500,100
38195655497003,10:36:35.655,82.0500,10
38195655497003,10:36:35.655,82.0400,50
38195656799053,10:36:35.656,82.0400,100
38195657499975,10:36:35.657,82.0400,12
38195657591428,10:36:35.657,82.0400,88
38195657591428,10:36:35.657,82.0400,100
38195658067671,10:36:35.658,82.0100,100
38195658067671,10:36:35.658,82.0000,100
38195658067671,10:36:35.658,82.0000,100
38195658632868,10:36:35.658,82.0200,4
38195658672446,10:36:35.658,82.0200,96
38195659104780,10:36:35.659,82.0300,100
38195659104780,10:36:35.659,82.0300,4
38195659104780,10:36:35.659,82.0300,96
38195660629129,10:36:35.660,82.0000,100
38195660632097,10:36:35.660,82.0000,100
38195660633560,10:36:35.660,82.0000,100
38195660682183,10:36:35.660,82.0000,100
38195661209492,10:36:35.661,82.0000,100
38195661262884,10:36:35.661,82.0000,100
38195661286374,10:36:35.661,82.0000,100
38195661289752,10:36:35.661,82.0000,49
38195661301103,10:36:35.661,82.0000,51
38195661393520,10:36:35.661,82.0000,100
38195661398136,10:36:35.661,82.0000,100
38195662830739,10:36:35.662,82.0100,100
38195662952447,10:36:35.662,82.0300,10
38195663101376,10:36:35.663,82.0400,100
38195663369016,10:36:35.663,82.0100,10
38195663369016,10:36:35.663,82.0100,10
38195663369016,10:36:35.663,82.0100,10
38195663369016,10:36:35.663,82.0100,100
38195663369016,10:36:35.663,82.0000,100
38195664706121,10:36:35.664,82.0300,100
38195664834200,10:36:35.664,82.0100,10
38195664834200,10:36:35.664,82.0100,100
38195664834200,10:36:35.664,82.0000,100
38195664834200,10:36:35.664,82.0000,85
38195664961339,10:36:35.664,82.0300,10
38195664961339,10:36:35.664,82.0400,90
38195666447886,10:36:35.666,82.0300,48
38195666484886,10:36:35.666,82.0300,100
38195666518262,10:36:35.666,82.0300,48
38195666551647,10:36:35.666,82.0300,4
38195666551647,10:36:35.666,82.0300,97
38195667220531,10:36:35.667,82.0300,96
38195668200645,10:36:35.668,82.0300,4
38195668288475,10:36:35.668,82.0000,100
38195668484086,10:36:35.668,82.0000,100
38195668497924,10:36:35.668,82.0000,50
38195668558227,10:36:35.668,82.0000,100
38195668593476,10:36:35.668,82.0000,40
38195668689764,10:36:35.668,82.0000,100
38195668765661,10:36:35.668,82.0000,100
38195669801354,10:36:35.669,82.0000,100
38195670428238,10:36:35.670,82.0100,100
38195670518589,10:36:35.670,82.0000,4
38195670844698,10:36:35.670,82.0000,96
38195670844698,10:36:35.670,82.0000,100
38195670844698,10:36:35.670,82.0000,104
38195671012141,10:36:35.671,82.0000,100
38195700986281,10:36:35.700,82.0000,100
38195741891835,10:36:35.741,82.0000,100
38195741997611,10:36:35.741,82.0000,100
38195741997611,10:36:35.741,82.0000,100
38195746859098,10:36:35.746,81.9950,90
38195777281942,10:36:35.777,82.0000,100
38195795164028,10:36:35.795,82.0000,100
38196584861313,10:36:36.584,82.0000,100
38196584861313,10:36:36.584,82.0000,100
38196628036520,10:36:36.628,82.0000,100
38196628360960,10:36:36.628,82.0000,100
38196628651883,10:36:36.628,82.0200,210
38196628651883,10:36:36.628,82.0200,100
38196630773548,10:36:36.630,82.0100,100
38196630790456,10:36:36.630,82.0100,90
38196631021550,10:36:36.631,82.0000,100
38196631606380,10:36:36.631,82.0100,100
38196631606380,10:36:36.631,82.0100,100
38196631953370,10:36:36.631,82.0000,100
38196632231972,10:36:36.632,82.0000,100
38196634588399,10:36:36.634,82.0000,100
38204215652065,10:36:44.215,82.0100,100
38204219846790,10:36:44.219,82.0500,59
38204219937026,10:36:44.219,82.0350,41
38204239200624,10:36:44.239,82.0350,100
38204239200624,10:36:44.239,82.0350,59
38206275012462,10:36:46.275,82.0600,100
38216387026426,10:36:56.387,82.0600,50
38216387026426,10:36:56.387,82.0600,50
38221786607134,10:37:01.786,82.0900,100
38223252219387,10:37:03.252,82.0800,100
38229545963358,10:37:09.545,82.0700,100
38241236878218,10:37:21.236,82.0600,2
38241236878218,10:37:21.236,82.0600,1
38241236878218,10:37:21.236,82.0600,1
38241236878218,10:37:21.236,82.0600,4
38241236878218,10:37:21.236,82.0600,2
38245353860875,10:37:25.353,82.0750,100
38245353961514,10:37:25.353,82.1000,100
38248024226758,10:37:28.024,82.0850,100
38250014493696,10:37:30.014,82.0850,200
38252341562732,10:37:32.341,82.0600,1
38252341670888,10:37:32.341,82.0600,1
38252341714761,10:37:32.341,82.0600,1
38255579910015,10:37:35.579,82.0400,100
38256033258106,10:37:36.033,82.0200,52
38259092742707,10:37:39.092,82.0100,50
38259092742707,10:37:39.092,82.0100,20
38259139746047,10:37:39.139,82.0000,100
38259140526134,10:37:39.140,82.0000,100
38259140556834,10:37:39.140,82.0000,100
38259140722378,10:37:39.140,81.9900,100
38259587392720,10:37:39.587,82.0100,143
38259587402363,10:37:39.587,82.0100,50
38259587421834,10:37:39.587,82.0100,7
38259589418633,10:37:39.589,82.0300,100
38259589919639,10:37:39.589,82.0400,50
38259589955741,10:37:39.589,82.0400,50
38268348810433,10:37:48.348,82.0600,100
38271822392236,10:37:51.822,82.0500,50
38271822410429,10:37:51.822,82.0500,50
38271822447361,10:37:51.822,82.0500,16
38271822650590,10:37:51.822,82.0500,100
38271822690353,10:37:51.822,82.0500,50
38271822755246,10:37:51.822,82.0500,34
38284237761856,10:38:04.237,82.0200,10
38284238176019,10:38:04.238,82.0200,3
38284238181313,10:38:04.238,82.0200,3
38284238248965,10:38:04.238,82.0200,3
38284238269573,10:38:04.238,82.0200,80
38284238282838,10:38:04.238,82.0200,11
38289725457586,10:38:09.725,82.0300,3
38300509794171,10:38:20.509,82.0300,100
38301717214443,10:38:21.717,82.0300,100
38321541318764,10:38:41.541,82.0100,2
38324989862828,10:38:44.989,82.0100,98
38324989862828,10:38:44.989,82.0100,100
38329014299408,10:38:49.014,82.0300,100
38329014299408,10:38:49.014,82.0300,100
38333677693719,10:38:53.677,82.0200,100
38342131695469,10:39:02.131,82.0400,100
38342131707106,10:39:02.131,82.0400,100
38361426929219,10:39:21.426,82.0000,3
38361427069211,10:39:21.427,82.0000,1
38361427097579,10:39:21.427,82.0000,2
38361427458445,10:39:21.427,81.9900,2
38361487417226,10:39:21.487,82.0100,50
38361487417226,10:39:21.487,82.0000,50
38372926805135,10:39:32.926,82.0000,53
38372926816748,10:39:32.926,82.0000,47
38372927489469,10:39:32.927,81.9900,5
38372927544785,10:39:32.927,81.9900,93
38373602993522,10:39:33.602,81.9900,100
38373603101249,10:39:33.603,81.9900,100
38373603115979,10:39:33.603,81.9900,100
38387362124997,10:39:47.362,82.0300,100
38401726371157,10:40:01.726,82.0200,16
38401726415201,10:40:01.726,82.0200,84
38413083337987,10:40:13.083,82.0200,3
38413083337987,10:40:13.083,82.0200,21
38413446691498,10:40:13.446,82.0200,49
38413446736351,10:40:13.446,82.0200,30
38419470825688,10:40:19.470,82.0100,100
38419470825688,10:40:19.470,82.0100,100
38419470825688,10:40:19.470,82.0100,100
38420326270882,10:40:20.326,82.0200,19
38423309377133,10:40:23.309,82.0300,15
38437186405126,10:40:37.186,82.0200,100
38437186405126,10:40:37.186,82.0200,100
38440211593667,10:40:40.211,82.0000,100
38447360630718,10:40:47.360,82.0100,133
38447360639559,10:40:47.360,82.0100,67
38461532496842,10:41:01.532,82.0250,100
38467251088743,10:41:07.251,82.0000,208
38467251088743,10:41:07.251,82.0000,92
38467251594391,10:41:07.251,82.0000,8
38467251603194,10:41:07.251,81.9900,100
38472843957273,10:41:12.843,81.9900,2
38472844468994,10:41:12.844,81.9900,2
38472844939262,10:41:12.844,81.9900,2
38473775619239,10:41:13.775,82.0200,13
38473783062772,10:41:13.783,82.0200,87
38473783889377,10:41:13.783,82.0300,100
38491116583620,10:41:31.116,82.0100,100
38491116675899,10:41:31.116,82.0100,100
38500677952780,10:41:40.677,81.9900,100
38508313489256,10:41:48.313,81.9900,100
38508313489256,10:41:48.313,81.9900,100
38521290383151,10:42:01.290,82.0200,100
38521297807427,10:42:01.297,82.0200,100
38521297807427,10:42:01.297,82.0200,100
38534809108986,10:42:14.809,81.9900,100
38534810379111,10:42:14.810,81.9800,87
38534810380440,10:42:14.810,81.9800,113
38534810380440,10:42:14.810,81.9800,100
38535231522815,10:42:15.231,81.9700,100
38550214203140,10:42:30.214,81.9600,100
38550214918604,10:42:30.214,81.9700,100
38550216468595,10:42:30.216,81.9800,48
38550216750864,10:42:30.216,81.9800,52
38562461705638,10:42:42.461,81.9400,100
38562465056134,10:42:42.465,81.9600,100
38562466134337,10:42:42.466,81.9700,100
38562466197206,10:42:42.466,81.9700,100
38562466374833,10:42:42.466,81.9700,100
38568351774651,10:42:48.351,81.9700,50
38569654962714,10:42:49.654,81.9300,100
38569680698511,10:42:49.680,81.9300,100
38569701749381,10:42:49.701,81.9200,100
38570905361969,10:42:50.905,81.9200,21
38570905396463,10:42:50.905,81.9200,4
38570905396463,10:42:50.905,81.9200,12
38572762683753,10:42:52.762,81.9500,1
38589077213239,10:43:09.077,81.9300,50
38589077213239,10:43:09.077,81.9300,20
38591991972606,10:43:11.991,81.9500,74
38591992047621,10:43:11.992,81.9500,26
38591992047621,10:43:11.992,81.9500,100
38601261516752,10:43:21.261,81.9300,100
38601262062656,10:43:21.262,81.9300,100
38601262175570,10:43:21.262,81.9400,100
38601262303958,10:43:21.262,81.9400,100
38601262378015,10:43:21.262,81.9400,100
38601262983452,10:43:21.262,81.9500,100
38601367664196,10:43:21.367,81.9600,50
38602187556205,10:43:22.187,81.9500,100
38602187556205,10:43:22.187,81.9500,7
38602187556205,10:43:22.187,81.9500,100
38602187556205,10:43:22.187,81.9500,93
38602187849057,10:43:22.187,81.9500,7
38602188310729,10:43:22.188,81.9500,42
38602188493963,10:43:22.188,81.9500,58
38602188493963,10:43:22.188,81.9500,100
38602189551701,10:43:22.189,81.9500,58
38602305630792,10:43:22.305,81.9700,100
38602307965273,10:43:22.307,81.9700,100
38604234946800,10:43:24.234,81.9800,100
38605465467594,10:43:25.465,81.9800,38
38605465566129,10:43:25.465,81.9800,10
38605465677096,10:43:25.465,81.9800,52
38605465677096,10:43:25.465,81.9900,48
38623315494401,10:43:43.315,81.9900,100
38623316316281,10:43:43.316,81.9800,100
38626235686413,10:43:46.235,81.9800,35
38626236338172,10:43:46.236,81.9800,65
38626237262489,10:43:46.237,81.9700,5
38626238078976,10:43:46.238,81.9700,35
38630175756627,10:43:50.175,81.9700,60
38630175756627,10:43:50.175,81.9700,100
38640738813379,10:44:00.738,81.9700,100
38646821754925,10:44:06.821,81.9900,1
38646822032643,10:44:06.822,82.0000,99
38646822049166,10:44:06.822,82.0000,1
38657473645880,10:44:17.473,82.0300,100
38657475027833,10:44:17.475,82.0400,100
38682955597529,10:44:42.955,82.0500,200
38682955633471,10:44:42.955,82.0500,533
38682955660364,10:44:42.955,82.0500,167
38682955660364,10:44:42.955,82.0500,33
38682955663551,10:44:42.955,82.0500,67
38682958945275,10:44:42.958,82.0400,100
38682960829022,10:44:42.960,82.0400,35
38688049954034,10:44:48.049,82.0500,85
38688355751325,10:44:48.355,82.0500,15
38698228904709,10:44:58.228,82.0700,100
38698228904709,10:44:58.228,82.0700,33
38698228924419,10:44:58.228,82.0700,67
38706639126430,10:45:06.639,82.1200,91
38711955915361,10:45:11.955,82.0800,50
38711955945938,10:45:11.955,82.0800,50
38718541876126,10:45:18.541,82.0650,1
38718541876126,10:45:18.541,82.0650,3
38718541876126,10:45:18.541,82.0650,2
38718541876126,10:45:18.541,82.0650,2
38718541876126,10:45:18.541,82.0650,1
38718541876126,10:45:18.541,82.0650,3
38718541876126,10:45:18.541,82.0650,2
38718541876126,10:45:18.541,82.0650,3
38718541876126,10:45:18.541,82.0650,1
38718541876126,10:45:18.541,82.0650,1
38718541876126,10:45:18.541,82.0650,1
38718541876126,10:45:18.541,82.0650,1
38718541876126,10:45:18.541,82.0650,1
38722919866524,10:45:22.919,82.0800,4
38722919866524,10:45:22.919,82.0800,100
38723025420640,10:45:23.025,82.0900,100
38748367363137,10:45:48.367,82.0750,2
38748393257712,10:45:48.393,82.0900,100
38762089058878,10:46:02.089,82.0700,100
38770997628660,10:46:10.997,82.0800,44
38770997695459,10:46:10.997,82.0800,56
38770997695459,10:46:10.997,82.0800,100
38771867204975,10:46:11.867,82.0900,50
38771867260592,10:46:11.867,82.0900,50
38771867260592,10:46:11.867,82.0900,50
38771867288223,10:46:11.867,82.0900,50
38771867288223,10:46:11.867,82.0900,1
38773050361874,10:46:13.050,82.1000,100
38778061038245,10:46:18.061,82.1000,5
38778061544938,10:46:18.061,82.1000,5
38778061606142,10:46:18.061,82.1000,5
38778061982128,10:46:18.061,82.1000,10
38778118171292,10:46:18.118,82.0900,1
38778119331219,10:46:18.119,82.0900,99
38778120135153,10:46:18.120,82.0800,5
38783236900716,10:46:23.236,82.1200,14
38783237132465,10:46:23.237,82.1200,67
38783244901064,10:46:23.244,82.1200,19
38783244901064,10:46:23.244,82.1300,81
38783245243028,10:46:23.245,82.1300,19
38783246460272,10:46:23.246,82.1400,1
38785736682626,10:46:25.736,82.1400,45
38785736707239,10:46:25.736,82.1400,54
38787054156086,10:46:27.054,82.1400,100
38787054156086,10:46:27.054,82.1400,100
38789030027054,10:46:29.030,82.1800,100
38789032275361,10:46:29.032,82.1900,100
38790580387816,10:46:30.580,82.2100,100
38790638095192,10:46:30.638,82.2000,100
38794977447926,10:46:34.977,82.1800,100
38799002185177,10:46:39.002,82.1600,75
38799002210350,10:46:39.002,82.1600,100
38808409612696,10:46:48.409,82.2000,57
38812167944148,10:46:52.167,82.1600,100
38820082896366,10:47:00.082,82.1700,100
38835126091937,10:47:15.126,82.1000,100
38851318180636,10:47:31.318,82.1200,100
38854181555976,10:47:34.181,82.1100,100
38854181555976,10:47:34.181,82.1100,100
38854186074795,10:47:34.186,82.1000,100
38854186074795,10:47:34.186,82.1000,2
38854777058695,10:47:34.777,82.1000,11
38863898248966,10:47:43.898,82.1000,87
38863898700530,10:47:43.898,82.0900,2
38863899074061,10:47:43.899,82.0900,98
38863900785388,10:47:43.900,82.0800,36
38863900818891,10:47:43.900,82.0800,100
38883541647306,10:48:03.541,82.0700,100
38883541670567,10:48:03.541,82.0700,100
38893217806215,10:48:13.217,82.0500,171
38893217806215,10:48:13.217,82.0500,1
38908063344285,10:48:28.063,82.0500,100
38908063344285,10:48:28.063,82.0500,100
38908063900952,10:48:28.063,82.0600,99
38908063951243,10:48:28.063,82.0600,1
38908063951243,10:48:28.063,82.0600,99
38916588285708,10:48:36.588,82.0500,100
38916588285708,10:48:36.588,82.0500,100
38921110273817,10:48:41.110,82.0700,50
38921110354748,10:48:41.110,82.0700,50
38921110354748,10:48:41.110,82.0800,451
38921110380887,10:48:41.110,82.0800,49
38921110380887,10:48:41.110,82.0800,1
38921129422176,10:48:41.129,82.0900,50
38921155313062,10:48:41.155,82.0900,24
38923238081773,10:48:43.238,82.0600,5
38923238081773,10:48:43.238,82.0600,100
38923238949867,10:48:43.238,82.0600,50
38923238985993,10:48:43.238,82.0600,89
38945604170804,10:49:05.604,82.0200,100
38948836394824,10:49:08.836,82.0300,100
38966717645936,10:49:26.717,82.0500,100
38989002217572,10:49:49.002,82.0200,28
38989002226381,10:49:49.002,82.0200,66
38989002330405,10:49:49.002,82.0200,6
38989017019762,10:49:49.017,82.0100,1
39000195757882,10:50:00.195,82.0300,100
39015790875494,10:50:15.790,82.0000,100
39015790875494,10:50:15.790,82.0000,100
39020054066375,10:50:20.054,82.0200,100
39020229728215,10:50:20.229,82.0200,10
39022719317823,10:50:22.719,82.0000,100
39036529658203,10:50:36.529,81.9700,40
39039545793585,10:50:39.545,81.9800,2
39039545793585,10:50:39.545,81.9800,100
39039546521886,10:50:39.546,81.9900,4
39039547040834,10:50:39.547,82.0000,100
39039547040834,10:50:39.547,82.0000,100
39039547799933,10:50:39.547,82.0000,100
39039547880105,10:50:39.547,82.0000,100
39039548010393,10:50:39.548,82.0000,100
39039548057708,10:50:39.548,82.0000,100
39039548167772,10:50:39.548,82.0000,94
39045920537784,10:50:45.920,81.9600,100
39045920537784,10:50:45.920,81.9600,100
39049905695312,10:50:49.905,81.9900,100
39049906228250,10:50:49.906,82.0000,72
39050350949065,10:50:50.350,82.0000,100
39055040550022,10:50:55.040,82.0100,90
39056499353318,10:50:56.499,81.9900,36
39060832863817,10:51:00.832,82.0100,10
39060832863817,10:51:00.832,82.0100,100
39060832863817,10:51:00.832,82.0100,100
39060832863817,10:51:00.832,82.0100,100
39060834500946,10:51:00.834,82.0200,100
39060835054710,10:51:00.835,82.0200,100
39060835096352,10:51:00.835,82.0200,100
39060835096352,10:51:00.835,82.0200,100
39076900637219,10:51:16.900,82.0150,1
39076902247356,10:51:16.902,82.0400,100
39076902251664,10:51:16.902,82.0400,2
39076902281378,10:51:16.902,82.0400,98
39076902875031,10:51:16.902,82.0300,100
39079811600837,10:51:19.811,82.0500,100
39080904405397,10:51:20.904,82.0400,51
39083098103410,10:51:23.098,82.0400,3
39083098104884,10:51:23.098,82.0400,1
39083098106435,10:51:23.098,82.0400,1
39083098108475,10:51:23.098,82.0400,3
39083098109109,10:51:23.098,82.0400,2
39083098111848,10:51:23.098,82.0400,2
39083098113241,10:51:23.098,82.0400,2
39084731198379,10:51:24.731,82.0500,35
39092456253895,10:51:32.456,82.0900,100
39101633087840,10:51:41.633,82.1400,100
39108783719918,10:51:48.783,82.1600,100
39109573509574,10:51:49.573,82.1500,100
39118026086089,10:51:58.026,82.1700,40
39129031943245,10:52:09.031,82.1800,68
39129031957890,10:52:09.031,82.1800,32
39129031957890,10:52:09.031,82.1800,2
39130214241838,10:52:10.214,82.1600,50
39130214247754,10:52:10.214,82.1600,50
39133216563765,10:52:13.216,82.2000,1
39133585722956,10:52:13.585,82.2000,19
39133587144018,10:52:13.587,82.2000,23
39135486004079,10:52:15.486,82.2100,100
39135486004079,10:52:15.486,82.2100,99
39144181311727,10:52:24.181,82.2200,100
39144777400873,10:52:24.777,82.2300,50
39150473296879,10:52:30.473,82.2100,50
39151027778572,10:52:31.027,82.2300,50
39151027809336,10:52:31.027,82.2300,50
39151285915926,10:52:31.285,82.2300,50
39152904541569,10:52:32.904,82.2200,100
39152904598097,10:52:32.904,82.2200,5
39154478766894,10:52:34.478,82.2100,57
39154478766894,10:52:34.478,82.2100,100
39155164892795,10:52:35.164,82.2100,100
39159603337087,10:52:39.603,82.2100,100
39168828442687,10:52:48.828,82.2000,100
39179232321917,10:52:59.232,82.1900,100
39179233204344,10:52:59.233,82.1900,100
39179233555381,10:52:59.233,82.1900,100
39179830679005,10:52:59.830,82.1800,50
39180126814964,10:53:00.126,82.1900,100
39180126814964,10:53:00.126,82.1900,100
39188151001591,10:53:08.151,82.1600,40
39188153312257,10:53:08.153,82.1200,2
39196283301144,10:53:16.283,82.1300,100
39196283301144,10:53:16.283,82.1300,100
39196287134976,10:53:16.287,82.1600,100
39196287142879,10:53:16.287,82.1600,100
39210953055415,10:53:30.953,82.1400,100
39210953092898,10:53:30.953,82.1400,100
39210954370769,10:53:30.954,82.1300,100
39210955239952,10:53:30.955,82.1300,100
39238583329592,10:53:58.583,82.1600,50
39238583329592,10:53:58.583,82.1600,100
39238583329592,10:53:58.583,82.1500,37
39238610886718,10:53:58.610,82.1500,63
39238786171024,10:53:58.786,82.1500,42
39238786171024,10:53:58.786,82.1500,24
39244270506459,10:54:04.270,82.1800,24
39244273046205,10:54:04.273,82.1800,50
39244273276317,10:54:04.273,82.1800,26
39244273276317,10:54:04.273,82.1800,2
39260358207329,10:54:20.358,82.1800,3
39260358207329,10:54:20.358,82.1800,2
39260358207329,10:54:20.358,82.1800,2
39260358207329,10:54:20.358,82.1800,4
39260358207329,10:54:20.358,82.2000,56
39260358240562,10:54:20.358,82.2000,44
39260673152357,10:54:20.673,82.2100,100
39270516114513,10:54:30.516,82.1900,41
39272735185386,10:54:32.735,82.2200,46
39279812044619,10:54:39.812,82.2300,100
39290629925610,10:54:50.629,82.2400,30
39293243482880,10:54:53.243,82.2200,100
39293243482880,10:54:53.243,82.2200,58
39293243535750,10:54:53.243,82.2200,42
39293244312915,10:54:53.244,82.2100,98
39293244414428,10:54:53.244,82.2100,2
39306357558362,10:55:06.357,82.2500,66
39306357585452,10:55:06.357,82.2500,34
39306357585452,10:55:06.357,82.2500,100
39306358063509,10:55:06.358,82.2600,100
39306358143364,10:55:06.358,82.2600,100
39306358165857,10:55:06.358,82.2600,100
39306358343597,10:55:06.358,82.2600,99
39306358381321,10:55:06.358,82.2600,1
39306358398019,10:55:06.358,82.2600,1
39306383038242,10:55:06.383,82.2600,99
39307587263796,10:55:07.587,82.2700,100
39310398497945,10:55:10.398,82.2800,100
39326899930776,10:55:26.899,82.2800,91
39326904022026,10:55:26.904,82.2700,100
39326904022026,10:55:26.904,82.2700,30
39326904056209,10:55:26.904,82.2700,70
39326904056209,10:55:26.904,82.2700,100
39326904056209,10:55:26.904,82.2700,100
39326907376954,10:55:26.907,82.2600,50
39327022257010,10:55:27.022,82.2700,100
39327591347671,10:55:27.591,82.2800,100
39327591347671,10:55:27.591,82.2800,3
39332584242303,10:55:32.584,82.2900,200
39332584947420,10:55:32.584,82.3000,100
39332584947420,10:55:32.584,82.3000,100
39332585322585,10:55:32.585,82.3200,100
39345164542937,10:55:45.164,82.3200,10
39345164542937,10:55:45.164,82.3200,50
39345164542937,10:55:45.164,82.3200,40
39345179670616,10:55:45.179,82.2800,31
39347133681316,10:55:47.133,82.2800,200
39347156629562,10:55:47.156,82.3200,100
39347621491637,10:55:47.621,82.3200,100
39347621491637,10:55:47.621,82.3200,100
39347621491637,10:55:47.621,82.3200,90
39347621522433,10:55:47.621,82.3200,10
39348893956141,10:55:48.893,82.3200,10
39348893956141,10:55:48.893,82.3200,100
39348894084217,10:55:48.894,82.3300,2000
39349395914292,10:55:49.395,82.3500,100
39349396885604,10:55:49.396,82.3600,100
39349401141295,10:55:49.401,82.3700,1
39349401207114,10:55:49.401,82.3700,99
39352138964206,10:55:52.138,82.3800,100
39352138964206,10:55:52.138,82.3900,100
39352138990032,10:55:52.138,82.3900,100
39352139542087,10:55:52.139,82.4000,100
39352222124721,10:55:52.222,82.4200,50
39352222124721,10:55:52.222,82.4200,50
39352699770345,10:55:52.699,82.4200,200
39353771969176,10:55:53.771,82.3900,100
39353772000936,10:55:53.772,82.3900,34
39353772068560,10:55:53.772,82.3900,33
39353772089210,10:55:53.772,82.3900,33
39353774840606,10:55:53.774,82.3800,38
39356355290332,10:55:56.355,82.3800,85
39356356458190,10:55:56.356,82.3800,100
