timestamp,time,price,volume
27121891002840,07:32:01.891,82.6000,100
34200847275771,09:30:00.847,0.0000,0
34201963247096,09:30:01.963,83.0000,100
34201963620461,09:30:01.963,83.0000,100
34201964086097,09:30:01.964,83.0000,100
34201964125018,09:30:01.964,83.0000,100
34201964432368,09:30:01.964,83.0000,100
34205473282293,09:30:05.473,82.9900,5
34205473282293,09:30:05.473,83.0000,95
34232054541476,09:30:32.054,82.7100,100
34279514053716,09:31:19.514,82.6900,177
34279514053716,09:31:19.514,82.6900,1
34502620961329,09:35:02.620,82.2100,15
34502621314554,09:35:02.621,82.2000,6
34502621314554,09:35:02.621,82.2000,5
34502621314554,09:35:02.621,82.2000,4
34502625827545,09:35:02.625,82.2000,100
34502626248387,09:35:02.626,82.2000,100
34549350780235,09:35:49.350,82.2000,4
34572420263857,09:36:12.420,82.0000,300
34572421622877,09:36:12.421,82.0000,100
34584384316576,09:36:24.384,82.0000,157
34618659053517,09:36:58.659,82.0000,100
34618659671012,09:36:58.659,82.0000,100
34676210786483,09:37:56.210,82.0000,5
34676210786483,09:37:56.210,82.0000,7
34676210873129,09:37:56.210,82.0300,100
34678520987273,09:37:58.520,82.0000,77
34684867800230,09:38:04.867,82.0300,100
34689882280068,09:38:09.882,82.1100,32
34689882562151,09:38:09.882,82.1500,100
34689882837203,09:38:09.882,82.1500,100
34689882866757,09:38:09.882,82.1500,23
34689882867362,09:38:09.882,82.1500,100
34689882877928,09:38:09.882,82.1500,100
34689882917072,09:38:09.882,82.1500,100
34689882956366,09:38:09.882,82.1500,100
34689882977282,09:38:09.882,82.1500,100
34689882996037,09:38:09.882,82.1500,100
34689883042382,09:38:09.883,82.1500,100
34689883061691,09:38:09.883,82.1500,100
34689883109349,09:38:09.883,82.1500,100
34689883325984,09:38:09.883,82.1500,100
34689883982464,09:38:09.883,82.1500,100
34689884124140,09:38:09.884,82.1500,100
34689884276160,09:38:09.884,82.1500,100
34689884625174,09:38:09.884,82.1100,10
34689884629505,09:38:09.884,82.1100,90
34689884654886,09:38:09.884,82.1500,10
34689884654886,09:38:09.884,82.1500,10
34689884654886,09:38:09.884,82.1500,80
34689888834890,09:38:09.888,82.1500,100
34689891185983,09:38:09.891,82.1600,65
34689891213008,09:38:09.891,82.1600,35
34712339497879,09:38:32.339,82.1500,100
34712340722974,09:38:32.340,82.1500,100
34712341408817,09:38:32.341,82.1500,200
34712346594114,09:38:32.346,82.1200,10
34737510085180,09:38:57.510,82.1300,100
34737510114194,09:38:57.510,82.1300,50
34737510495647,09:38:57.510,82.0800,100
34737510495647,09:38:57.510,82.0800,100
34737510495647,09:38:57.510,82.0600,100
34737510495647,09:38:57.510,82.0600,200
34737510495647,09:38:57.510,82.0600,100
34737510495647,09:38:57.510,82.0500,500
34737510600154,09:38:57.510,82.1000,10
34737510808657,09:38:57.510,82.1200,100
34744257935804,09:39:04.257,82.1500,19
34744257982760,09:39:04.257,82.1500,100
34744258446362,09:39:04.258,82.1500,100
34744259902021,09:39:04.259,82.1500,100
34747262313832,09:39:07.262,82.1000,10
34747262313832,09:39:07.262,82.1000,90
34752104308001,09:39:12.104,82.1000,10
34752104308001,09:39:12.104,82.0500,90
34771280766940,09:39:31.280,82.0600,100
34771280798939,09:39:31.280,82.0500,510
34880127986227,09:41:20.127,81.9600,1
34880127986227,09:41:20.127,81.9600,4
34882386149892,09:41:22.386,82.0000,80
34882386161590,09:41:22.386,82.0000,20
34948034059836,09:42:28.034,81.9700,1
34948034118178,09:42:28.034,81.9200,60
34956274446820,09:42:36.274,81.9100,100
34985276810406,09:43:05.276,81.9000,32
34985276819686,09:43:05.276,81.9000,32
34985276840600,09:43:05.276,81.8600,100
34985276840600,09:43:05.276,81.9100,32
34985276840600,09:43:05.276,81.9300,79
34985276928971,09:43:05.276,81.9300,100
34985276940615,09:43:05.276,81.9300,60
34985276996607,09:43:05.276,81.9300,29
34985277025480,09:43:05.277,81.9300,32
34985277106973,09:43:05.277,81.9300,200
34985277343034,09:43:05.277,81.9400,34
34985277349064,09:43:05.277,81.9400,36
34985278043561,09:43:05.278,81.9400,130
34988299351349,09:43:08.299,81.9500,100
35008542851507,09:43:28.542,81.8800,1
35037412802211,09:43:57.412,81.8900,100
35050423546026,09:44:10.423,81.9000,5
35050423569947,09:44:10.423,81.9000,95
35050424780540,09:44:10.424,81.9100,100
35052510266383,09:44:12.510,81.9400,100
35067428656587,09:44:27.428,81.9500,100
35067428770578,09:44:27.428,81.9500,100
35080017215810,09:44:40.017,82.0000,100
35137501392217,09:45:37.501,82.0500,1
35137501392217,09:45:37.501,82.0500,3
35137501502352,09:45:37.501,82.0000,1
35137501502352,09:45:37.501,82.0000,100
35137501502352,09:45:37.501,82.0000,1
35142523367572,09:45:42.523,81.9900,7
35142523395437,09:45:42.523,81.9800,1
35160694033858,09:46:00.694,81.9100,100
35160694033858,09:46:00.694,81.9100,2
35187859145283,09:46:27.859,81.8800,2
35188973953703,09:46:28.973,81.8800,98
35199205029657,09:46:39.205,81.8700,100
35208508264987,09:46:48.508,81.8000,100
35225434736822,09:47:05.434,81.8600,100
35225434736822,09:47:05.434,81.8600,100
35225434742315,09:47:05.434,81.8700,98
35235048677468,09:47:15.048,81.8700,33
35258637358065,09:47:38.637,81.8100,1
35265825024638,09:47:45.825,81.7600,100
35265825626183,09:47:45.825,81.7500,3
35265828952422,09:47:45.828,81.7500,100
35265829000168,09:47:45.829,81.7500,100
35265829458571,09:47:45.829,81.7500,100
35267555836182,09:47:47.555,81.7500,100
35268829884983,09:47:48.829,81.7700,100
35268829965323,09:47:48.829,81.7700,100
35283294313735,09:48:03.294,81.7500,1
35283294340997,09:48:03.294,81.7500,2
35289812084200,09:48:09.812,81.7450,100
35308009052793,09:48:28.009,81.7800,200
35309008946634,09:48:29.008,81.8100,1
35347868187898,09:49:07.868,81.7500,197
35347868187898,09:49:07.868,81.7500,100
35347868187898,09:49:07.868,81.7400,3
35368004285543,09:49:28.004,81.7300,1
35370240072239,09:49:30.240,81.7400,50
35377668637732,09:49:37.668,81.7400,100
35391988770776,09:49:51.988,81.8200,99
35476552910211,09:51:16.552,81.7600,100
35476552935466,09:51:16.552,81.7600,50
35477749182766,09:51:17.749,81.6800,5
35477750217915,09:51:17.750,81.6800,1
35477750217915,09:51:17.750,81.6800,99
35477857303081,09:51:17.857,81.6700,100
35479648686994,09:51:19.648,81.7100,100
35548263217789,09:52:28.263,81.6800,100
35553237955259,09:52:33.237,81.7200,1
35553237985355,09:52:33.237,81.7200,99
35561122380999,09:52:41.122,81.7400,1
35570226080312,09:52:50.226,81.7400,21
35570226092191,09:52:50.226,81.7400,78
35570391282915,09:52:50.391,81.8100,100
35571933539153,09:52:51.933,81.8200,100
35633945828614,09:53:53.945,81.7550,100
35652257443729,09:54:12.257,81.8200,73
35652257456603,09:54:12.257,81.8200,27
35652257456603,09:54:12.257,81.8300,100
35652257458205,09:54:12.257,81.8300,74
35652257490966,09:54:12.257,81.8300,26
35691617224467,09:54:51.617,81.9200,100
35691617310355,09:54:51.617,81.8900,100
35701288838746,09:55:01.288,81.9000,84
35701289392252,09:55:01.289,81.8700,100
35701289392252,09:55:01.289,81.8700,1
35701290685979,09:55:01.290,81.8500,100
35738240519145,09:55:38.240,81.8500,100
35765973355214,09:56:05.973,81.7900,100
35765973411129,09:56:05.973,81.7800,2
35765973411129,09:56:05.973,81.7800,2
35765973411129,09:56:05.973,81.7800,96
35765973476112,09:56:05.973,81.7700,4
35765973500731,09:56:05.973,81.7700,96
35765973998995,09:56:05.973,81.7800,100
35787152442191,09:56:27.152,81.8600,1
35787152471649,09:56:27.152,81.8600,99
35787152471649,09:56:27.152,81.8600,1
35787152535782,09:56:27.152,81.8600,99
35787152923445,09:56:27.152,81.8700,8
35852008913118,09:57:32.008,81.9300,100
35852009000854,09:57:32.009,81.9300,100
35852009296211,09:57:32.009,81.9300,100
35853010537739,09:57:33.010,81.9300,1
35885070576111,09:58:05.070,81.8700,7
35885070578090,09:58:05.070,81.8700,7
35885071056373,09:58:05.071,81.8500,100
35885071056373,09:58:05.071,81.8500,100
35968239863370,09:59:28.239,81.8800,1
35995581505741,09:59:55.581,81.9500,62
35995581505741,09:59:55.581,81.9500,10
36017356785626,10:00:17.356,81.9300,1
36030017314876,10:00:30.017,81.9300,1
36088241527577,10:01:28.241,81.9200,1
36112213222991,10:01:52.213,81.9500,6
36112213222991,10:01:52.213,81.9500,100
36148511769060,10:02:28.511,81.9400,1
36148511769060,10:02:28.511,81.9400,99
36148511797405,10:02:28.511,81.9400,1
36148511797405,10:02:28.511,81.9400,2
36205917756709,10:03:25.917,81.9600,22
36205917756709,10:03:25.917,81.9600,100
36231046808170,10:03:51.046,82.0000,1
36238509019510,10:03:58.509,81.9100,100
36238509019510,10:03:58.509,81.9000,2
36238509044825,10:03:58.509,81.9000,100
36268010573089,10:04:28.010,81.9300,1
36310582636684,10:05:10.582,82.0100,100
36310582636684,10:05:10.582,82.0100,21
36310582636684,10:05:10.582,82.0100,100
36310582636684,10:05:10.582,82.0100,100
36310582637932,10:05:10.582,82.0100,200
36341403633102,10:05:41.403,81.9900,15
36341899917557,10:05:41.899,81.9700,10
36341899917557,10:05:41.899,81.9700,5
36347061231110,10:05:47.061,81.9600,7
36347061231110,10:05:47.061,81.9600,8
36347061530242,10:05:47.061,81.9500,400
36347061530242,10:05:47.061,81.9500,200
36347061531752,10:05:47.061,81.9500,100
36347063665185,10:05:47.063,81.9400,100
36347063665185,10:05:47.063,81.9300,72
36363243874279,10:06:03.243,82.0500,100
36363243983848,10:06:03.243,82.0600,100
36363244209232,10:06:03.244,82.0500,100
36377006484072,10:06:17.006,82.0900,22
36377006484072,10:06:17.006,82.0900,78
36377006515453,10:06:17.006,82.0900,22
36377006515453,10:06:17.006,82.0900,78
36377006867426,10:06:17.006,82.0900,22
36391842842606,10:06:31.842,82.1500,40
36391843411342,10:06:31.843,82.1500,200
36472247309687,10:07:52.247,82.1400,88
36497946231121,10:08:17.946,82.1400,100
36500009035732,10:08:20.009,82.1400,100
36500009035732,10:08:20.009,82.1500,100
36500009655639,10:08:20.009,82.1500,22
36500009655639,10:08:20.009,82.1500,78
36500009697823,10:08:20.009,82.1500,22
36500009844652,10:08:20.009,82.1500,500
36500010111885,10:08:20.010,82.1500,100
36500011954695,10:08:20.011,82.1500,100
36505794503110,10:08:25.794,82.1250,400
36505794641498,10:08:25.794,82.1250,100
36505794641498,10:08:25.794,82.1000,200
36505794641498,10:08:25.794,82.1000,100
36505794643530,10:08:25.794,82.1000,100
36505794643530,10:08:25.794,82.1000,300
36505794645246,10:08:25.794,82.1000,100
36505796560280,10:08:25.796,82.0950,100
36506700721311,10:08:26.700,82.1000,100
36506700755184,10:08:26.700,82.0700,100
36506701854123,10:08:26.701,82.0600,100
36506701854123,10:08:26.701,82.0600,100
36506701937644,10:08:26.701,82.0900,10
36506701937644,10:08:26.701,82.0900,90
36646017259862,10:10:46.017,82.0550,100
36646017259862,10:10:46.017,82.0300,78
36646017272179,10:10:46.017,82.0300,122
36655623125480,10:10:55.623,81.9700,1
36665271840883,10:11:05.271,82.0000,100
36668283462201,10:11:08.283,82.0400,36
36668283462201,10:11:08.283,82.0400,22
36679738287194,10:11:19.738,82.0500,100
36679738726112,10:11:19.738,82.0600,100
36691523632802,10:11:31.523,82.0700,100
36697239620474,10:11:37.239,82.0700,100
36697239670336,10:11:37.239,82.0800,100
36699879895131,10:11:39.879,82.1000,100
36701563051516,10:11:41.563,82.0600,1
36701563051516,10:11:41.563,82.0600,3
36718797765843,10:11:58.797,82.0900,100
36718798066371,10:11:58.798,82.1000,7
36755624294568,10:12:35.624,82.1200,22
36755624294568,10:12:35.624,82.1200,1
36755624294568,10:12:35.624,82.1200,200
36755624294568,10:12:35.624,82.1200,100
36755624294568,10:12:35.624,82.1200,100
36755624403507,10:12:35.624,82.1000,10
36755624842250,10:12:35.624,82.1100,100
36755624842250,10:12:35.624,82.1100,10
36758253127025,10:12:38.253,82.1200,1
36765225990032,10:12:45.225,82.1200,300
36765708173902,10:12:45.708,82.1200,100
36766006547319,10:12:46.006,82.1500,1
36767049207743,10:12:47.049,82.1500,57
36767049275155,10:12:47.049,82.1500,100
36767049328415,10:12:47.049,82.1500,100
36767049358132,10:12:47.049,82.1500,342
36767049358132,10:12:47.049,82.1500,100
36767055642148,10:12:47.055,82.1500,100
36779022880834,10:12:59.022,82.0800,100
36779023259601,10:12:59.023,82.0700,100
36779023259601,10:12:59.023,82.0700,100
36779023990301,10:12:59.023,82.0600,100
36786870539370,10:13:06.870,82.1000,200
36786877569350,10:13:06.877,82.1300,100
36786878284938,10:13:06.878,82.1500,200
36786891276994,10:13:06.891,82.1500,200
36795434931644,10:13:15.434,82.1500,300
36795434931644,10:13:15.434,82.1500,100
36795434931644,10:13:15.434,82.1500,100
36795434931644,10:13:15.434,82.1500,200
36801146207785,10:13:21.146,82.1500,100
36801146214306,10:13:21.146,82.1500,369
36813832443995,10:13:33.832,82.1100,1
36842628880712,10:14:02.628,82.1500,600
36842628880712,10:14:02.628,82.1500,400
36842630487490,10:14:02.630,82.1800,100
36842641765778,10:14:02.641,82.1500,297
36842641819845,10:14:02.641,82.1500,100
36863463968930,10:14:23.463,82.1900,100
36863464816233,10:14:23.464,82.2000,100
36863464816233,10:14:23.464,82.2000,23
36901525286273,10:15:01.525,82.2000,100
36901525286273,10:15:01.525,82.2000,95
36901525560686,10:15:01.525,82.2000,5
36912993175406,10:15:12.993,82.1650,100
36919082451263,10:15:19.082,82.2000,100
36919082451263,10:15:19.082,82.2000,100
36919082551368,10:15:19.082,82.2000,10
36933652503103,10:15:33.652,82.1700,1
36933676884705,10:15:33.676,82.1400,100
36975301894331,10:16:15.301,82.1900,38
36975301894331,10:16:15.301,82.1900,10
36975301894331,10:16:15.301,82.1900,52
36988010948678,10:16:28.010,82.1500,1
37048008509893,10:17:28.008,82.1500,1
37052228984762,10:17:32.228,82.1900,6
37052229102007,10:17:32.229,82.1900,12
37052229371457,10:17:32.229,82.1900,4
37087387601505,10:18:07.387,82.1400,11
37087388009962,10:18:07.388,82.1300,100
37087388237752,10:18:07.388,82.1200,100
37087388565930,10:18:07.388,82.1200,100
37087412132991,10:18:07.412,82.1200,100
37090129209708,10:18:10.129,82.0900,100
37090129209708,10:18:10.129,82.0900,100
37090129243212,10:18:10.129,82.0900,100
37090129250804,10:18:10.129,82.0800,44
37090129265775,10:18:10.129,82.0800,14
37090129275486,10:18:10.129,82.0800,42
37090152394633,10:18:10.152,82.0900,100
37097278492045,10:18:17.278,82.0900,400
37097278492045,10:18:17.278,82.0900,100
37097278492045,10:18:17.278,82.0900,100
37097290328496,10:18:17.290,82.1000,200
37097290328496,10:18:17.290,82.1100,100
37097290328496,10:18:17.290,82.1100,99
37097291937456,10:18:17.291,82.1100,100
37098072816759,10:18:18.072,82.1200,23
37109008057596,10:18:29.008,82.0600,2
37142645398094,10:19:02.645,82.0900,1
37142645398094,10:19:02.645,82.0900,3
37143029690948,10:19:03.029,82.1300,10
37175016325125,10:19:35.016,82.1400,1
37175018546956,10:19:35.018,82.1400,3
37175466765550,10:19:35.466,82.1500,100
37175483196137,10:19:35.483,82.1600,100
37175485367559,10:19:35.485,82.1600,100
37178246861122,10:19:38.246,82.1600,1
37207534736387,10:20:07.534,82.1300,100
37207534736387,10:20:07.534,82.1200,2
37207534762799,10:20:07.534,82.1200,15
37207534794176,10:20:07.534,82.1200,83
37207534794176,10:20:07.534,82.1200,2
37207534858534,10:20:07.534,82.1700,100
37207534858534,10:20:07.534,82.1800,10
37207534858534,10:20:07.534,82.1900,300
37207534858534,10:20:07.534,82.1900,100
37208718379070,10:20:08.718,82.1500,100
37208718379070,10:20:08.718,82.1200,3
37208718379070,10:20:08.718,82.1200,10
37208718379070,10:20:08.718,82.1200,75
37229829469115,10:20:29.829,82.2000,38
37229829469115,10:20:29.829,82.2000,100
37229829469115,10:20:29.829,82.2000,62
37229830451742,10:20:29.830,82.2000,38
37234656717615,10:20:34.656,82.2500,100
37238245971373,10:20:38.245,82.3000,1
37261500607832,10:21:01.500,82.3000,1
37273247404045,10:21:13.247,82.3000,1
37286084667019,10:21:26.084,82.3000,1
37321251381899,10:22:01.251,82.2600,1
37328991003024,10:22:08.991,82.3100,69
37330024248495,10:22:10.024,82.2600,100
37363089467172,10:22:43.089,82.2800,1
37363089498361,10:22:43.089,82.2500,100
37363089498361,10:22:43.089,82.2500,100
37363091435933,10:22:43.091,82.2500,1
37363104534910,10:22:43.104,82.2200,100
37369970978668,10:22:49.970,82.2700,100
37369970978668,10:22:49.970,82.2700,100
37379905810458,10:22:59.905,82.1900,100
37379905810458,10:22:59.905,82.1800,31
37379905886820,10:22:59.905,82.1700,100
37379905886820,10:22:59.905,82.1700,1
37408008022365,10:23:28.008,82.1700,1
37468009357865,10:24:28.009,82.1900,1
37469812693073,10:24:29.812,82.1600,100
37469812693073,10:24:29.812,82.1600,100
37469816930827,10:24:29.816,82.1300,4
37469816930827,10:24:29.816,82.1300,2
37469816999700,10:24:29.816,82.1300,98
37531274960806,10:25:31.274,82.1700,1
37531274960806,10:25:31.274,82.1700,4
37558286412518,10:25:58.286,82.2200,100
37558286412518,10:25:58.286,82.2200,22
37558286412518,10:25:58.286,82.2200,42
37558286412518,10:25:58.286,82.2200,236
37558286545729,10:25:58.286,82.2200,64
37558286545729,10:25:58.286,82.2200,100
37588009524898,10:26:28.009,82.1900,1
37672287319019,10:27:52.287,82.2100,100
37672287319019,10:27:52.287,82.2100,100
37672287416444,10:27:52.287,82.1800,1
37672287416444,10:27:52.287,82.1800,1
37672287726410,10:27:52.287,82.1900,100
37672317533838,10:27:52.317,82.1500,100
37677526049646,10:27:57.526,82.1700,100
37677526049646,10:27:57.526,82.1800,100
37677527460726,10:27:57.527,82.1800,38
37698305414400,10:28:18.305,82.2000,100
37709735551077,10:28:29.735,82.1600,1
37709735551077,10:28:29.735,82.1600,1
37737086312990,10:28:57.086,82.2000,21
37737086312990,10:28:57.086,82.2000,1
37737086843106,10:28:57.086,82.2000,99
37737086843106,10:28:57.086,82.2000,100
37748354627116,10:29:08.354,82.2200,100
37748354744222,10:29:08.354,82.2200,100
37748357037592,10:29:08.357,82.2200,100
37749569103663,10:29:09.569,82.2300,100
37750020406246,10:29:10.020,82.2000,100
37764587158485,10:29:24.587,82.2300,100
37764589060752,10:29:24.589,82.2300,100
37764593024972,10:29:24.593,82.2300,100
37764593078568,10:29:24.593,82.2300,100
37764593161606,10:29:24.593,82.2100,10
37764593472827,10:29:24.593,82.2300,10
37768015714916,10:29:28.015,82.2200,1
37809128376807,10:30:09.128,82.2100,100
37809128376807,10:30:09.128,82.2000,100
37809128728856,10:30:09.128,82.2000,100
37888457576963,10:31:28.457,82.2400,1
37895458245544,10:31:35.458,82.2000,100
37895458245544,10:31:35.458,82.2000,8
37895458245544,10:31:35.458,82.2000,2
37895458245544,10:31:35.458,82.2000,3
37896376701467,10:31:36.376,82.2300,100
37896378687357,10:31:36.378,82.2300,100
37897067735956,10:31:37.067,82.2300,22
37965839629837,10:32:45.839,82.2600,100
37965839629837,10:32:45.839,82.2600,100
37965839703935,10:32:45.839,82.2600,21
37965844398391,10:32:45.844,82.2800,200
37965844820181,10:32:45.844,82.2800,100
37965846172700,10:32:45.846,82.3000,100
37965951927100,10:32:45.951,82.3100,100
37965951927100,10:32:45.951,82.3200,100
38009201196394,10:33:29.201,82.3400,100
38009201196394,10:33:29.201,82.3500,100
38009203214375,10:33:29.203,82.3600,100
38009203214375,10:33:29.203,82.3600,100
38009203291596,10:33:29.203,82.3600,100
38009203755708,10:33:29.203,82.3700,100
38009336560981,10:33:29.336,82.3900,100
38010501142814,10:33:30.501,82.4100,100
38010501580201,10:33:30.501,82.4100,100
38011483800655,10:33:31.483,82.4100,1
38068348677219,10:34:28.348,82.4000,1
38097067864529,10:34:57.067,82.4100,100
38125318048304,10:35:25.318,82.4500,22
38125318048304,10:35:25.318,82.4500,1
38125318048304,10:35:25.318,82.4500,77
38125318074908,10:35:25.318,82.4500,23
38125318080223,10:35:25.318,82.4500,23
38125318104054,10:35:25.318,82.4500,23
38125318562348,10:35:25.318,82.4500,54
38128850808970,10:35:28.850,82.4700,1
38163430385410,10:36:03.430,82.4900,100
38163430385410,10:36:03.430,82.4900,100
38163430385410,10:36:03.430,82.4800,28
38164998447789,10:36:04.998,82.5100,22
38164999092353,10:36:04.999,82.5200,33
38170765975371,10:36:10.765,82.4800,32
38170766001860,10:36:10.766,82.4800,40
38170766001860,10:36:10.766,82.4800,51
38170766270278,10:36:10.766,82.4800,49
38170766270278,10:36:10.766,82.4800,100
38202076325248,10:36:42.076,82.4300,100
38238141718564,10:37:18.141,82.4300,45
38238141719834,10:37:18.141,82.4300,55
38238141815641,10:37:18.141,82.4100,4
38238141935774,10:37:18.141,82.4100,96
38294537626676,10:38:14.537,82.3700,100
38294537626676,10:38:14.537,82.3700,22
38335092825610,10:38:55.092,82.4200,100
38337023086986,10:38:57.023,82.4200,1
38342131455331,10:39:02.131,82.4200,99
38342131455331,10:39:02.131,82.4200,1
38342140805246,10:39:02.140,82.4200,99
38342140805246,10:39:02.140,82.4200,1
38342501246689,10:39:02.501,82.4200,99
38368006887983,10:39:28.006,82.4200,1
38368006902563,10:39:28.006,82.4000,5
38368006919936,10:39:28.006,82.4000,100
38384736047859,10:39:44.736,82.3800,53
38422860001441,10:40:22.860,82.3800,47
38448415828477,10:40:48.415,82.3800,1
38488257610424,10:41:28.257,82.3900,2
38488257610424,10:41:28.257,82.3900,98
38488260271235,10:41:28.260,82.4100,100
38517046568977,10:41:57.046,82.4200,1
38538377065628,10:42:18.377,82.3600,9
38538377078713,10:42:18.377,82.3600,91
38538378661299,10:42:18.378,82.3800,100
38542254482900,10:42:22.254,82.3700,100
38582026630081,10:43:02.026,82.3900,27
38582026630081,10:43:02.026,82.3900,36
38582026642463,10:43:02.026,82.3900,64
38582026642463,10:43:02.026,82.3900,21
38582026658708,10:43:02.026,82.4000,100
38587180264605,10:43:07.180,82.4400,100
38588288436584,10:43:08.288,82.4400,100
38588288495167,10:43:08.288,82.4500,100
38616143701732,10:43:36.143,82.4400,1
38616147609273,10:43:36.147,82.4200,3
38616147609273,10:43:36.147,82.4200,3
38616147644894,10:43:36.147,82.4400,100
38616147964221,10:43:36.147,82.4200,100
38616156008069,10:43:36.156,82.4600,100
38616156008069,10:43:36.156,82.4600,100
38616156008069,10:43:36.156,82.4600,100
38616156093189,10:43:36.156,82.4600,100
38617859717938,10:43:37.859,82.4600,100
38645781199019,10:44:05.781,82.4800,40
38645781200896,10:44:05.781,82.4800,60
38645781200896,10:44:05.781,82.4800,1
38645781206358,10:44:05.781,82.4800,62
38645781274422,10:44:05.781,82.4800,37
38645781274422,10:44:05.781,82.4800,22
38658198975135,10:44:18.198,82.5900,32
38658198975135,10:44:18.198,82.5900,68
38658531287599,10:44:18.531,82.5900,32
38697013472366,10:44:57.013,82.6000,100
38697013472366,10:44:57.013,82.6000,100
38727971104378,10:45:27.971,82.6500,32
38727971104378,10:45:27.971,82.6500,68
38729009036308,10:45:29.009,82.6300,1
38737532802978,10:45:37.532,82.6400,32
38751378411509,10:45:51.378,82.6100,100
38751378442119,10:45:51.378,82.6100,15
38757330683322,10:45:57.330,82.6000,176
38757330683322,10:45:57.330,82.6000,100
38808897113242,10:46:48.897,82.5800,1
38808897113242,10:46:48.897,82.5800,3
38821748585673,10:47:01.748,82.6100,100
38821748585673,10:47:01.748,82.6100,100
38821748585673,10:47:01.748,82.6200,23
38821748585673,10:47:01.748,82.6200,33
38821748585673,10:47:01.748,82.6200,100
38821748585673,10:47:01.748,82.6200,100
38821748585673,10:47:01.748,82.6200,5
38821754643642,10:47:01.754,82.6500,100
38821754643642,10:47:01.754,82.6500,300
38821757888284,10:47:01.757,82.6500,100
38821758047255,10:47:01.758,82.6600,100
38821890521967,10:47:01.890,82.6600,100
38821890521967,10:47:01.890,82.6600,200
38822171010699,10:47:02.171,82.6500,100
38822171010699,10:47:02.171,82.6500,129
38822277579332,10:47:02.277,82.6500,100
38822679565576,10:47:02.679,82.6400,100
38822680872092,10:47:02.680,82.6400,100
38823233098659,10:47:03.233,82.6500,100
38823233098659,10:47:03.233,82.6500,200
38823233098659,10:47:03.233,82.6500,100
38823233941671,10:47:03.233,82.6600,100
38830198777804,10:47:10.198,82.6700,100
38830199280749,10:47:10.199,82.6600,10
38830199929309,10:47:10.199,82.6700,10
38830199929309,10:47:10.199,82.6700,10
38831087007493,10:47:11.087,82.6500,100
38837510361587,10:47:17.510,82.6600,100
38837510386043,10:47:17.510,82.6600,100
38837514642877,10:47:17.514,82.6700,100
38837516731040,10:47:17.516,82.6800,100
38848797049527,10:47:28.797,82.7700,100
38857739725162,10:47:37.739,82.7600,100
38857739725162,10:47:37.739,82.7700,47
38857739725162,10:47:37.739,82.7700,61
38857739725162,10:47:37.739,82.7700,200
38857739725162,10:47:37.739,82.7700,100
38858712123860,10:47:38.712,82.8000,100
38860506492096,10:47:40.506,82.7800,100
38929799940381,10:48:49.799,82.7500,24
38958309309383,10:49:18.309,82.7900,34
38968650424113,10:49:28.650,82.8100,100
38968650898524,10:49:28.650,82.8000,100
38968650898524,10:49:28.650,82.8000,10
38968651208305,10:49:28.651,82.8100,9
38968652564150,10:49:28.652,82.8200,100
38968652589640,10:49:28.652,82.8200,1
38969856520565,10:49:29.856,82.8500,100
38974390414088,10:49:34.390,82.8400,1
38974390414088,10:49:34.390,82.8400,20
39016146792401,10:50:16.146,82.8500,31
39016146792401,10:50:16.146,82.8500,100
39016146792401,10:50:16.146,82.8500,24
39018915145508,10:50:18.915,82.8500,1
39020576489196,10:50:20.576,82.9300,100
39020576969057,10:50:20.576,82.9100,10
39027645399211,10:50:27.645,82.9100,100
39027645481756,10:50:27.645,82.9000,28
39027645506493,10:50:27.645,82.9000,72
39027645924422,10:50:27.645,82.9000,100
39040444549099,10:50:40.444,82.8700,2
39077726626849,10:51:17.726,82.8900,100
39077726626849,10:51:17.726,82.9000,40
39077726648298,10:51:17.726,82.9000,60
39077726648298,10:51:17.726,82.9000,12
39077726656985,10:51:17.726,82.9000,28
39103516276852,10:51:43.516,82.9000,1
39103516276852,10:51:43.516,82.9000,4
39103516276852,10:51:43.516,82.9000,95
39103516355831,10:51:43.516,82.9000,5
39110603757544,10:51:50.603,82.9200,100
39110605631164,10:51:50.605,82.9300,66
39110605631164,10:51:50.605,82.9300,100
39110605631164,10:51:50.605,82.9300,100
39110605631164,10:51:50.605,82.9300,100
39110607401588,10:51:50.607,82.9400,100
39110609867322,10:51:50.609,82.9500,100
39110969100369,10:51:50.969,82.9800,100
39129512710242,10:52:09.512,82.9950,100
39134036190295,10:52:14.036,82.9900,100
39134036190295,10:52:14.036,82.9600,1
39148011978850,10:52:28.011,82.9800,1
39152904379124,10:52:32.904,82.9500,100
39157436950142,10:52:37.436,82.9300,26
39157436974488,10:52:37.436,82.9300,74
39157437406941,10:52:37.437,82.9300,100
39162327711610,10:52:42.327,82.8900,100
39162328926999,10:52:42.328,82.8800,100
39162328926999,10:52:42.328,82.8800,100
39209849909432,10:53:29.849,82.8500,100
39223496330606,10:53:43.496,82.8400,100
39242411446914,10:54:02.411,82.8300,1
39242411446914,10:54:02.411,82.8300,100
39242411446914,10:54:02.411,82.8300,100
39244763094421,10:54:04.763,82.8600,73
39249697313372,10:54:09.697,82.8800,25
39268025124132,10:54:28.025,82.8900,1
39270082366183,10:54:30.082,82.8700,100
39311102783772,10:55:11.102,82.8600,100
39311102783772,10:55:11.102,82.8500,100
39311364895419,10:55:11.364,82.9000,100
39311364895419,10:55:11.364,82.9100,2
39320091925813,10:55:20.091,82.9000,100
39320091925813,10:55:20.091,82.9100,98
39320091925813,10:55:20.091,82.9100,2
39331540017155,10:55:31.540,82.8800,1
39331540017155,10:55:31.540,82.8800,94
39334158939637,10:55:34.158,82.9100,98
39334158939637,10:55:34.158,82.9100,100
39334158939637,10:55:34.158,82.9100,100
39334158939637,10:55:34.158,82.9100,100
39334158939637,10:55:34.158,82.9100,100
39334164226377,10:55:34.164,82.9100,100
39334166268596,10:55:34.166,82.9100,15
39334166382011,10:55:34.166,82.9100,18
39338236858794,10:55:38.236,82.9100,18
39339958527760,10:55:39.958,82.9300,100
39339958527760,10:55:39.958,82.9300,100
39344579193031,10:55:44.579,82.9300,100
39344579193031,10:55:44.579,82.9400,100
39344579193031,10:55:44.579,82.9400,100
39344579193031,10:55:44.579,82.9400,100
39370163243711,10:56:10.163,82.8800,6
39370163243711,10:56:10.163,82.8800,100
39370163243711,10:56:10.163,82.8800,7
39432086591176,10:57:12.086,82.8800,100
39432086798475,10:57:12.086,82.8800,100
39508008745350,10:58:28.008,82.9100,100
39508009132762,10:58:28.009,82.8900,10
39508009230475,10:58:28.009,82.9100,10
39508009382495,10:58:28.009,82.9100,10
39508012482941,10:58:28.012,82.9200,100
39508012482941,10:58:28.012,82.9200,100
39508012482941,10:58:28.012,82.9200,23
39508012507638,10:58:28.012,82.9200,100
39508012507638,10:58:28.012,82.9200,100
39509031373467,10:58:29.031,82.9500,100
39509031399285,10:58:29.031,82.9500,100
39509031412898,10:58:29.031,82.9500,100
39509032185788,10:58:29.032,82.9600,200
39509032213982,10:58:29.032,82.9600,100
39509032213982,10:58:29.032,82.9600,100
39509032213982,10:58:29.032,82.9600,50
39509408291960,10:58:29.408,82.9400,200
39509408291960,10:58:29.408,82.9400,100
39509408291960,10:58:29.408,82.9400,30
39509576245204,10:58:29.576,82.9200,1
39509577531220,10:58:29.577,82.9000,100
39509708795011,10:58:29.708,82.8850,200
39518419072791,10:58:38.419,82.9300,26
39518419131133,10:58:38.419,82.9300,18
39518419209073,10:58:38.419,82.9300,24
39518419861513,10:58:38.419,82.9300,24
39573177657888,10:59:33.177,82.9300,8
39573177657888,10:59:33.177,82.9300,100
39573177657888,10:59:33.177,82.9300,200
39573179587310,10:59:33.179,82.9400,100
39573179587310,10:59:33.179,82.9400,100
39573181316243,10:59:33.181,82.9500,100
39573181316243,10:59:33.181,82.9500,100
39574007496551,10:59:34.007,82.9600,1
39580620978227,10:59:40.620,83.0000,12
39580621174865,10:59:40.621,83.0000,6
39580622773969,10:59:40.622,83.0000,12
39599916902808,10:59:59.916,83.0100,2
39599917906008,10:59:59.917,83.0100,24
39608740474499,11:00:08.740,83.0400,23
39608740474499,11:00:08.740,83.0400,5
39618518834606,11:00:18.518,83.0500,30
39618519357065,11:00:18.519,83.0200,10
39623182619162,11:00:23.182,83.0200,100
39628376427072,11:00:28.376,82.9900,100
39634077690204,11:00:34.077,83.0300,6
39662941539246,11:01:02.941,83.0300,30
39663093717455,11:01:03.093,83.0400,8
39663460464773,11:01:03.460,83.0400,100
39663460840316,11:01:03.460,83.0400,100
39663461821654,11:01:03.461,83.0500,58
39663462872012,11:01:03.462,83.0500,42
39663462872012,11:01:03.462,83.0500,100
39663462872012,11:01:03.462,83.0500,100
39663468625091,11:01:03.468,83.0700,46
39663474228522,11:01:03.474,83.0700,54
39666892028114,11:01:06.892,83.0500,1
39666892060354,11:01:06.892,83.0500,1
39700386596720,11:01:40.386,83.0900,6
39718487396269,11:01:58.487,83.0900,200
39718487396269,11:01:58.487,83.1000,100
39718487396269,11:01:58.487,83.1000,100
39718487396269,11:01:58.487,83.1000,1
39729465158254,11:02:09.465,83.1400,100
39729465229652,11:02:09.465,83.1400,100
39729465232502,11:02:09.465,83.1400,22
39755810458906,11:02:35.810,83.1200,1
39755810458906,11:02:35.810,83.1200,1
39791735083038,11:03:11.735,83.1000,6
39791735083038,11:03:11.735,83.1000,2
39791735083038,11:03:11.735,83.1000,3
39791735083038,11:03:11.735,83.0900,90
39791735737533,11:03:11.735,83.0900,10
39868012469531,11:04:28.012,83.0900,1
39918413158632,11:05:18.413,83.0500,59
39918413160008,11:05:18.413,83.0500,41
39918413160008,11:05:18.413,83.0500,18
39918413167804,11:05:18.413,83.0500,82
39977329856903,11:06:17.329,82.9900,1
40010265152375,11:06:50.265,83.0300,100
40010265152375,11:06:50.265,83.0300,100
40010265152375,11:06:50.265,83.0300,100
40010265266637,11:06:50.265,83.0100,10
40010265427491,11:06:50.265,83.0300,9
40010265468356,11:06:50.265,83.0300,1
40033382203178,11:07:13.382,83.0000,1
40039857171912,11:07:19.857,83.0000,53
40080238601740,11:08:00.238,83.0400,25
40080238601740,11:08:00.238,83.0400,18
40080238603872,11:08:00.238,83.0400,6
40080238603872,11:08:00.238,83.0400,10
40080238603872,11:08:00.238,83.0400,100
40080238603872,11:08:00.238,83.0400,59
40080239517057,11:08:00.239,83.0500,100
40080239517057,11:08:00.239,83.0500,100
40082164184827,11:08:02.164,83.0500,200
40092194884235,11:08:12.194,83.0500,100
40093736962735,11:08:13.736,83.0500,24
40097202267028,11:08:17.202,83.0300,10
40097202325706,11:08:17.202,83.0200,4
40112841980348,11:08:32.841,83.0500,42
40112842037253,11:08:32.842,83.0500,16
40112842069388,11:08:32.842,83.0500,26
40115099642292,11:08:35.099,83.0500,16
40115099642292,11:08:35.099,83.0500,100
40115508582042,11:08:35.508,83.0600,62
40115508587305,11:08:35.508,83.0600,38
40123625634007,11:08:43.625,83.0700,78
40123625639561,11:08:43.625,83.0700,22
40160338088097,11:09:20.338,83.0900,63
40160338093460,11:09:20.338,83.0900,37
40160338292244,11:09:20.338,83.1000,50
40172366202181,11:09:32.366,83.1300,100
40173011156404,11:09:33.011,83.1300,1
40228023843167,11:10:28.023,83.1200,2
40228044586405,11:10:28.044,83.1200,100
40244338590612,11:10:44.338,83.0800,3
40244338590612,11:10:44.338,83.0800,100
40244338590612,11:10:44.338,83.0800,3
40296287336207,11:11:36.287,83.0800,1
40296287336207,11:11:36.287,83.0800,8
40300389769677,11:11:40.389,83.0600,100
40300389769677,11:11:40.389,83.0600,100
40300390519667,11:11:40.390,83.0500,100
40321464801300,11:12:01.464,83.0300,16
40348008283572,11:12:28.008,83.0600,1
40365084099248,11:12:45.084,83.0300,100
40408016256578,11:13:28.016,83.0300,1
40475846442014,11:14:35.846,83.0200,1
40481463816261,11:14:41.463,83.0400,100
40490003102069,11:14:50.003,83.0500,30
40490003102069,11:14:50.003,83.0500,100
40490003102069,11:14:50.003,83.0500,100
40490003102069,11:14:50.003,83.0500,11
40490003125509,11:14:50.003,83.0500,16
40490005849258,11:14:50.005,83.0600,25
40490005849258,11:14:50.005,83.0600,26
40512988837066,11:15:12.988,83.0600,200
40512988842314,11:15:12.988,83.0700,17
40512988842314,11:15:12.988,83.0700,25
40512988842314,11:15:12.988,83.0700,100
40528043694203,11:15:28.043,83.0600,1
40588009760332,11:16:28.009,83.0300,1
40588009760332,11:16:28.009,83.0300,1
40663202626302,11:17:43.202,83.0300,1
40663202626302,11:17:43.202,83.0300,17
40663202723623,11:17:43.202,83.0300,17
40708717156419,11:18:28.717,83.0300,2
40708717239361,11:18:28.717,83.0300,1
40714012548639,11:18:34.012,83.0300,1
40720257182646,11:18:40.257,83.0300,1
40720257262424,11:18:40.257,83.0300,1
40729918939276,11:18:49.918,83.0400,100
40729918939276,11:18:49.918,83.0400,100
40729918939276,11:18:49.918,83.0400,25
40729918939276,11:18:49.918,83.0400,100
40729919434530,11:18:49.919,83.0300,10
40729919661877,11:18:49.919,83.0400,10
40729940073855,11:18:49.940,83.0500,100
40729966702786,11:18:49.966,83.0600,83
40729966702786,11:18:49.966,83.0600,100
40729966702786,11:18:49.966,83.0600,17
40729966729826,11:18:49.966,83.0600,1
40729967341962,11:18:49.967,83.0700,100
40731520672916,11:18:51.520,83.0700,1
40731520672916,11:18:51.520,83.0700,10
40731520672916,11:18:51.520,83.0600,89
40731520704012,11:18:51.520,83.0600,11
40731520704012,11:18:51.520,83.0600,13
40731779080844,11:18:51.779,83.0600,100
40739539121624,11:18:59.539,83.0500,100
40739539145619,11:18:59.539,83.0500,100
40787105613471,11:19:47.105,83.0400,1
40828013671161,11:20:28.013,83.0400,1
40888014913617,11:21:28.014,83.0300,1
40888858930331,11:21:28.858,83.0350,100
40888859156189,11:21:28.859,83.0350,100
40888859219000,11:21:28.859,83.0300,100
40889272006625,11:21:29.272,83.0300,100
40889272006625,11:21:29.272,83.0300,100
40889272006625,11:21:29.272,83.0300,25
40889272994360,11:21:29.272,83.0400,300
40889272994360,11:21:29.272,83.0400,100
40889272994360,11:21:29.272,83.0400,100
40889272994360,11:21:29.272,83.0400,29
40889962108308,11:21:29.962,83.0500,100
40889966091871,11:21:29.966,83.0600,100
40892802996777,11:21:32.802,83.0600,100
40937128641273,11:22:17.128,83.0200,92
40937128660640,11:22:17.128,83.0200,8
40944015036308,11:22:24.015,83.0400,100
40970177471551,11:22:50.177,83.0600,24
40986496629023,11:23:06.496,83.0700,1
40986496655712,11:23:06.496,83.0700,99
40986496655712,11:23:06.496,83.0700,1
40997422568810,11:23:17.422,83.0300,100
40997422568810,11:23:17.422,83.0300,100
41022370817864,11:23:42.370,83.0500,136
41029535718627,11:23:49.535,83.0700,23
41029535718627,11:23:49.535,83.0800,77
41029535749847,11:23:49.535,83.0800,23
41039134863438,11:23:59.134,83.0900,67
41039134865974,11:23:59.134,83.0900,59
41039134889322,11:23:59.134,83.0900,74
41039134889322,11:23:59.134,83.0900,59
41099137144447,11:24:59.137,83.0800,13
41103120046672,11:25:03.120,83.0700,100
41103122044137,11:25:03.122,83.0600,56
41103125537565,11:25:03.125,83.0600,44
41110285308948,11:25:10.285,83.0600,100
41110285308948,11:25:10.285,83.0700,100
41186176855970,11:26:26.176,83.0500,100
41188284954644,11:26:28.284,83.0500,1
41189975614190,11:26:29.975,83.0300,95
41189975650185,11:26:29.975,83.0300,5
41189975657791,11:26:29.975,83.0300,5
41189975698050,11:26:29.975,83.0300,5
41189975847483,11:26:29.975,83.0300,5
41189976050343,11:26:29.976,83.0300,5
41197576635841,11:26:37.576,83.0700,100
41199240619118,11:26:39.240,83.0700,24
41199240619118,11:26:39.240,83.0700,1
41199240619118,11:26:39.240,83.0700,100
41199240619118,11:26:39.240,83.0700,43
41199240631057,11:26:39.240,83.0700,57
41199240631057,11:26:39.240,83.0700,100
41199240631057,11:26:39.240,83.0700,100
41199242326593,11:26:39.242,83.0800,100
41199242326593,11:26:39.242,83.0800,271
41199242326593,11:26:39.242,83.0800,100
41203151802551,11:26:43.151,83.0800,100
41207704620052,11:26:47.704,83.0800,100
41217575033046,11:26:57.575,83.0800,71
41227694588923,11:27:07.694,83.0900,100
41227694588923,11:27:07.694,83.0900,100
41227694588923,11:27:07.694,83.0900,20
41227695007256,11:27:07.695,83.0900,100
41227695025572,11:27:07.695,83.0900,62
41227695574377,11:27:07.695,83.0900,38
41248007570223,11:27:28.007,83.1000,1
41261681175825,11:27:41.681,83.1000,4
41267573637254,11:27:47.573,83.1200,100
41267573662017,11:27:47.573,83.1200,100
41268736892740,11:27:48.736,83.1200,100
41270088614239,11:27:50.088,83.1200,100
41277717813268,11:27:57.717,83.1400,100
41282545284270,11:28:02.545,83.1700,100
41282545986696,11:28:02.545,83.2000,100
41282546515453,11:28:02.546,83.1700,23
41282559024263,11:28:02.559,83.2200,100
41282559024263,11:28:02.559,83.2300,100
41282559024263,11:28:02.559,83.2300,70
41286808036235,11:28:06.808,83.2400,22
41286808036235,11:28:06.808,83.2400,78
41286808105996,11:28:06.808,83.2400,22
41307684048805,11:28:27.684,83.3200,100
41308007668206,11:28:28.007,83.3300,1
41337609344429,11:28:57.609,83.3900,100
41357551302436,11:29:17.551,83.3900,48
41357551302436,11:29:17.551,83.3900,52
41363751953090,11:29:23.751,83.3900,36
41363751953090,11:29:23.751,83.3900,4
41367666505316,11:29:27.666,83.4200,100
41388715859197,11:29:48.715,83.3900,1
41388715866393,11:29:48.715,83.3800,36
41388716418961,11:29:48.716,83.3700,100
41388716418961,11:29:48.716,83.3600,100
41388716445518,11:29:48.716,83.3600,100
41388716475196,11:29:48.716,83.3600,100
41388720738497,11:29:48.720,83.3700,100
41388786504241,11:29:48.786,83.3900,10
41388786504241,11:29:48.786,83.3900,90
41388786529274,11:29:48.786,83.3900,10
41388786529274,11:29:48.786,83.3900,100
41388811992991,11:29:48.811,83.3900,10
41388811992991,11:29:48.811,83.3900,3
41415248918760,11:30:15.248,83.3600,99
41415248937660,11:30:15.248,83.3600,1
41415248955200,11:30:15.248,83.3600,100
41415248981832,11:30:15.248,83.3400,37
41415249037630,11:30:15.249,83.3400,56
41415249042038,11:30:15.249,83.3400,56
41415253252316,11:30:15.253,83.3700,100
41415253252316,11:30:15.253,83.3700,100
41415258577493,11:30:15.258,83.3600,100
41415425142264,11:30:15.425,83.3800,100
41416225289314,11:30:16.225,83.3500,200
41416225317802,11:30:16.225,83.3500,100
41416227040424,11:30:16.227,83.3700,10
41416666683021,11:30:16.666,83.3500,10
41434027383104,11:30:34.027,83.3300,100
41434028674606,11:30:34.028,83.3100,90
41434029064343,11:30:34.029,83.3100,10
41441501240580,11:30:41.501,83.3200,100
41441501240580,11:30:41.501,83.3200,100
41447513285080,11:30:47.513,83.3400,16
41447513298968,11:30:47.513,83.3400,3
41447513298968,11:30:47.513,83.3400,23
41447513406907,11:30:47.513,83.3200,10
41447713233223,11:30:47.713,83.3400,10
41457793244788,11:30:57.793,83.3700,57
41470955685702,11:31:10.955,83.4100,100
41470955685702,11:31:10.955,83.4300,100
41470956363615,11:31:10.956,83.4300,100
41504889753901,11:31:44.889,83.4300,100
41504889808500,11:31:44.889,83.4300,100
41509029967562,11:31:49.029,83.4300,100
41509029967562,11:31:49.029,83.4300,176
41517047011338,11:31:57.047,83.4000,8
41535255329484,11:32:15.255,83.3800,1
41535255329484,11:32:15.255,83.3800,100
41535256530394,11:32:15.256,83.3800,100
41535256591404,11:32:15.256,83.3700,100
41535263944651,11:32:15.263,83.4100,10
41535263944651,11:32:15.263,83.4200,100
41535264702567,11:32:15.264,83.4300,23
41535264702567,11:32:15.264,83.4300,77
41535264735112,11:32:15.264,83.4300,23
41536284687836,11:32:16.284,83.5000,65
41557528966785,11:32:37.528,83.4500,2
41557528966785,11:32:37.528,83.4500,56
41557528996936,11:32:37.528,83.4500,100
41559639541111,11:32:39.639,83.3800,100
41610633291759,11:33:30.633,83.4100,1
41673499370038,11:34:33.499,83.4100,78
41673499409897,11:34:33.499,83.4100,22
41702426979133,11:35:02.426,83.4200,22
41702426979133,11:35:02.426,83.4200,1
41702426979133,11:35:02.426,83.4200,27
41702426998059,11:35:02.426,83.4200,57
41702427012203,11:35:02.427,83.4200,16
41702427012203,11:35:02.427,83.4200,8
41702427241242,11:35:02.427,83.4200,16
41702646111433,11:35:02.646,83.4200,4
41713955693283,11:35:13.955,83.3800,3
41713955693283,11:35:13.955,83.3800,2
41713955694150,11:35:13.955,83.3800,5
41718337291331,11:35:18.337,83.3200,100
41749402751973,11:35:49.402,83.2400,2
41749512354652,11:35:49.512,83.2600,100
41790103754929,11:36:30.103,83.2300,3
41794542605907,11:36:34.542,83.2100,1
41794542605907,11:36:34.542,83.2100,2
41831036401811,11:37:11.036,83.1700,100
41831036401811,11:37:11.036,83.1700,100
41831036559225,11:37:11.036,83.1700,1
41848013934999,11:37:28.013,83.1500,1
41857321459810,11:37:37.321,83.1700,100
41857321459810,11:37:37.321,83.1800,100
41857321459810,11:37:37.321,83.1800,100
41857321459810,11:37:37.321,83.1800,100
41857322906121,11:37:37.322,83.1800,55
41857322906121,11:37:37.322,83.1800,3
41857322906121,11:37:37.322,83.1800,42
41857332964518,11:37:37.332,83.1800,58
41857332964518,11:37:37.332,83.1800,42
41857334215234,11:37:37.334,83.1800,58
41868445177657,11:37:48.445,83.1800,100
41868445177657,11:37:48.445,83.1800,100
41868445177657,11:37:48.445,83.1800,100
41868445177657,11:37:48.445,83.1800,100
41868445177657,11:37:48.445,83.1800,100
41868447376392,11:37:48.447,83.2000,100
41875891189340,11:37:55.891,83.2000,100
41878140951198,11:37:58.140,83.2000,100
41878143068539,11:37:58.143,83.2000,1300
41878347295845,11:37:58.347,83.2000,200
41878460090076,11:37:58.460,83.2000,700
41878460604627,11:37:58.460,83.2000,2200
41878460651615,11:37:58.460,83.2000,700
41878460696915,11:37:58.460,83.2000,600
41900444722744,11:38:20.444,83.2100,100
41900444722744,11:38:20.444,83.2100,21
41900446388812,11:38:20.446,83.2000,100
41909357864291,11:38:29.357,83.1700,1
41949601577139,11:39:09.601,83.1300,1
41949601577139,11:39:09.601,83.1300,2
41950753898644,11:39:10.753,83.1400,17
41950756100077,11:39:10.756,83.1500,5
41995003249471,11:39:55.003,83.0700,2
42033187453400,11:40:33.187,83.0500,1
42060364494769,11:41:00.364,83.0800,100
42060364494769,11:41:00.364,83.0800,100
42060364494769,11:41:00.364,83.0800,1
42060364494769,11:41:00.364,83.0800,100
42060364494769,11:41:00.364,83.0800,99
42060364563536,11:41:00.364,83.0800,1
42069057204098,11:41:09.057,83.0700,2
42088023195152,11:41:28.023,83.0700,1
42088023208362,11:41:28.023,83.0500,94
42088023220544,11:41:28.023,83.0500,6
42148060825313,11:42:28.060,83.0400,1
42194824372992,11:43:14.824,83.0700,200
42194824372992,11:43:14.824,83.0700,20
42194824372992,11:43:14.824,83.0700,4
42194824377711,11:43:14.824,83.0700,96
42194824400117,11:43:14.824,83.0700,96
42194824422218,11:43:14.824,83.0700,4
42196058396192,11:43:16.058,83.0900,37
42196058420171,11:43:16.058,83.0900,63
42210480549041,11:43:30.480,83.0700,1
42269924128822,11:44:29.924,83.1100,100
42269924128822,11:44:29.924,83.1100,100
42269924128822,11:44:29.924,83.1100,20
42269924128822,11:44:29.924,83.1100,100
42269924128822,11:44:29.924,83.1100,100
42269924357999,11:44:29.924,83.1100,100
42269924357999,11:44:29.924,83.1100,100
42269924459545,11:44:29.924,83.1100,100
42270440133272,11:44:30.440,83.1300,100
42270440133272,11:44:30.440,83.1300,100
42271014677817,11:44:31.014,83.1400,1
42271100768650,11:44:31.100,83.1500,100
42349654573797,11:45:49.654,83.1500,1
42349654615547,11:45:49.654,83.1200,23
42393843530913,11:46:33.843,83.1200,1
42415746281356,11:46:55.746,83.0900,100
42415746340711,11:46:55.746,83.0800,38
42415747360147,11:46:55.747,83.0800,131
42430795126218,11:47:10.795,83.0800,17
42430795126218,11:47:10.795,83.0800,10
42430795126218,11:47:10.795,83.0800,1
42449769072202,11:47:29.769,83.1000,100
42454858738261,11:47:34.858,83.1100,100
42454858764689,11:47:34.858,83.1100,100
42454858764689,11:47:34.858,83.1100,20
42455002819853,11:47:35.002,83.1100,100
42455010633566,11:47:35.010,83.1200,100
42497527098876,11:48:17.527,83.1100,1
42497527098876,11:48:17.527,83.1100,1
42497527122166,11:48:17.527,83.1000,45
42497527128841,11:48:17.527,83.1000,55
42506739007537,11:48:26.739,83.1050,100
42529663662853,11:48:49.663,83.1300,100
42529663662853,11:48:49.663,83.1300,20
42580215306995,11:49:40.215,83.1700,100
42580215713012,11:49:40.215,83.1800,71
42580215737622,11:49:40.215,83.1800,29
42590151795178,11:49:50.151,83.1800,18
42593036574928,11:49:53.036,83.1800,1
42594031945120,11:49:54.031,83.2000,70
42631007492300,11:50:31.007,83.2100,1
42657360340202,11:50:57.360,83.1600,1
42657360357580,11:50:57.360,83.1500,100
42657360370785,11:50:57.360,83.1500,100
42657361120547,11:50:57.361,83.1200,100
42657458646451,11:50:57.458,83.1200,46
42657458673219,11:50:57.458,83.1200,54
42657458673219,11:50:57.458,83.1200,100
42657458673219,11:50:57.458,83.1200,10
42659777543242,11:50:59.777,83.1200,10
42691540730958,11:51:31.540,83.1200,1
42694466991569,11:51:34.466,83.0900,1
42718700722185,11:51:58.700,83.1100,100
42718700722185,11:51:58.700,83.1100,22
42718700727714,11:51:58.700,83.1100,8
42769647096505,11:52:49.647,83.1200,100
42769647096505,11:52:49.647,83.1200,100
42769647096505,11:52:49.647,83.1200,20
42837042015384,11:53:57.042,83.1800,100
42851549503253,11:54:11.549,83.2200,20
42851551465276,11:54:11.551,83.1900,10
42851551465276,11:54:11.551,83.1900,10
42851567409871,11:54:11.567,83.2200,14
42868012131570,11:54:28.012,83.1900,1
42879304221021,11:54:39.304,83.1500,100
42879304506727,11:54:39.304,83.1500,100
42879304548601,11:54:39.304,83.1500,100
42903495214765,11:55:03.495,83.1700,18
42903495214765,11:55:03.495,83.1700,8
42903495214765,11:55:03.495,83.1700,100
42912473257330,11:55:12.473,83.1500,1
42918168123073,11:55:18.168,83.1500,100
42918168123073,11:55:18.168,83.1500,3
42920497933545,11:55:20.497,83.1900,100
42920497933545,11:55:20.497,83.1900,100
43016243902644,11:56:56.243,83.2000,20
43016243902644,11:56:56.243,83.2000,80
43016243928568,11:56:56.243,83.2000,20
43016246674572,11:56:56.246,83.2200,100
43016247619054,11:56:56.247,83.1900,100
43053120970193,11:57:33.120,83.1800,1
43053122669009,11:57:33.122,83.1700,5
43053122669009,11:57:33.122,83.1700,1
43197037115680,11:59:57.037,83.2100,100
43197037115680,11:59:57.037,83.2100,10
43197037115680,11:59:57.037,83.2100,84
43197037115680,11:59:57.037,83.2100,19
43197037115680,11:59:57.037,83.2100,100
43197037215313,11:59:57.037,83.2100,100
43197044063112,11:59:57.044,83.2100,100
43200786977525,12:00:00.786,83.2100,100
43201025043631,12:00:01.025,83.2200,100
43201026091745,12:00:01.026,83.2200,100
43210175495726,12:00:10.175,83.2600,20
43228014287862,12:00:28.014,83.2500,1
43234244127468,12:00:34.244,83.2100,42
43234244127468,12:00:34.244,83.2100,100
43240931264198,12:00:40.931,83.2300,100
43266456111517,12:01:06.456,83.2100,3
43266456111517,12:01:06.456,83.1900,100
43353737909496,12:02:33.737,83.1100,1
43402572906639,12:03:22.572,83.1500,100
43402572906639,12:03:22.572,83.1500,100
43402574043570,12:03:22.574,83.1600,100
43402577188389,12:03:22.577,83.1200,100
43431327061920,12:03:51.327,83.1200,1
43431327061920,12:03:51.327,83.1200,1
43431327061920,12:03:51.327,83.1200,1
43431327061920,12:03:51.327,83.1200,1
43435850868556,12:03:55.850,83.0900,160
43435850868556,12:03:55.850,83.0800,40
43468009083233,12:04:28.009,83.0800,1
43483851390274,12:04:43.851,83.0500,100
43483851390274,12:04:43.851,83.0500,100
43485015371831,12:04:45.015,83.0700,1
43485015371831,12:04:45.015,83.0700,100
43557040893724,12:05:57.040,83.1100,100
43557040893724,12:05:57.040,83.1100,18
43588009802536,12:06:28.009,83.1200,1
43588009841830,12:06:28.009,83.1200,15
43668135416045,12:07:48.135,83.1400,1
43668140293824,12:07:48.140,83.1500,19
43668140293824,12:07:48.140,83.1500,100
43668140293824,12:07:48.140,83.1500,100
43668140430086,12:07:48.140,83.1500,100
43668140625012,12:07:48.140,83.1500,38
43668140711956,12:07:48.140,83.1500,55
43668140755266,12:07:48.140,83.1500,7
43668154266629,12:07:48.154,83.1500,300
43668154302653,12:07:48.154,83.1500,1
43669274189470,12:07:49.274,83.1500,100
43669896294412,12:07:49.896,83.1450,100
43669896294412,12:07:49.896,83.1400,1
43669896331565,12:07:49.896,83.1400,100
43669896359776,12:07:49.896,83.1300,9
43681704677365,12:08:01.704,83.1300,100
43681704677365,12:08:01.704,83.1300,100
43691017355083,12:08:11.017,83.1300,100
43691018599054,12:08:11.018,83.1400,22
43691022614651,12:08:11.022,83.1500,100
43727350008157,12:08:47.350,83.1500,100
43761390498836,12:09:21.390,83.1200,1
43761390498836,12:09:21.390,83.1200,33
43800250005340,12:10:00.250,83.1200,100
43829380273624,12:10:29.380,83.1400,100
43829380273624,12:10:29.380,83.1400,21
43829380273624,12:10:29.380,83.1400,79
43829380973892,12:10:29.380,83.1400,21
43829551626306,12:10:29.551,83.1500,5
43830012986204,12:10:30.012,83.1400,1
43830012986204,12:10:30.012,83.1400,99
43830013016773,12:10:30.013,83.1400,1
43833974985986,12:10:33.974,83.1500,100
43847617216175,12:10:47.617,83.1300,7
43863607829034,12:11:03.607,83.1500,400
43863609294731,12:11:03.609,83.1600,100
43863613486604,12:11:03.613,83.1500,300
43863627018661,12:11:03.627,83.1500,75
43863627018661,12:11:03.627,83.1500,200
43889039230949,12:11:29.039,83.1400,1
43889039732357,12:11:29.039,83.1300,38
43889039732357,12:11:29.039,83.1300,199
43889040115243,12:11:29.040,83.1300,1
43889040174350,12:11:29.040,83.1300,2
43889040798393,12:11:29.040,83.1300,100
43925768472394,12:12:05.768,83.1200,1
43950363877268,12:12:30.363,83.1500,21
43950366230303,12:12:30.366,83.1600,100
43950376995233,12:12:30.376,83.1500,100
43950489335000,12:12:30.489,83.1500,100
43950492797033,12:12:30.492,83.1500,100
43950492839011,12:12:30.492,83.1500,100
44008012630241,12:13:28.012,83.1500,400
44008013969454,12:13:28.013,83.1500,100
44008036323147,12:13:28.036,83.1500,200
44008228803373,12:13:28.228,83.1500,200
44008252952849,12:13:28.252,83.1500,100
44008252999879,12:13:28.252,83.1500,100
44014540929045,12:13:34.540,83.1500,100
44014541314471,12:13:34.541,83.1500,100
44014541314471,12:13:34.541,83.1500,100
44014545163490,12:13:34.545,83.1500,100
44014914601648,12:13:34.914,83.1400,1
44014914601648,12:13:34.914,83.1400,2
44014914913079,12:13:34.914,83.1400,100
44014915593791,12:13:34.915,83.1400,100
44058502858427,12:14:18.502,83.1400,60
44058502993268,12:14:18.502,83.1300,53
44058503004551,12:14:18.503,83.1300,147
44058503004551,12:14:18.503,83.1300,3
44058527910422,12:14:18.527,83.1300,10
44087506527694,12:14:47.506,83.1400,72
44087506560493,12:14:47.506,83.1400,28
44128009296122,12:15:28.009,83.1500,100
44128009296122,12:15:28.009,83.1500,21
44128009296122,12:15:28.009,83.1500,13
44128010637749,12:15:28.010,83.1500,100
44128010637749,12:15:28.010,83.1500,500
44146720803101,12:15:46.720,83.1300,1
44209416715334,12:16:49.416,83.1500,2
44209423717123,12:16:49.423,83.1300,1
44209423717123,12:16:49.423,83.1300,39
44211753869797,12:16:51.753,83.1500,198
44211753869797,12:16:51.753,83.1500,16
44211753869797,12:16:51.753,83.1500,21
44211755773867,12:16:51.755,83.1600,23
44211757494934,12:16:51.757,83.1500,100
44211760146425,12:16:51.760,83.1500,100
44212191057831,12:16:52.191,83.1500,200
44212198041478,12:16:52.198,83.1500,100
44212198071982,12:16:52.198,83.1500,100
44212198417036,12:16:52.198,83.1500,10
44212198417036,12:16:52.198,83.1500,10
44242253058261,12:17:22.253,83.1200,100
44320392256417,12:18:40.392,83.1200,1
44343848277995,12:19:03.848,83.1300,19
44343848277995,12:19:03.848,83.1300,100
44343850723022,12:19:03.850,83.1400,100
44343856262901,12:19:03.856,83.1500,400
44343856262901,12:19:03.856,83.1500,100
44349795411861,12:19:09.795,83.1500,200
44349795411861,12:19:09.795,83.1500,18
44349795411861,12:19:09.795,83.1500,100
44377641277031,12:19:37.641,83.1400,100
44394195342061,12:19:54.195,83.1300,1
44394233766067,12:19:54.233,83.1400,13
44394233766067,12:19:54.233,83.1400,87
44395910900095,12:19:55.910,83.1300,17
44395911000201,12:19:55.911,83.1300,83
44446647471467,12:20:46.647,83.1300,19
44446647471467,12:20:46.647,83.1300,100
44505233566649,12:21:45.233,83.1200,1
44505233566649,12:21:45.233,83.1200,99
44530883402713,12:22:10.883,83.1400,56
44541028066510,12:22:21.028,83.1400,44
44569099306920,12:22:49.099,83.1300,2
44570413322867,12:22:50.413,83.1500,200
44606087232461,12:23:26.087,83.1500,100
44606247101748,12:23:26.247,83.1500,200
44608367726952,12:23:28.367,83.1500,100
44608367726952,12:23:28.367,83.1500,100
44608394207182,12:23:28.394,83.1500,100
44612175569651,12:23:32.175,83.1500,100
44612194011032,12:23:32.194,83.1500,100
44614128917165,12:23:34.128,83.1400,36
44652215013283,12:24:12.215,83.1300,199
44652215063941,12:24:12.215,83.1300,1
44652215063941,12:24:12.215,83.1200,199
44652215071160,12:24:12.215,83.1200,1
44743337570890,12:25:43.337,83.1400,100
44743337607639,12:25:43.337,83.1400,16
44743345514565,12:25:43.345,83.1400,40
44757038048339,12:25:57.038,83.1400,1
44817016413512,12:26:57.016,83.1400,1
44817137239883,12:26:57.137,83.1400,19
44817137239883,12:26:57.137,83.1400,100
44817137239883,12:26:57.137,83.1400,81
44834861064873,12:27:14.861,83.1200,2
44834861079155,12:27:14.861,83.1200,1
44834861079155,12:27:14.861,83.1200,1
44834861079155,12:27:14.861,83.1200,1
44834863563274,12:27:14.863,83.1000,100
44880659818986,12:28:00.659,83.1300,100
44880659818986,12:28:00.659,83.1300,12
44880659822082,12:28:00.659,83.1300,19
44880671738440,12:28:00.671,83.1400,12
44910004625789,12:28:30.004,83.1200,1
44910004661610,12:28:30.004,83.1100,27
44910005057826,12:28:30.005,83.1100,73
44979756255906,12:29:39.756,83.1400,100
44979756255906,12:29:39.756,83.1400,19
44979756255906,12:29:39.756,83.1400,100
44979756471118,12:29:39.756,83.1400,100
44979756471118,12:29:39.756,83.1400,100
44979756716207,12:29:39.756,83.1400,100
44982016888194,12:29:42.016,83.1400,1
44982016888194,12:29:42.016,83.1400,100
45000290736650,12:30:00.290,83.1500,100
45000290736650,12:30:00.290,83.1500,100
45000290736650,12:30:00.290,83.1500,100
45007570278192,12:30:07.570,83.1400,1
45013697357511,12:30:13.697,83.1400,10
45013698076106,12:30:13.698,83.1500,20
45013699463166,12:30:13.699,83.1500,180
45013699463166,12:30:13.699,83.1500,20
45013708924990,12:30:13.708,83.1500,100
45013708960861,12:30:13.708,83.1500,100
45020117738970,12:30:20.117,83.1700,100
45029241399092,12:30:29.241,83.2800,100
45029241399092,12:30:29.241,83.2800,100
45030017467334,12:30:30.017,83.3100,1
45061100780744,12:31:01.100,83.3700,1
45062615286591,12:31:02.615,83.3600,100
45144503279577,12:32:24.503,83.3300,100
45144503310186,12:32:24.503,83.3300,100
45151993896899,12:32:31.993,83.3600,100
45152054453823,12:32:32.054,83.3600,1
45182195589728,12:33:02.195,83.3500,100
45189664287861,12:33:09.664,83.2900,33
45222993503365,12:33:42.993,83.2500,100
45222994106257,12:33:42.994,83.2400,50
45222994126056,12:33:42.994,83.2400,50
45260450021343,12:34:20.450,83.2300,100
45315020835728,12:35:15.020,83.2700,58
45315020848192,12:35:15.020,83.2700,42
45315020848192,12:35:15.020,83.2700,10
45315020852121,12:35:15.020,83.2700,12
45328010750299,12:35:28.010,83.2800,1
45388013730516,12:36:28.013,83.2700,1
45394918623850,12:36:34.918,83.2400,100
45394918660940,12:36:34.918,83.2300,20
45423824479593,12:37:03.824,83.2800,100
45423824479593,12:37:03.824,83.2800,18
45450816983538,12:37:30.816,83.3200,100
45450817383295,12:37:30.817,83.3200,100
45450817383295,12:37:30.817,83.3200,100
45450817916831,12:37:30.817,83.3300,100
45450818553791,12:37:30.818,83.3300,100
45473085873477,12:37:53.085,83.3300,100
45477063292194,12:37:57.063,83.3300,1
45497753271445,12:38:17.753,83.3500,19
45497753665130,12:38:17.753,83.3300,10
45497753689779,12:38:17.753,83.3100,1
45497753689779,12:38:17.753,83.3100,1
45497754313714,12:38:17.754,83.3500,10
45497754313714,12:38:17.754,83.3500,10
45508043028872,12:38:28.043,83.3400,1
45552047703658,12:39:12.047,83.3700,6
45552047972304,12:39:12.047,83.3700,18
45557090504524,12:39:17.090,83.3700,4
45567116862427,12:39:27.116,83.3700,72
45567160274646,12:39:27.160,83.3900,100
45568098428267,12:39:28.098,83.3600,1
45653927260485,12:40:53.927,83.3900,100
45696988550068,12:41:36.988,83.3700,1
45710977160237,12:41:50.977,83.3100,100
45716103623002,12:41:56.103,83.3500,200
45716103623002,12:41:56.103,83.3500,200
45716103704149,12:41:56.103,83.3100,10
45748010331428,12:42:28.010,83.3000,1
45829377272871,12:43:49.377,83.3000,1
45845606742768,12:44:05.606,83.2900,152
45845606742768,12:44:05.606,83.2800,48
45845606770171,12:44:05.606,83.2800,52
45845606770171,12:44:05.606,83.2800,100
45856128190642,12:44:16.128,83.2800,100
45856268930503,12:44:16.268,83.2800,100
45886894115005,12:44:46.894,83.2500,2
45909204323903,12:45:09.204,83.2900,100
45909204323903,12:45:09.204,83.2900,52
45909204349881,12:45:09.204,83.2900,111
45909204907027,12:45:09.204,83.2900,37
45909204907027,12:45:09.204,83.2900,100
45961314129441,12:46:01.314,83.2700,4
45961314129441,12:46:01.314,83.2700,16
45988133687568,12:46:28.133,83.2700,1
45988133687568,12:46:28.133,83.2700,2
46052983811282,12:47:32.983,83.2700,1
46052983811282,12:47:32.983,83.2700,4
46071225315880,12:47:51.225,83.2700,49
46076543307291,12:47:56.543,83.2600,100
46076543737788,12:47:56.543,83.2600,100
46127356404029,12:48:47.356,83.2700,1
46127356404029,12:48:47.356,83.2700,1
46127356404029,12:48:47.356,83.2700,2
46248268374409,12:50:48.268,83.2700,1
46248268374409,12:50:48.268,83.2700,1
46279154852322,12:51:19.154,83.3000,200
46279154889064,12:51:19.154,83.3000,100
46279154889064,12:51:19.154,83.3000,2
46279154911401,12:51:19.154,83.3000,10
46279154933345,12:51:19.154,83.3000,7
46279154933345,12:51:19.154,83.3000,10
46279157550428,12:51:19.157,83.3000,1
46279157730130,12:51:19.157,83.3000,189
46279159183936,12:51:19.159,83.3000,44
46279159224907,12:51:19.159,83.3000,56
46317035729303,12:51:57.035,83.2900,100
46317035729303,12:51:57.035,83.2900,100
46317035729303,12:51:57.035,83.2900,100
46317036171804,12:51:57.036,83.2800,25
46317036477928,12:51:57.036,83.2800,100
46317037105426,12:51:57.037,83.2700,100
46329420749406,12:52:09.420,83.2700,1
46329420749406,12:52:09.420,83.2700,2
46348011623191,12:52:28.011,83.2800,1
46357115770932,12:52:37.115,83.2300,1
46409008271335,12:53:29.008,83.2500,1
46410173209939,12:53:30.173,83.2900,200
46437437928463,12:53:57.437,83.3000,100
46437437928463,12:53:57.437,83.3000,100
46437437928463,12:53:57.437,83.3000,100
46437437928463,12:53:57.437,83.3000,23
46440029424614,12:54:00.029,83.3300,100
46459804555938,12:54:19.804,83.2800,1
46459804555938,12:54:19.804,83.2800,100
46459804560264,12:54:19.804,83.2800,1
46459804595481,12:54:19.804,83.2800,83
46462807721777,12:54:22.807,83.2700,100
46462807721777,12:54:22.807,83.2700,100
46484333580526,12:54:44.333,83.2700,59
46525103968024,12:55:25.103,83.2500,1
46525103968024,12:55:25.103,83.2500,18
46539238084233,12:55:39.238,83.2200,100
46686055738928,12:58:06.055,83.2600,40
46692560681527,12:58:12.560,83.2300,2
46692560681527,12:58:12.560,83.2300,2
46711503803895,12:58:31.503,83.2600,60
46711503803895,12:58:31.503,83.2600,23
46711503803895,12:58:31.503,83.2600,100
46711503803895,12:58:31.503,83.2600,200
46711503803895,12:58:31.503,83.2600,100
46774000497084,12:59:34.000,83.2400,1
46825697494602,13:00:25.697,83.2400,100
46825697520975,13:00:25.697,83.2400,4
46902777751520,13:01:42.777,83.2400,1
46902777751520,13:01:42.777,83.2400,6
46902826897160,13:01:42.826,83.2300,2
46909593904007,13:01:49.593,83.2400,100
47014669580469,13:03:34.669,83.1900,1
47021392761787,13:03:41.392,83.1400,100
47021392761787,13:03:41.392,83.1400,100
47021392761787,13:03:41.392,83.1400,100
47024401752064,13:03:44.401,83.1000,100
47032615647569,13:03:52.615,83.1000,100
47046574726275,13:04:06.574,83.1400,71
47046574754011,13:04:06.574,83.1400,229
47046574754011,13:04:06.574,83.1400,43
47046575049894,13:04:06.575,83.1400,57
47046575049894,13:04:06.575,83.1400,18
47098873409646,13:04:58.873,83.1200,3
47098873409646,13:04:58.873,83.1200,1
47098873409646,13:04:58.873,83.1200,5
47109593900885,13:05:09.593,83.1500,71
47109593926943,13:05:09.593,83.1500,1
47109594617577,13:05:09.594,83.1500,28
47109594617577,13:05:09.594,83.1500,200
47109594734352,13:05:09.594,83.1500,100
47116626011341,13:05:16.626,83.1600,100
47174158287166,13:06:14.158,83.1600,18
47208889145540,13:06:48.889,83.1700,100
47208890888143,13:06:48.890,83.1700,19
47217016001228,13:06:57.016,83.1700,1
47223288191171,13:07:03.288,83.1700,2
47223288191171,13:07:03.288,83.1700,5
47232200595054,13:07:12.200,83.1700,95
47232200595054,13:07:12.200,83.1700,5
47247317231606,13:07:27.317,83.1700,48
47247317305005,13:07:27.317,83.1700,24
47247317437954,13:07:27.317,83.1700,23
47247317437954,13:07:27.317,83.1700,49
47247317580598,13:07:27.317,83.1700,51
47247317580598,13:07:27.317,83.1700,21
47247317752346,13:07:27.317,83.1700,24
47251817246537,13:07:31.817,83.1800,1
47251829684718,13:07:31.829,83.1900,1
47251829684718,13:07:31.829,83.1900,12
47260441461069,13:07:40.441,83.1700,1
47265796684887,13:07:45.796,83.1900,100
47308325908532,13:08:28.325,83.2000,1
47320286403868,13:08:40.286,83.2050,200
47320286425658,13:08:40.286,83.2050,1
47320286648475,13:08:40.286,83.2200,1
47320286648475,13:08:40.286,83.2200,18
47320286648475,13:08:40.286,83.2200,100
47320287303288,13:08:40.287,83.2200,100
47320297570681,13:08:40.297,83.2200,72
47320297609848,13:08:40.297,83.2200,28
47320307963379,13:08:40.307,83.2400,1
47320307963379,13:08:40.307,83.2500,74
47362020547827,13:09:22.020,83.2500,26
47362020547827,13:09:22.020,83.2500,9
47371009900118,13:09:31.009,83.2500,1
47419777204073,13:10:19.777,83.2300,4
47419777204073,13:10:19.777,83.2300,2
47419777204073,13:10:19.777,83.2300,1
47419777204073,13:10:19.777,83.2300,26
47419777207286,13:10:19.777,83.2300,33
47419777236172,13:10:19.777,83.2300,33
47419777263767,13:10:19.777,83.2300,33
47445506648057,13:10:45.506,83.2100,100
47445506648057,13:10:45.506,83.2100,100
47491655674853,13:11:31.655,83.2000,1
47507774475402,13:11:47.774,83.1800,100
47529015285890,13:12:09.015,83.2200,10
47529015285890,13:12:09.015,83.2200,18
47542428203018,13:12:22.428,83.1900,100
47542437949035,13:12:22.437,83.1800,100
47542437974279,13:12:22.437,83.1800,21
47542468095909,13:12:22.468,83.1900,100
47551573363668,13:12:31.573,83.1700,14
47608020428724,13:13:28.020,83.1500,1
47650700160196,13:14:10.700,83.1300,1
47650700160196,13:14:10.700,83.1300,1
47650700295646,13:14:10.700,83.1300,1
47650700387274,13:14:10.700,83.1300,2
47728017495601,13:15:28.017,83.1200,1
47728017616944,13:15:28.017,83.1000,21
47877055995819,13:17:57.055,83.1300,8
47877056491234,13:17:57.056,83.1300,2
47886364083557,13:18:06.364,83.1100,1
47886365955978,13:18:06.365,83.1200,10
47886366051462,13:18:06.366,83.1100,10
47895471368992,13:18:15.471,83.1100,10
47895471368992,13:18:15.471,83.1100,5
47895471368992,13:18:15.471,83.1100,2
47898291345649,13:18:18.291,83.1000,1
47898291345649,13:18:18.291,83.1000,100
47898292294538,13:18:18.292,83.0800,100
47968010146832,13:19:28.010,83.0500,1
47980097386091,13:19:40.097,83.0400,98
47980097825949,13:19:40.097,83.0400,2
47980097952307,13:19:40.097,83.0400,99
48000193960740,13:20:00.193,83.0200,1
48000197212069,13:20:00.197,83.0300,17
48000197274762,13:20:00.197,83.0300,12
48045847602963,13:20:45.847,83.0200,22
48090496743226,13:21:30.496,83.0600,21
48090496743226,13:21:30.496,83.0600,100
48090496743226,13:21:30.496,83.0600,17
48090497324225,13:21:30.497,83.0700,100
48090497324225,13:21:30.497,83.0700,100
48090497874038,13:21:30.497,83.0700,100
48090498135136,13:21:30.498,83.0700,100
48090498135136,13:21:30.498,83.0700,100
48090498139004,13:21:30.498,83.0700,2
48090499397385,13:21:30.499,83.0700,58
48090499421106,13:21:30.499,83.0700,1
48090499861770,13:21:30.499,83.0700,39
48090499968067,13:21:30.499,83.0700,99
48090500332506,13:21:30.500,83.0600,100
48090500410957,13:21:30.500,83.0600,100
48090500417695,13:21:30.500,83.0600,100
48090502146897,13:21:30.502,83.0700,8
48092004606422,13:21:32.004,83.0600,1
48099177435432,13:21:39.177,83.0700,2
48099927345347,13:21:39.927,83.0800,100
48099927345347,13:21:39.927,83.0800,100
48100550031943,13:21:40.550,83.1000,100
48100550031943,13:21:40.550,83.1000,100
48100555207415,13:21:40.555,83.1100,11
48147001310026,13:22:27.001,83.0700,1
48147001310026,13:22:27.001,83.0700,2
48170257036180,13:22:50.257,83.1100,100
48170257036180,13:22:50.257,83.1100,100
48180615197034,13:23:00.615,83.1400,18
48180615197034,13:23:00.615,83.1400,82
48197657349907,13:23:17.657,83.1400,100
48197658253683,13:23:17.658,83.1500,13
48237046016406,13:23:57.046,83.1700,1
48255583242377,13:24:15.583,83.1400,1
48255583242377,13:24:15.583,83.1400,63
48255583253938,13:24:15.583,83.1400,37
48255583253938,13:24:15.583,83.1400,1
48276661952099,13:24:36.661,83.1600,100
48362333110350,13:26:02.333,83.1600,1
48365030396949,13:26:05.030,83.1700,99
48403518221002,13:26:43.518,83.1800,1
48403518221002,13:26:43.518,83.1800,6
48403518221002,13:26:43.518,83.1800,93
48403518253390,13:26:43.518,83.1800,7
48405283013892,13:26:45.283,83.1600,100
48405283038073,13:26:45.283,83.1600,11
48448011507693,13:27:28.011,83.1600,1
48537021214971,13:28:57.021,83.1600,4
48537022768283,13:28:57.022,83.1600,1
48656835793719,13:30:56.835,83.1800,44
48656836939186,13:30:56.836,83.1800,24
48657918654685,13:30:57.918,83.1500,12
48657918654685,13:30:57.918,83.1500,100
48657941210448,13:30:57.941,83.1500,10
48662026685551,13:31:02.026,83.1700,24
48664645201887,13:31:04.645,83.1800,32
48664645201887,13:31:04.645,83.1800,68
48667525908846,13:31:07.525,83.1800,6
48667525969944,13:31:07.525,83.1800,1
48667526131162,13:31:07.526,83.1800,6
48667526277308,13:31:07.526,83.1800,6
48708346303747,13:31:48.346,83.1500,1
48739845020967,13:32:19.845,83.1800,93
48760896775194,13:32:40.896,83.1500,1
48813345669526,13:33:33.345,83.1500,2
48895454606251,13:34:55.454,83.1500,1
48895454606251,13:34:55.454,83.1500,1
48895454853724,13:34:55.454,83.1500,2
48895562064894,13:34:55.562,83.1600,100
48914675508689,13:35:14.675,83.1300,180
48914675508689,13:35:14.675,83.1300,100
48914677557304,13:35:14.677,83.1200,1
48914678132469,13:35:14.678,83.1100,100
48917084533669,13:35:17.084,83.1100,30
48926682655567,13:35:26.682,83.1100,100
48933636262752,13:35:33.636,83.1200,82
48933636324596,13:35:33.636,83.1200,18
48933636324596,13:35:33.636,83.1200,23
48933636324596,13:35:33.636,83.1200,100
48933636324596,13:35:33.636,83.1200,100
48933639377072,13:35:33.639,83.1300,6
48933641772081,13:35:33.641,83.1400,100
48952476085387,13:35:52.476,83.1300,100
48974448872939,13:36:14.448,83.1100,100
48974476071105,13:36:14.476,83.1200,10
48983750561267,13:36:23.750,83.1300,100
48997347426892,13:36:37.347,83.1500,18
48997347426892,13:36:37.347,83.1500,6
48997366196177,13:36:37.366,83.1600,100
49050762129741,13:37:30.762,83.1700,2
49051145755159,13:37:31.145,83.1700,11
49051145755159,13:37:31.145,83.1700,89
49055226195081,13:37:35.226,83.1800,300
49055226379720,13:37:35.226,83.1800,100
49055507656559,13:37:35.507,83.2100,100
49055507656559,13:37:35.507,83.2100,100
49098593334842,13:38:18.593,83.2300,100
49098593334842,13:38:18.593,83.2300,18
49125626845966,13:38:45.626,83.3000,1
49125626845966,13:38:45.626,83.2700,395
49133862943405,13:38:53.862,83.2600,100
49168010062484,13:39:28.010,83.2800,1
49195003227947,13:39:55.003,83.2500,23
49299473532607,13:41:39.473,83.3000,15
49323361154070,13:42:03.361,83.3100,14
49331565646206,13:42:11.565,83.2800,100
49331565722474,13:42:11.565,83.2700,100
49346442372344,13:42:26.442,83.2500,100
49346442372344,13:42:26.442,83.2500,100
49346442372344,13:42:26.442,83.2500,100
49346442372344,13:42:26.442,83.2500,100
49415491570876,13:43:35.491,83.2300,1
49441721039300,13:44:01.721,83.2100,1
49454807488598,13:44:14.807,83.2100,100
49454808400005,13:44:14.808,83.2000,10
49456130431301,13:44:16.130,83.1900,100
49500171343165,13:45:00.171,83.2000,40
49500171343165,13:45:00.171,83.2000,19
49500171343165,13:45:00.171,83.2000,68
49501281361738,13:45:01.281,83.2100,1
49509825933234,13:45:09.825,83.1800,33
49509826169144,13:45:09.826,83.1800,67
49509826169144,13:45:09.826,83.1800,100
49564119127994,13:46:04.119,83.2100,20
49564130386670,13:46:04.130,83.2200,10
49564130386670,13:46:04.130,83.2200,90
49564130424713,13:46:04.130,83.2200,10
49564130424713,13:46:04.130,83.2200,46
49564130463288,13:46:04.130,83.2200,54
49564130463288,13:46:04.130,83.2200,100
49564130826758,13:46:04.130,83.2200,88
49564130902139,13:46:04.130,83.2200,12
49599354542234,13:46:39.354,83.2100,1
49630896644557,13:47:10.896,83.1900,77
49630896658106,13:47:10.896,83.1900,23
49630896658106,13:47:10.896,83.1900,100
49630896875486,13:47:10.896,83.1800,100
49637029128368,13:47:17.029,83.1900,12
49637029485621,13:47:17.029,83.1900,6
49637029679502,13:47:17.029,83.1900,6
49685435242646,13:48:05.435,83.1400,100
49701472466219,13:48:21.472,83.1400,16
49701472466219,13:48:21.472,83.1400,21
49701472908837,13:48:21.472,83.1500,100
49703135260455,13:48:23.135,83.1600,100
49754494903975,13:49:14.494,83.1400,8
49770039907475,13:49:30.039,83.1300,100
49770039977833,13:49:30.039,83.1200,100
49790935320684,13:49:50.935,83.1500,20
49790935359653,13:49:50.935,83.1500,100
49790952710131,13:49:50.952,83.1600,5
49799513570044,13:49:59.513,83.1900,200
49807394811798,13:50:07.394,83.1800,1
49807394811798,13:50:07.394,83.1800,4
49810910564497,13:50:10.910,83.1800,100
49816133020218,13:50:16.133,83.1600,90
49816133027332,13:50:16.133,83.1600,10
49860117063047,13:51:00.117,83.1700,22
49860773753780,13:51:00.773,83.2100,33
49860773779188,13:51:00.773,83.2100,67
49870775446809,13:51:10.775,83.1800,1
49870776074554,13:51:10.776,83.1900,100
49886881701174,13:51:26.881,83.1600,100
49917061640775,13:51:57.061,83.1800,61
49917062150657,13:51:57.062,83.1800,39
49917063089219,13:51:57.063,83.1800,100
49920066807788,13:52:00.066,83.1700,2
49931617891771,13:52:11.617,83.1600,2
49931617891771,13:52:11.617,83.1600,1
49938782759348,13:52:18.782,83.1900,100
49938782759348,13:52:18.782,83.2000,100
49938782759348,13:52:18.782,83.2000,100
49938782859163,13:52:18.782,83.2000,100
50037046482727,13:53:57.046,83.2100,65
50037047141379,13:53:57.047,83.2000,100
50037104861214,13:53:57.104,83.2000,100
50068015554164,13:54:28.015,83.1800,1
50068015583901,13:54:28.015,83.1700,67
50068015612070,13:54:28.015,83.1600,100
50068017264214,13:54:28.017,83.1500,100
50068018147569,13:54:28.018,83.1300,100
50068018147569,13:54:28.018,83.1300,100
50068018147569,13:54:28.018,83.1300,100
50072421140846,13:54:32.421,83.1000,100
50110197952092,13:55:10.197,83.1100,100
50110197952092,13:55:10.197,83.1100,200
50129145745045,13:55:29.145,83.0800,1
50160978431126,13:56:00.978,83.1000,100
50160978431126,13:56:00.978,83.1000,90
50160978431126,13:56:00.978,83.1000,100
50213715953823,13:56:53.715,83.1300,20
50213715953823,13:56:53.715,83.1300,100
50213715953823,13:56:53.715,83.1300,100
50273571251905,13:57:53.571,83.1600,100
50277001619969,13:57:57.001,83.1400,1
50277001619969,13:57:57.001,83.1400,1
50277001625071,13:57:57.001,83.1400,6
50283273296972,13:58:03.273,83.1600,1
50314939036770,13:58:34.939,83.1600,21
50331667453610,13:58:51.667,83.1500,1
50360746722266,13:59:20.746,83.1700,74
50360747264666,13:59:20.747,83.1800,58
50360747306256,13:59:20.747,83.1800,42
50360748376890,13:59:20.748,83.1800,100
50402689283008,14:00:02.689,83.1800,1
50402690173368,14:00:02.690,83.1600,6
50403608022491,14:00:03.608,83.2100,22
50405734690193,14:00:05.734,83.2600,27
50405734693379,14:00:05.734,83.2600,73
50405734966529,14:00:05.734,83.2900,34
50405735337088,14:00:05.735,83.2600,100
50414579407847,14:00:14.579,83.3000,142
50470689055802,14:01:10.689,83.3400,1
50471134880968,14:01:11.134,83.3100,29
50471134895524,14:01:11.134,83.3000,100
50471134895524,14:01:11.134,83.3000,27
50471135105902,14:01:11.135,83.3000,12
50471135111021,14:01:11.135,83.3000,42
50471400054484,14:01:11.400,83.3000,19
50471400054484,14:01:11.400,83.3000,100
50471400054484,14:01:11.400,83.3000,41
50471400060894,14:01:11.400,83.3000,59
50471400060894,14:01:11.400,83.3000,41
50471400069798,14:01:11.400,83.3000,40
50471400303783,14:01:11.400,83.3000,19
50471400303783,14:01:11.400,83.3000,44
50471400318585,14:01:11.400,83.3000,40
50471400347761,14:01:11.400,83.3000,16
50471400347761,14:01:11.400,83.3000,25
50471400376303,14:01:11.400,83.3000,75
50471962365607,14:01:11.962,83.3700,17
50471962365607,14:01:11.962,83.3700,100
50530990574605,14:02:10.990,83.4200,6
50530990992589,14:02:10.990,83.4100,27
50530991018769,14:02:10.991,83.4100,73
50530991225860,14:02:10.991,83.4100,59
50530991240523,14:02:10.991,83.4100,39
50572273062016,14:02:52.273,83.4800,100
50572273062016,14:02:52.273,83.4800,7
50572273109654,14:02:52.273,83.4800,93
50572273337502,14:02:52.273,83.4900,100
50580417987397,14:03:00.417,83.5200,100
50580418053569,14:03:00.418,83.5200,19
50580769510567,14:03:00.769,83.5600,2
50609514644931,14:03:29.514,83.6800,68
50609514649597,14:03:29.514,83.6800,32
50612418478498,14:03:32.418,83.6700,1
50642649165481,14:04:02.649,83.6600,1
50670571026837,14:04:30.571,83.7800,19
50670571026837,14:04:30.571,83.7800,18
50670587662016,14:04:30.587,83.7800,82
50670587662016,14:04:30.587,83.7800,2
50670588078754,14:04:30.588,83.7800,57
50670588086121,14:04:30.588,83.7800,14
50675458862461,14:04:35.458,83.8000,1
50676432306227,14:04:36.432,83.8000,7
50690013467790,14:04:50.013,83.8000,10
50719836839991,14:05:19.836,83.9700,1
50728038685438,14:05:28.038,83.9700,1
50759266061610,14:05:59.266,83.9200,100
50760947484011,14:06:00.947,83.9700,100
50760947484011,14:06:00.947,83.9100,8
50764021074863,14:06:04.021,83.9700,100
50764021074863,14:06:04.021,83.9100,92
50764021074863,14:06:04.021,83.9100,8
50764022482430,14:06:04.022,83.9650,100
50764073468171,14:06:04.073,83.9650,100
50764275236517,14:06:04.275,83.9600,100
50788007940367,14:06:28.007,83.9600,1
50814405833755,14:06:54.405,83.9600,100
50815317204785,14:06:55.317,83.9600,100
50815317358892,14:06:55.317,83.9100,100
50815317358892,14:06:55.317,83.9100,100
50815317377305,14:06:55.317,83.9100,200
50815317382985,14:06:55.317,83.9100,100
50815317600645,14:06:55.317,83.8900,14
50815318097899,14:06:55.318,83.8900,86
50815318097899,14:06:55.318,83.8900,100
50815318097899,14:06:55.318,83.8900,100
50815318152489,14:06:55.318,83.8800,56
50815318183289,14:06:55.318,83.8800,44
50815318183289,14:06:55.318,83.8800,100
50815318265569,14:06:55.318,83.8800,100
50815427069443,14:06:55.427,83.8800,1
50815427069443,14:06:55.427,83.8800,10
50815427069443,14:06:55.427,83.8800,10
50817945542276,14:06:57.945,83.8700,100
50827845336638,14:07:07.845,83.8600,100
50828737110513,14:07:08.737,83.8900,100
50875637978890,14:07:55.637,83.8600,61
50892598803197,14:08:12.598,83.7800,1
50892598803197,14:08:12.598,83.7800,81
50892600235257,14:08:12.600,83.7500,100
50892600235257,14:08:12.600,83.7400,100
50892737764456,14:08:12.737,83.7400,33
50892738468732,14:08:12.738,83.7400,67
50929375720714,14:08:49.375,83.7750,144
50929375746834,14:08:49.375,83.7750,163
50929375756561,14:08:49.375,83.8000,81
50929375759255,14:08:49.375,83.7750,169
50929376580261,14:08:49.376,83.7750,317
50929376904798,14:08:49.376,83.7400,50
50929377512205,14:08:49.377,83.7400,5
50929377512205,14:08:49.377,83.7400,11
50929377512205,14:08:49.377,83.7400,2
50974787614143,14:09:34.787,83.7400,100
50974787691344,14:09:34.787,83.7400,100
50982695345822,14:09:42.695,83.7100,26
50982695348440,14:09:42.695,83.7100,42
50982695357940,14:09:42.695,83.7100,2
50982695357940,14:09:42.695,83.7100,55
50982695358960,14:09:42.695,83.7100,45
50982695358960,14:09:42.695,83.7000,77
50982695428948,14:09:42.695,83.7000,23
50982695428948,14:09:42.695,83.7000,77
50982703318342,14:09:42.703,83.6600,100
50982703318342,14:09:42.703,83.6600,100
50982711002964,14:09:42.711,83.6400,79
50983458256013,14:09:43.458,83.6000,22
50997996320420,14:09:57.996,83.5500,100
50997998054607,14:09:57.998,83.5400,100
51028012800364,14:10:28.012,83.5400,100
51028012800364,14:10:28.012,83.5500,100
51028012800364,14:10:28.012,83.5500,40
51028012880078,14:10:28.012,83.5500,60
51028012880078,14:10:28.012,83.5500,40
51028015639672,14:10:28.015,83.5700,100
51035087191383,14:10:35.087,83.5700,1
51041599098494,14:10:41.599,83.6100,100
51041599140678,14:10:41.599,83.6200,1
51060691976344,14:11:00.691,83.6700,100
51067467489637,14:11:07.467,83.7100,4
51070678307273,14:11:10.678,83.7000,4
51070678660859,14:11:10.678,83.7000,4
51117008280946,14:11:57.008,83.7700,48
51117376710627,14:11:57.376,83.7700,2
51117551067449,14:11:57.551,83.7700,42
51117551125293,14:11:57.551,83.7500,200
51117551371505,14:11:57.551,83.7700,8
51117551371505,14:11:57.551,83.7700,16
51117551724988,14:11:57.551,83.7600,100
51117551726523,14:11:57.551,83.7600,100
51117551741306,14:11:57.551,83.7600,100
51117551776376,14:11:57.551,83.7600,10
51117551776376,14:11:57.551,83.7600,90
51117551777156,14:11:57.551,83.7600,100
51117551791982,14:11:57.551,83.7600,10
51117551850297,14:11:57.551,83.7500,7
51117551850297,14:11:57.551,83.7700,59
51117551883975,14:11:57.551,83.7700,41
51117552003546,14:11:57.552,83.7400,3
51117552029685,14:11:57.552,83.7400,18
51117558044689,14:11:57.558,83.7300,100
51117586922943,14:11:57.586,83.7300,100
51117586986118,14:11:57.586,83.7400,38
51149031721221,14:12:29.031,83.6900,1
51208018873015,14:13:28.018,83.6800,2
51280121219099,14:14:40.121,83.7100,7
51280121219099,14:14:40.121,83.7100,50
51280121302904,14:14:40.121,83.7100,50
51280121302904,14:14:40.121,83.7100,410
51280122829049,14:14:40.122,83.7200,11
51297002729398,14:14:57.002,83.7200,2
51297002745017,14:14:57.002,83.7100,1
51300178763481,14:15:00.178,83.7000,20
51300178763481,14:15:00.178,83.6800,149
51300178772961,14:15:00.178,83.6800,18
51300179347447,14:15:00.179,83.6800,33
51330536766868,14:15:30.536,83.6400,15
51330537290180,14:15:30.537,83.6400,1
51330847673518,14:15:30.847,83.6200,100
51330847673518,14:15:30.847,83.6200,100
51393375542739,14:16:33.375,83.6500,1
51400419131872,14:16:40.419,83.6900,6
51400419289244,14:16:40.419,83.6900,6
51400419607727,14:16:40.419,83.6900,12
51406577733115,14:16:46.577,83.6300,2
51406577733115,14:16:46.577,83.6200,97
51406932539102,14:16:46.932,83.6200,100
51441914783452,14:17:21.914,83.6200,1
51508018178209,14:18:28.018,83.6300,1
51530378422803,14:18:50.378,83.6500,100
51530378460511,14:18:50.378,83.6500,12
51530378614273,14:18:50.378,83.6500,5
51534457033458,14:18:54.457,83.6700,2
51562204190511,14:19:22.204,83.6400,1
51562204190511,14:19:22.204,83.6400,80
51562204190511,14:19:22.204,83.6400,100
51562725620039,14:19:22.725,83.6300,100
51563616064011,14:19:23.616,83.6300,100
51569481938582,14:19:29.481,83.6100,100
51569483361576,14:19:29.483,83.6100,100
51569484227428,14:19:29.484,83.6000,100
51569484227428,14:19:29.484,83.6000,100
51569484227428,14:19:29.484,83.6000,100
51569484315143,14:19:29.484,83.6000,100
51569485003192,14:19:29.485,83.6000,1
51569485795182,14:19:29.485,83.6000,1
51570086960552,14:19:30.086,83.6000,1
51574393351261,14:19:34.393,83.5800,100
51574412852764,14:19:34.412,83.5800,100
51628027411345,14:20:28.027,83.5800,1
51643039203163,14:20:43.039,83.6200,12
51643039203163,14:20:43.039,83.6200,100
51643040853607,14:20:43.040,83.6300,100
51643040853607,14:20:43.040,83.6300,3
51654027973036,14:20:54.027,83.6300,100
51654792784564,14:20:54.792,83.6300,100
51660205621597,14:21:00.205,83.6500,9
51660205650858,14:21:00.205,83.6500,43
51660205738445,14:21:00.205,83.6500,48
51691758186656,14:21:31.758,83.7100,100
51691767269465,14:21:31.767,83.7100,1
51707365207405,14:21:47.365,83.7200,3
51715270639416,14:21:55.270,83.7400,100
51715270639416,14:21:55.270,83.7400,16
51744565418224,14:22:24.565,83.7650,100
51750382859467,14:22:30.382,83.7600,1
51760507374456,14:22:40.507,83.7800,40
51760507680594,14:22:40.507,83.7700,100
51762373749169,14:22:42.373,83.7200,3
51762373749169,14:22:42.373,83.7200,8
51770358296161,14:22:50.358,83.7500,100
51770358296161,14:22:50.358,83.7500,200
51796804769438,14:23:16.804,83.7600,72
51796805003729,14:23:16.805,83.7600,3
51796805015426,14:23:16.805,83.7600,94
51796805020207,14:23:16.805,83.7600,42
51796805218770,14:23:16.805,83.7600,41
51796805584301,14:23:16.805,83.7600,30
51803804706018,14:23:23.804,83.7600,18
51803804706018,14:23:23.804,83.7600,10
51806984229274,14:23:26.984,83.7200,1
51806984229274,14:23:26.984,83.7200,99
51806984351350,14:23:26.984,83.7200,1
51868013653624,14:24:28.013,83.7200,1
51891688505347,14:24:51.688,83.7500,100
51912286093135,14:25:12.286,83.7400,100
51917846616903,14:25:17.846,83.7200,1
51917846616903,14:25:17.846,83.7200,99
51917846653024,14:25:17.846,83.7200,1
51936047881269,14:25:36.047,83.7100,100
51936050816601,14:25:36.050,83.7200,10
51936051489229,14:25:36.051,83.7500,100
51936051489229,14:25:36.051,83.7500,1
51936051921885,14:25:36.051,83.7500,200
51988012217325,14:26:28.012,83.7600,78
51988013599314,14:26:28.013,83.7600,22
51988013599314,14:26:28.013,83.7600,10
51988013637443,14:26:28.013,83.7500,100
51988168726098,14:26:28.168,83.7600,100
51989011599509,14:26:29.011,83.7600,1
52009766828850,14:26:49.766,83.7300,100
52009766828850,14:26:49.766,83.7300,100
52048021258243,14:27:28.021,83.7400,2
52060238195762,14:27:40.238,83.7100,100
52075067683178,14:27:55.067,83.6800,100
52075068671089,14:27:55.068,83.6800,100
52075068671089,14:27:55.068,83.6700,100
52075068698788,14:27:55.068,83.6700,100
52075068698788,14:27:55.068,83.6700,100
52075068698788,14:27:55.068,83.6700,100
52075068702085,14:27:55.068,83.6700,100
52081813574692,14:28:01.813,83.6900,2
52081813585728,14:28:01.813,83.6900,98
52126507341707,14:28:46.507,83.7000,13
52126509644349,14:28:46.509,83.7200,100
52197049149394,14:29:57.049,83.7700,79
52197049274983,14:29:57.049,83.7700,21
52197049819492,14:29:57.049,83.7700,99
52197050178084,14:29:57.050,83.7700,1
52197050178084,14:29:57.050,83.7700,100
52197050178084,14:29:57.050,83.7700,100
52202844235535,14:30:02.844,83.7300,100
52202844235535,14:30:02.844,83.7300,100
52202845904999,14:30:02.845,83.7100,100
52202845904999,14:30:02.845,83.7100,100
52202845904999,14:30:02.845,83.7100,100
52202989299840,14:30:02.989,83.7000,100
52202989299840,14:30:02.989,83.7000,100
52262285056662,14:31:02.285,83.6300,2
52262285056662,14:31:02.285,83.6300,38
52262293023527,14:31:02.293,83.6000,100
52270493232581,14:31:10.493,83.6100,6
52270493232581,14:31:10.493,83.6100,294
52270493395839,14:31:10.493,83.6100,2
52270493396345,14:31:10.493,83.6100,4
52309697062230,14:31:49.697,83.5900,200
52348386723234,14:32:28.386,83.5700,1
52392618473363,14:33:12.618,83.5800,100
52428737255928,14:33:48.737,83.6100,10
52445096428003,14:34:05.096,83.6700,10
52445098965130,14:34:05.098,83.6900,100
52445099056584,14:34:05.099,83.7000,100
52489262379257,14:34:49.262,83.7400,11
52489262392231,14:34:49.262,83.7400,37
52489262409487,14:34:49.262,83.7400,52
52489262409487,14:34:49.262,83.7400,100
52496882090549,14:34:56.882,83.7600,200
52528387284489,14:35:28.387,83.7500,1
52542855400112,14:35:42.855,83.7300,37
52542855406161,14:35:42.855,83.7300,63
52542855406161,14:35:42.855,83.7300,11
52542855412593,14:35:42.855,83.7300,88
52542855432398,14:35:42.855,83.7300,1
52542855432398,14:35:42.855,83.7300,2
52559878939686,14:35:59.878,83.7200,2
52559878939686,14:35:59.878,83.7200,35
52559878998945,14:35:59.878,83.7200,65
52564417226470,14:36:04.417,83.7000,2
52564417226470,14:36:04.417,83.7000,100
52564417252296,14:36:04.417,83.7000,100
52565549960750,14:36:05.549,83.6900,100
52566070015470,14:36:06.070,83.6800,37
52566070045323,14:36:06.070,83.6800,63
52566070045323,14:36:06.070,83.6800,100
52566070090680,14:36:06.070,83.6700,100
52566070118730,14:36:06.070,83.6700,100
52566337512965,14:36:06.337,83.6700,100
52566338390241,14:36:06.338,83.6600,100
52566338414832,14:36:06.338,83.6600,100
52573532614783,14:36:13.532,83.6500,100
52579118731574,14:36:19.118,83.6800,100
52579118761954,14:36:19.118,83.6800,3
52579118850512,14:36:19.118,83.6800,9
52618352867756,14:36:58.352,83.6400,1
52629233412701,14:37:09.233,83.6300,1
52629233412701,14:37:09.233,83.6300,23
52629233454986,14:37:09.233,83.6300,36
52629233829754,14:37:09.233,83.6300,2
52629378064738,14:37:09.378,83.6300,39
52709733228196,14:38:29.733,83.6900,1
52728232207252,14:38:48.232,83.7200,10
52728232409665,14:38:48.232,83.7200,100
52728289090181,14:38:48.289,83.6800,100
52744536639748,14:39:04.536,83.6600,100
52744538444568,14:39:04.538,83.6300,100
52744538472522,14:39:04.538,83.6300,100
52744538472522,14:39:04.538,83.6300,100
52744539512107,14:39:04.539,83.6300,100
52763221219988,14:39:23.221,83.6300,2
52772704662564,14:39:32.704,83.6000,1
52814657295487,14:40:14.657,83.6300,9
52831792709886,14:40:31.792,83.6400,1
52892256938142,14:41:32.256,83.6200,1
52901641745184,14:41:41.641,83.6100,100
52901641772154,14:41:41.641,83.6100,100
52901641772154,14:41:41.641,83.6100,4
52901645289151,14:41:41.645,83.6000,1
52901645289151,14:41:41.645,83.6000,100
52901645289151,14:41:41.645,83.6000,99
52901645315811,14:41:41.645,83.6000,1
52901645315811,14:41:41.645,83.6000,100
52901645315811,14:41:41.645,83.6000,100
52901645377244,14:41:41.645,83.6000,100
52901645900136,14:41:41.645,83.5900,1
52901645900136,14:41:41.645,83.5900,99
52901645933122,14:41:41.645,83.5900,1
52901646036390,14:41:41.646,83.5900,1
52901646329044,14:41:41.646,83.5900,1
52901646406116,14:41:41.646,83.5900,1
52901646484745,14:41:41.646,83.5900,1
52901646676552,14:41:41.646,83.5900,96
52901647056440,14:41:41.647,83.5900,1
52901647305967,14:41:41.647,83.5900,1
52901744564355,14:41:41.744,83.5900,8
52901744936930,14:41:41.744,83.5900,10
52901745299141,14:41:41.745,83.5900,10
52901746692085,14:41:41.746,83.5900,14
52902144449054,14:41:42.144,83.5900,100
52904671537976,14:41:44.671,83.5800,1
52904671537976,14:41:44.671,83.5800,99
52905549791797,14:41:45.549,83.5800,1
52916168797095,14:41:56.168,83.5700,1
52916168797095,14:41:56.168,83.5600,99
52923724628550,14:42:03.724,83.5500,100
52923726125097,14:42:03.726,83.5500,10
52939583088261,14:42:19.583,83.5600,4
52939583088261,14:42:19.583,83.5600,21
52939611165733,14:42:19.611,83.5700,100
52939611367121,14:42:19.611,83.5700,100
52949615771424,14:42:29.615,83.5600,4
52960257761802,14:42:40.257,83.5400,48
52960257767802,14:42:40.257,83.5400,37
52960257768456,14:42:40.257,83.5400,9
52960257771543,14:42:40.257,83.5400,6
52960342230267,14:42:40.342,83.5200,1
52985657359586,14:43:05.657,83.5200,100
52985657438852,14:43:05.657,83.5100,1
52995073889776,14:43:15.073,83.5000,1
52996098461747,14:43:16.098,83.4800,1
52996098461747,14:43:16.098,83.4800,28
52996098707825,14:43:16.098,83.4800,37
52996099071460,14:43:16.099,83.4800,35
53008405824325,14:43:28.405,83.5000,18
53008405824325,14:43:28.405,83.5100,28
53008405835049,14:43:28.405,83.5100,54
53008406235191,14:43:28.406,83.5100,11
53008406401204,14:43:28.406,83.5100,7
53017026895875,14:43:37.026,83.5600,100
53017026895875,14:43:37.026,83.5600,100
53058447938223,14:44:18.447,83.5800,50
53070015451884,14:44:30.015,83.6200,10
53070017077398,14:44:30.017,83.6500,100
53070017102010,14:44:30.017,83.6500,70
53073964070091,14:44:33.964,83.6400,1
53090256261486,14:44:50.256,83.6600,1
53131190940535,14:45:31.190,83.6700,100
53131190940535,14:45:31.190,83.6700,100
53131190940535,14:45:31.190,83.6700,100
53161608336166,14:46:01.608,83.7200,16
53161807591823,14:46:01.807,83.7200,6
53161807831801,14:46:01.807,83.7200,6
53161808296558,14:46:01.808,83.7200,12
53189300039730,14:46:29.300,83.7500,12
53216405180782,14:46:56.405,83.7850,200
53216407530280,14:46:56.407,83.7800,1
53216407928168,14:46:56.407,83.7600,200
53216409560385,14:46:56.409,83.7400,100
53223418282202,14:47:03.418,83.7300,100
53223418304943,14:47:03.418,83.7300,33
53223418314962,14:47:03.418,83.7300,100
53223418319189,14:47:03.418,83.7300,100
53223418567306,14:47:03.418,83.7300,67
53223650792976,14:47:03.650,83.7250,100
53240384885206,14:47:20.384,83.7400,49
53244341389539,14:47:24.341,83.7100,100
53244341389539,14:47:24.341,83.7100,100
53245346743229,14:47:25.346,83.7000,100
53245346743229,14:47:25.346,83.7000,100
53245346782468,14:47:25.346,83.7000,100
53245346810535,14:47:25.346,83.6900,60
53252225429400,14:47:32.225,83.6900,100
53297181814959,14:48:17.181,83.6700,1
53329703143962,14:48:49.703,83.7000,10
53329703159136,14:48:49.703,83.7000,90
53329703159136,14:48:49.703,83.7000,10
53329703165194,14:48:49.703,83.7000,74
53329703169916,14:48:49.703,83.7000,16
53330140003185,14:48:50.140,83.7300,100
53330140029167,14:48:50.140,83.7300,8
53331072877580,14:48:51.072,83.7400,94
53331072904369,14:48:51.072,83.7400,6
53392621795871,14:49:52.621,83.7500,1
53408579834862,14:50:08.579,83.7400,100
53418371271994,14:50:18.371,83.7400,114
53418371271994,14:50:18.371,83.7400,100
53420227650645,14:50:20.227,83.7400,8
53420227650645,14:50:20.227,83.7400,100
53459673062634,14:50:59.673,83.7200,100
53460897375322,14:51:00.897,83.7100,74
53460897388097,14:51:00.897,83.7100,26
53460897388097,14:51:00.897,83.7100,100
53470357238053,14:51:10.357,83.7100,100
53470361726706,14:51:10.361,83.7000,100
53502060647868,14:51:42.060,83.7200,48
53511103493170,14:51:51.103,83.7300,100
53511103493170,14:51:51.103,83.7300,1
53519971214286,14:51:59.971,83.7400,100
53521650997738,14:52:01.650,83.7700,39
53526677109548,14:52:06.677,83.7600,33
53526677204518,14:52:06.677,83.7600,38
53526684686176,14:52:06.684,83.7600,71
53539017184642,14:52:19.017,83.7700,2
53539017210602,14:52:19.017,83.7700,59
53539017210602,14:52:19.017,83.7700,10
53542177836860,14:52:22.177,83.7500,100
53570133751833,14:52:50.133,83.7500,100
53570946591512,14:52:50.946,83.7400,1
53581647055776,14:53:01.647,83.7400,1
53581647205418,14:53:01.647,83.7400,100
53581649174266,14:53:01.649,83.7500,2
53581649198451,14:53:01.649,83.7500,8
53581649198451,14:53:01.649,83.7500,10
53581662871858,14:53:01.662,83.7550,100
53581662906700,14:53:01.662,83.7550,100
53581663006941,14:53:01.663,83.7550,100
53581664061299,14:53:01.664,83.7600,100
53581666835014,14:53:01.666,83.7650,100
53581666861816,14:53:01.666,83.7700,92
53581666948565,14:53:01.666,83.7700,8
53581667600582,14:53:01.667,83.7700,8
53582009023228,14:53:02.009,83.7650,200
53582009023228,14:53:02.009,83.7700,40
53582009366876,14:53:02.009,83.7700,22
53582009366876,14:53:02.009,83.7700,78
53582128116902,14:53:02.128,83.7700,100
53582128427988,14:53:02.128,83.7700,100
53582128497259,14:53:02.128,83.7700,100
53582977374649,14:53:02.977,83.7700,100
53582977416970,14:53:02.977,83.7700,30
53582977740933,14:53:02.977,83.7700,70
53582978053488,14:53:02.978,83.7700,30
53583417340905,14:53:03.417,83.7700,70
53583417340905,14:53:03.417,83.7700,30
53583937197820,14:53:03.937,83.7600,100
53583937197820,14:53:03.937,83.7600,100
53583937197820,14:53:03.937,83.7600,100
53583937365012,14:53:03.937,83.7600,100
53583937365012,14:53:03.937,83.7600,100
53586177343246,14:53:06.177,83.7300,2
53586177982517,14:53:06.177,83.7200,100
53667230906318,14:54:27.230,83.7500,18
53667230928880,14:54:27.230,83.7500,52
53667230944655,14:54:27.230,83.7500,100
53669013378451,14:54:29.013,83.7600,100
53669377973126,14:54:29.377,83.7500,1
53669377973126,14:54:29.377,83.7500,99
53669378055873,14:54:29.378,83.7500,1
53669378055873,14:54:29.378,83.7500,4
53670420713014,14:54:30.420,83.7500,100
53674363090022,14:54:34.363,83.7600,100
53677000689757,14:54:37.000,83.7900,1
53677004590211,14:54:37.004,83.7900,99
53677005878469,14:54:37.005,83.8100,100
53678071823205,14:54:38.071,83.8150,100
53679987448516,14:54:39.987,83.8400,1
53679989031725,14:54:39.989,83.8400,50
53680561786713,14:54:40.561,83.8000,100
53680561825523,14:54:40.561,83.8000,100
53680561825523,14:54:40.561,83.8000,93
53680561837377,14:54:40.561,83.8000,7
53681539873552,14:54:41.539,83.7600,100
53681539888781,14:54:41.539,83.7600,100
53703068699216,14:55:03.068,83.7400,3
53703068699216,14:55:03.068,83.7400,4
53717787987769,14:55:17.787,83.7500,1
53724450974369,14:55:24.450,83.7700,300
53728077826983,14:55:28.077,83.7700,100
53728077826983,14:55:28.077,83.7700,100
53728078420297,14:55:28.078,83.7700,100
53728078420297,14:55:28.078,83.7700,100
53728078420297,14:55:28.078,83.7700,100
53728078461510,14:55:28.078,83.7600,100
53730840749359,14:55:30.840,83.7500,100
53730841034641,14:55:30.841,83.7500,100
53730844865677,14:55:30.844,83.7400,100
53771783190230,14:56:11.783,83.7000,1
53771783190230,14:56:11.783,83.7000,4
53774004653428,14:56:14.004,83.7200,70
53774004963892,14:56:14.004,83.7200,30
53774005058376,14:56:14.005,83.7300,100
53789716214986,14:56:29.716,83.7400,100
53789716214986,14:56:29.716,83.7400,100
53789716216351,14:56:29.716,83.7500,48
53790254640580,14:56:30.254,83.7500,52
53790254640580,14:56:30.254,83.7500,48
53790254672559,14:56:30.254,83.7500,52
53798059547721,14:56:38.059,83.7800,100
53842093075246,14:57:22.093,83.7400,100
53842093130024,14:57:22.093,83.7400,2
53842093146093,14:57:22.093,83.7400,100
53865958874694,14:57:45.958,83.7800,22
53865958937818,14:57:45.958,83.7800,100
53865958937818,14:57:45.958,83.7800,78
53865958937818,14:57:45.958,83.7800,22
53865959053617,14:57:45.959,83.7900,100
53865959053617,14:57:45.959,83.7900,100
53865960760595,14:57:45.960,83.7500,100
53865984156635,14:57:45.984,83.7500,100
53881930990802,14:58:01.930,83.7700,100
53881931526630,14:58:01.931,83.7700,97
53896440160143,14:58:16.440,83.7600,1
53896440160143,14:58:16.440,83.7600,47
53896440189572,14:58:16.440,83.7600,53
53923398421689,14:58:43.398,83.7500,3
53923398421689,14:58:43.398,83.7500,32
53923399060032,14:58:43.399,83.7400,100
53923399060032,14:58:43.399,83.7400,100
53971815206606,14:59:31.815,83.7500,100
53971817778293,14:59:31.817,83.7500,1
54028400217607,15:00:28.400,83.7400,1
54074382554442,15:01:14.382,83.7300,3
54088402103818,15:01:28.402,83.7300,1
54093693982646,15:01:33.693,83.7500,100
54093694030785,15:01:33.694,83.7500,100
54093694557848,15:01:33.694,83.7600,26
54123162868077,15:02:03.162,83.7300,3
54125506458803,15:02:05.506,83.7500,200
54128210499089,15:02:08.210,83.7400,100
54128210499089,15:02:08.210,83.7400,4
54174466324007,15:02:54.466,83.7400,23
54188567910150,15:03:08.567,83.7400,73
54188567922749,15:03:08.567,83.7400,27
54188567922749,15:03:08.567,83.7400,46
54188567959568,15:03:08.567,83.7400,54
54188567959568,15:03:08.567,83.7400,46
54200797048876,15:03:20.797,83.7400,74
54200797179016,15:03:20.797,83.7400,26
54200797179016,15:03:20.797,83.7400,48
54200801900519,15:03:20.801,83.7400,74
54200808812755,15:03:20.808,83.7400,78
54200843825187,15:03:20.843,83.7300,100
54200843856491,15:03:20.843,83.7300,65
54200844182260,15:03:20.844,83.7300,35
54200921929734,15:03:20.921,83.7300,100
54200921929734,15:03:20.921,83.7300,100
54200923305601,15:03:20.923,83.7200,13
54200923314248,15:03:20.923,83.7300,100
54200923459918,15:03:20.923,83.7300,100
54200923459918,15:03:20.923,83.7300,100
54200923465057,15:03:20.923,83.7200,87
54200923465057,15:03:20.923,83.7200,13
54200923672797,15:03:20.923,83.7200,87
54209538804915,15:03:29.538,83.7000,2
54209538804915,15:03:29.538,83.7000,8
54209538804915,15:03:29.538,83.6900,2
54209538804915,15:03:29.538,83.6900,1
54216973012403,15:03:36.973,83.6900,100
54236353658416,15:03:56.353,83.6800,15
54236353683956,15:03:56.353,83.6800,85
54236353683956,15:03:56.353,83.6800,100
54236356726389,15:03:56.356,83.6700,2
54236356726389,15:03:56.356,83.6700,8
54236356726389,15:03:56.356,83.6700,100
54251375456301,15:04:11.375,83.6500,10
54251375456301,15:04:11.375,83.6500,2
54251388305756,15:04:11.388,83.6400,2
54251388305756,15:04:11.388,83.6400,8
54251389484061,15:04:11.389,83.6300,2
54251389484061,15:04:11.389,83.6300,8
54271070853739,15:04:31.070,83.6400,200
54271070853739,15:04:31.070,83.6500,100
54271070853739,15:04:31.070,83.6500,100
54271070853739,15:04:31.070,83.6500,100
54271071015151,15:04:31.071,83.6500,100
54271072513840,15:04:31.072,83.6600,1
54271073009685,15:04:31.073,83.6800,100
54279007402892,15:04:39.007,83.7000,84
54279007669078,15:04:39.007,83.6900,100
54279008173504,15:04:39.008,83.7000,16
54285237566127,15:04:45.237,83.7200,100
54295964721851,15:04:55.964,83.7400,100
54299307930987,15:04:59.307,83.7500,100
54299308095412,15:04:59.308,83.7500,100
54315172783469,15:05:15.172,83.7550,100
54317046882605,15:05:17.046,83.7550,100
54318600738267,15:05:18.600,83.7550,100
54320949460403,15:05:20.949,83.7650,200
54320949698586,15:05:20.949,83.7650,175
54322121547057,15:05:22.121,83.7650,100
54323776733458,15:05:23.776,83.7400,1
54323776733458,15:05:23.776,83.7400,100
54323776733458,15:05:23.776,83.7400,100
54323782204434,15:05:23.782,83.7300,100
54323782237591,15:05:23.782,83.7300,100
54323782237591,15:05:23.782,83.7200,100
54323782237591,15:05:23.782,83.7200,100
54323782239709,15:05:23.782,83.7200,100
54323782239709,15:05:23.782,83.7200,100
54323782239709,15:05:23.782,83.7200,100
54333303998739,15:05:33.303,83.6700,10
54333303998739,15:05:33.303,83.6700,100
54343403998829,15:05:43.403,83.6500,10
54343407666891,15:05:43.407,83.6400,10
54353425083203,15:05:53.425,83.6400,100
54353425517338,15:05:53.425,83.6300,2
54353425517338,15:05:53.425,83.6300,5
54353425517338,15:05:53.425,83.6300,3
54379972972821,15:06:19.972,83.6600,100
54379972972821,15:06:19.972,83.6600,7
54388361934951,15:06:28.361,83.6800,1
54388362938596,15:06:28.362,83.6800,100
54388363039576,15:06:28.363,83.6800,31
54402208132040,15:06:42.208,83.7200,9
54412693300043,15:06:52.693,83.7300,70
54464052836321,15:07:44.052,83.7500,200
54465244064821,15:07:45.244,83.7500,1
54466033217408,15:07:46.033,83.7400,100
54466033217408,15:07:46.033,83.7400,48
54466033227321,15:07:46.033,83.7400,63
54466033245496,15:07:46.033,83.7400,89
54470587798301,15:07:50.587,83.7300,100
54470587798301,15:07:50.587,83.7300,100
54470587798301,15:07:50.587,83.7300,100
54470587798301,15:07:50.587,83.7300,100
54475271440752,15:07:55.271,83.7250,100
54475271440752,15:07:55.271,83.7250,100
54475271440752,15:07:55.271,83.7250,100
54475272456807,15:07:55.272,83.7100,100
54475282006165,15:07:55.282,83.7200,36
54483517149606,15:08:03.517,83.7300,100
54483517149606,15:08:03.517,83.7300,11
54537042488631,15:08:57.042,83.7300,5
54545654871565,15:09:05.654,83.7200,2
54548417337450,15:09:08.417,83.7000,38
54548417350392,15:09:08.417,83.7000,62
54548422044295,15:09:08.422,83.7000,100
54549128983083,15:09:09.128,83.6800,100
54577015953448,15:09:37.015,83.6700,35
54577015953448,15:09:37.015,83.6700,4
54577015979499,15:09:37.015,83.6800,100
54577015979499,15:09:37.015,83.6700,6
54577015979499,15:09:37.015,83.6700,1
54591836825895,15:09:51.836,83.6700,73
54591836850265,15:09:51.836,83.6700,26
54591836850265,15:09:51.836,83.6700,1
54593272148940,15:09:53.272,83.6600,100
54593536726761,15:09:53.536,83.6500,100
54593536726761,15:09:53.536,83.6500,100
54597066279319,15:09:57.066,83.6500,100
54597066279319,15:09:57.066,83.6500,100
54597066279319,15:09:57.066,83.6400,10
54597066308576,15:09:57.066,83.6500,100
54597066308576,15:09:57.066,83.6400,100
54597067322447,15:09:57.067,83.6400,100
54600178628688,15:10:00.178,83.6300,2
54627618020217,15:10:27.618,83.6200,100
54627618047659,15:10:27.618,83.6200,100
54627618047659,15:10:27.618,83.6200,100
54627618153374,15:10:27.618,83.6200,100
54627668632429,15:10:27.668,83.6100,62
54632721572734,15:10:32.721,83.6100,11
54632721621241,15:10:32.721,83.6100,74
54632721799725,15:10:32.721,83.6100,15
54632721799725,15:10:32.721,83.6100,100
54632721799725,15:10:32.721,83.6100,100
54632722111881,15:10:32.722,83.6100,100
54632724932904,15:10:32.724,83.6000,2
54632724932904,15:10:32.724,83.6000,8
54632724932904,15:10:32.724,83.6000,100
54632728109875,15:10:32.728,83.6000,100
54633325170644,15:10:33.325,83.5800,1
54633325170644,15:10:33.325,83.5800,9
54633325823587,15:10:33.325,83.5700,1
54643473659935,15:10:43.473,83.5600,2
54643473659935,15:10:43.473,83.5600,8
54667415078200,15:11:07.415,83.5300,100
54739876689110,15:12:19.876,83.5300,7
54739876689110,15:12:19.876,83.5300,21
54739876689110,15:12:19.876,83.5300,13
54739876802543,15:12:19.876,83.5200,100
54739876886313,15:12:19.876,83.5200,100
54756976670760,15:12:36.976,83.5600,100
54756977338834,15:12:36.977,83.5600,5
54786335489762,15:13:06.335,83.5700,100
54786335489762,15:13:06.335,83.5700,100
54786335489762,15:13:06.335,83.5700,2
54786335522126,15:13:06.335,83.5800,31
54786336497478,15:13:06.336,83.5800,133
54807101483583,15:13:27.101,83.6500,100
54809014392079,15:13:29.014,83.6600,1
