timestamp,time,price,volume
34200408017476,09:30:00.408,0.0000,0
34558319667556,09:35:58.319,26.4000,100
34558319692579,09:35:58.319,26.3900,10
34558319692579,09:35:58.319,26.3800,90
34558321897986,09:35:58.321,26.3600,5
34558331462654,09:35:58.331,26.3600,30
34573574441203,09:36:13.574,26.3600,5
34578241872399,09:36:18.241,26.3600,100
34578242105284,09:36:18.242,26.3500,6
34805445807722,09:40:05.445,26.3600,100
34855347562704,09:40:55.347,26.3100,25
34857345982854,09:40:57.345,26.3500,100
34857345982854,09:40:57.345,26.3500,100
34858224006695,09:40:58.224,26.3900,100
35087849983442,09:44:47.849,26.2100,100
35304874586088,09:48:24.874,26.2400,100
35304874586088,09:48:24.874,26.2400,100
35304874916275,09:48:24.874,26.2400,100
35305268118326,09:48:25.268,26.2000,51
35389244902232,09:49:49.244,26.1800,100
35463401205367,09:51:03.401,26.1700,1
35757017218279,09:55:57.017,26.0800,4
36088077639028,10:01:28.077,26.0400,100
36101368197382,10:01:41.368,26.0000,100
36101368197382,10:01:41.368,26.0000,100
36101571425264,10:01:41.571,26.0000,100
36101571425264,10:01:41.571,26.0000,100
36101571425264,10:01:41.571,26.0000,100
36101774714999,10:01:41.774,26.0100,100
36101777384604,10:01:41.777,26.0000,100
36101777384604,10:01:41.777,26.0000,100
36101777384604,10:01:41.777,26.0000,100
36103035932902,10:01:43.035,26.0000,100
36103035932902,10:01:43.035,26.0000,100
36103239298921,10:01:43.239,26.0000,100
36103239298921,10:01:43.239,26.0000,100
36103239298921,10:01:43.239,26.0000,100
36103330715180,10:01:43.330,26.0000,100
36158260842992,10:02:38.260,26.0000,100
36158260842992,10:02:38.260,26.0000,100
36161066530116,10:02:41.066,25.9900,4
36176270038740,10:02:56.270,25.9900,100
36178861693932,10:02:58.861,26.0000,15
36180306677077,10:03:00.306,26.0200,100
36182074491765,10:03:02.074,26.0100,100
36265554622507,10:04:25.554,26.0600,100
36554429054937,10:09:14.429,26.0800,5
36554429083576,10:09:14.429,26.0500,48
36554429089425,10:09:14.429,26.0500,52
37038056691352,10:17:18.056,26.1300,5
37038216984597,10:17:18.216,26.1300,100
37109024263700,10:18:29.024,26.1300,100
37119219657501,10:18:39.219,26.1400,100
37228147038041,10:20:28.147,26.2000,100
37228147700074,10:20:28.147,26.2100,100
37228147700074,10:20:28.147,26.2100,100
37236146923209,10:20:36.146,26.2500,100
37414986341163,10:23:34.986,26.2300,100
37527907998119,10:25:27.907,26.2800,100
37527908116658,10:25:27.908,26.2900,100
37527909823940,10:25:27.909,26.3100,100
37528952812742,10:25:28.952,26.3200,5
37652231702683,10:27:32.231,26.2900,100
38039816007700,10:33:59.816,26.2300,5
38039816007700,10:33:59.816,26.2300,95
38119134398409,10:35:19.134,26.2600,100
38170109068371,10:36:10.109,26.3000,100
38171169150307,10:36:11.169,26.3200,100
38171169150307,10:36:11.169,26.3200,100
38171169150307,10:36:11.169,26.3200,100
38171199823107,10:36:11.199,26.3300,100
38171430071932,10:36:11.430,26.3300,100
38313729740078,10:38:33.729,26.3400,100
38325796878243,10:38:45.796,26.3200,100
38475085174138,10:41:15.085,26.3000,20
38794290301175,10:46:34.290,26.3000,100
38883349790152,10:48:03.349,26.3300,100
38892246061779,10:48:12.246,26.2800,2
38892246061779,10:48:12.246,26.2800,100
39124142064871,10:52:04.142,26.2900,10
39342115662549,10:55:42.115,26.3300,100
39342115662549,10:55:42.115,26.3300,100
39342116114807,10:55:42.116,26.3300,100
39450091595479,10:57:30.091,26.3100,10
39467101327950,10:57:47.101,26.2900,100
39468103857843,10:57:48.103,26.2900,100
39474579111249,10:57:54.579,26.2900,100
39508969566994,10:58:28.969,26.3000,100
39509000186759,10:58:29.000,26.3000,100
39509030288885,10:58:29.030,26.3100,100
39585107397501,10:59:45.107,26.3200,100
39725625630891,11:02:05.625,26.4100,100
39725626288188,11:02:05.626,26.4200,100
39725626288188,11:02:05.626,26.4200,2
39725626499756,11:02:05.626,26.4200,98
39725627097963,11:02:05.627,26.4300,100
39725627097963,11:02:05.627,26.4300,100
39932640811852,11:05:32.640,26.4200,100
39932641282268,11:05:32.641,26.4100,61
39932641699139,11:05:32.641,26.4100,39
39932641699139,11:05:32.641,26.4100,100
40081132634204,11:08:01.132,26.4300,100
40081132634204,11:08:01.132,26.4400,100
40081133496575,11:08:01.133,26.4500,100
40081134087720,11:08:01.134,26.4500,100
40100009501474,11:08:20.009,26.4400,100
40100009501474,11:08:20.009,26.4400,100
40100009940409,11:08:20.009,26.4500,100
40113315522747,11:08:33.315,26.4600,100
40143188131209,11:09:03.188,26.4600,100
40143188487159,11:09:03.188,26.4600,100
40143189258546,11:09:03.189,26.4500,100
40143309597061,11:09:03.309,26.4600,100
40651902058125,11:17:31.902,26.4900,4
40651902058125,11:17:31.902,26.4900,96
40651902086583,11:17:31.902,26.4900,4
40651902241572,11:17:31.902,26.4900,15
40657630657868,11:17:37.630,26.4900,100
40670751645076,11:17:50.751,26.4700,100
40670751645076,11:17:50.751,26.4700,100
40670751645076,11:17:50.751,26.4700,100
40670751645076,11:17:50.751,26.4700,100
40671252237731,11:17:51.252,26.4600,100
40727358905775,11:18:47.358,26.4800,100
40727358905775,11:18:47.358,26.4800,100
40727359148540,11:18:47.359,26.4900,100
40727359148540,11:18:47.359,26.4900,100
40727360814190,11:18:47.360,26.4900,100
40753755047690,11:19:13.755,26.5000,100
40766013075006,11:19:26.013,26.5300,1
40766013075006,11:19:26.013,26.5200,99
40766013413606,11:19:26.013,26.5200,1
40938221915081,11:22:18.221,26.5000,1
40953575067408,11:22:33.575,26.5200,100
40972040242527,11:22:52.040,26.5200,2
40972040816653,11:22:52.040,26.5100,1
41032389473891,11:23:52.389,26.5100,1
41032389473891,11:23:52.389,26.5000,99
41032683212923,11:23:52.683,26.5000,1
41182195015501,11:26:22.195,26.5000,1
41198169424982,11:26:38.169,26.4900,100
41198169424982,11:26:38.169,26.4800,1
41244313258984,11:27:24.313,26.4800,100
41244828562909,11:27:24.828,26.4700,100
41244927085880,11:27:24.927,26.4600,100
41245989591952,11:27:25.989,26.4700,300
41245989591952,11:27:25.989,26.4700,100
41295839455506,11:28:15.839,26.4400,4
41304024573524,11:28:24.024,26.4300,100
41339744221986,11:28:59.744,26.4400,1
41400743003874,11:30:00.743,26.4300,1
41450299036242,11:30:50.299,26.4300,10
41452697032730,11:30:52.697,26.4300,1
41452697032730,11:30:52.697,26.4300,100
41455882420593,11:30:55.882,26.4300,100
41457844622877,11:30:57.844,26.4400,1
41484249478152,11:31:24.249,26.4600,100
41517826242261,11:31:57.826,26.4500,1
41564906878930,11:32:44.906,26.4700,100
41596119034636,11:33:16.119,26.4800,1
41596119034636,11:33:16.119,26.4800,72
41596119041202,11:33:16.119,26.4800,26
41646976266071,11:34:06.976,26.4400,1
41777101123575,11:36:17.101,26.4800,1
41777101123575,11:36:17.101,26.4800,1
41777101123575,11:36:17.101,26.4700,98
41777101157153,11:36:17.101,26.4700,2
41777105225093,11:36:17.105,26.4600,64
41777105248756,11:36:17.105,26.4600,36
41777105684323,11:36:17.105,26.4500,100
41777105684323,11:36:17.105,26.4500,100
41790264470488,11:36:30.264,26.4300,100
41826244496514,11:37:06.244,26.4500,1
41826244496514,11:37:06.244,26.4500,99
41948930848801,11:39:08.930,26.4500,1
42069209060834,11:41:09.209,26.4700,1
42169754422399,11:42:49.754,26.4800,1
42170246461004,11:42:50.246,26.4700,100
42170246565473,11:42:50.246,26.4700,100
42170246868642,11:42:50.246,26.4700,200
42170246868642,11:42:50.246,26.4800,100
42170247126203,11:42:50.247,26.4800,100
42170247129883,11:42:50.247,26.4800,100
42170249702087,11:42:50.249,26.4900,100
42172995964358,11:42:52.995,26.5000,1
42286275191044,11:44:46.275,26.4900,1
42286275444745,11:44:46.275,26.4800,1
42372071557308,11:46:12.071,26.5300,37
42375235881379,11:46:15.235,26.5400,63
42375236591442,11:46:15.236,26.5400,100
42430091610596,11:47:10.091,26.5400,1
42430091610596,11:47:10.091,26.5300,99
42436601679458,11:47:16.601,26.5300,1
42436601719243,11:47:16.601,26.5200,5
42493855511177,11:48:13.855,26.5100,1
42554755218705,11:49:14.755,26.5200,1
42562196241379,11:49:22.196,26.5100,1
42613442851389,11:50:13.442,26.4900,4
42676833601398,11:51:16.833,26.4900,1
42678159741807,11:51:18.159,26.5100,100
42701095980846,11:51:41.095,26.5100,1
42702893312629,11:51:42.893,26.4900,100
42738744322135,11:52:18.744,26.4800,1
42738744322135,11:52:18.744,26.4800,1
42738744351888,11:52:18.744,26.4800,99
42739090763161,11:52:19.090,26.4900,200
42739090763161,11:52:19.090,26.4900,100
42840298363392,11:54:00.298,26.4900,1
42979103881566,11:56:19.103,26.5000,1
42981868416244,11:56:21.868,26.5000,2
43043440044389,11:57:23.440,26.4900,1
43069027708565,11:57:49.027,26.4700,5
43164824566955,11:59:24.824,26.4600,1
43165107909927,11:59:25.107,26.4900,100
43198332991646,11:59:58.332,26.5000,100
43226163997172,12:00:26.163,26.5200,100
43228583460975,12:00:28.583,26.5100,1
43228583460975,12:00:28.583,26.5100,99
43228583703469,12:00:28.583,26.5100,1
43228583703469,12:00:28.583,26.5100,1
43287769188725,12:01:27.769,26.5300,100
43297484645068,12:01:37.484,26.5400,1
43297484645068,12:01:37.484,26.5400,99
43297484671753,12:01:37.484,26.5400,1
43297484885222,12:01:37.484,26.5400,2
43297484886519,12:01:37.484,26.5400,1
43297485136280,12:01:37.485,26.5400,97
43297485136280,12:01:37.485,26.5400,3
43297492777624,12:01:37.492,26.5300,100
43299422404221,12:01:39.422,26.5200,100
43299422547759,12:01:39.422,26.5200,100
43308443041557,12:01:48.443,26.5200,31
43349760326546,12:02:29.760,26.5300,100
43396143314167,12:03:16.143,26.5500,100
43396143475377,12:03:16.143,26.5500,100
43397224956203,12:03:17.224,26.5500,1
43399631787614,12:03:19.631,26.5400,100
43468092845210,12:04:28.092,26.5400,1
43557132643599,12:05:57.132,26.5400,1
43584248760595,12:06:24.248,26.5400,100
43588014716483,12:06:28.014,26.5500,1
43696750755874,12:08:16.750,26.5300,4
43696750755874,12:08:16.750,26.5300,100
43703002338747,12:08:23.002,26.5300,100
43703006008114,12:08:23.006,26.5300,100
43723501372260,12:08:43.501,26.5300,100
43723501519732,12:08:43.501,26.5300,100
43744149984150,12:09:04.149,26.5300,96
43804080974847,12:10:04.080,26.5500,100
43804212354720,12:10:04.212,26.5600,100
43804213329664,12:10:04.213,26.5600,12
43804213329664,12:10:04.213,26.5600,100
43859055636598,12:10:59.055,26.5700,1
43859055673066,12:10:59.055,26.5600,97
43859055684005,12:10:59.055,26.5600,3
43859055684005,12:10:59.055,26.5600,51
43859055697137,12:10:59.055,26.5600,49
43888029447894,12:11:28.029,26.5600,1
43921040759241,12:12:01.040,26.5700,100
44071107680654,12:14:31.107,26.5600,1
44091196493301,12:14:51.196,26.5600,1
44155323391971,12:15:55.323,26.5600,2
44160739272420,12:16:00.739,26.5500,2
44231176441845,12:17:11.176,26.5600,1
44258095587792,12:17:38.095,26.5600,1
44310091295810,12:18:30.091,26.5700,1
44368117180461,12:19:28.117,26.5700,1
44423204607276,12:20:23.204,26.5800,1
44549007202801,12:22:29.007,26.6000,1
44549007202801,12:22:29.007,26.6000,99
44549007202801,12:22:29.007,26.6000,100
44648213322987,12:24:08.213,26.5700,1
44708865828021,12:25:08.865,26.5800,100
44708964972640,12:25:08.964,26.5800,20
44715866012034,12:25:15.866,26.6000,100
44778194247839,12:26:18.194,26.5900,100
44778194431318,12:26:18.194,26.5900,100
44855268221870,12:27:35.268,26.5900,1
44855268242870,12:27:35.268,26.5800,33
44855268261100,12:27:35.268,26.5800,67
44876679525802,12:27:56.679,26.5600,100
44958366099908,12:29:18.366,26.5700,2
44958371155636,12:29:18.371,26.5700,1
44958438090595,12:29:18.438,26.5600,100
44959030900623,12:29:19.030,26.5500,100
45015985361826,12:30:15.985,26.5800,85
45015985361826,12:30:15.985,26.5700,11
45058556861829,12:30:58.556,26.5700,89
45076232520711,12:31:16.232,26.5900,100
45103867617226,12:31:43.867,26.6000,2
45104022309908,12:31:44.022,26.6000,1
45126582769888,12:32:06.582,26.5900,3
45135100828885,12:32:15.100,26.5800,7
45135950091872,12:32:15.950,26.5700,100
45148484137959,12:32:28.484,26.5600,100
45168635117766,12:32:48.635,26.5600,100
45215732022310,12:33:35.732,26.5600,2
45215732022310,12:33:35.732,26.5600,53
45228860808504,12:33:48.860,26.5800,100
45368228794499,12:36:08.228,26.5500,5
45368228794499,12:36:08.228,26.5500,95
45374750098566,12:36:14.750,26.5500,5
45374750098566,12:36:14.750,26.5400,95
45395897195723,12:36:35.897,26.5400,3
45465390667622,12:37:45.390,26.5500,1
45494615579026,12:38:14.615,26.5400,3
45496657294337,12:38:16.657,26.5300,100
45532009127454,12:38:52.009,26.5400,100
45541568269668,12:39:01.568,26.5200,97
45544158338794,12:39:04.158,26.5200,3
45600006982225,12:40:00.006,26.5300,100
45609742372882,12:40:09.742,26.5200,1
45609742372882,12:40:09.742,26.5200,99
45708553319334,12:41:48.553,26.5200,1
45711337498450,12:41:51.337,26.5000,100
45711341425609,12:41:51.341,26.4900,82
45804864105517,12:43:24.864,26.4900,100
45804864893188,12:43:24.864,26.4900,100
45804865128032,12:43:24.865,26.5000,2
45829971095562,12:43:49.971,26.5000,1
45830311667837,12:43:50.311,26.4900,100
45830312054931,12:43:50.312,26.4900,100
45830312054931,12:43:50.312,26.4900,5
45911787757076,12:45:11.787,26.5000,100
45911787818457,12:45:11.787,26.5000,100
45927887382237,12:45:27.887,26.5200,3
45994779113965,12:46:34.779,26.5100,1
45994779113965,12:46:34.779,26.5100,3
46012816710458,12:46:52.816,26.5000,100
46072616316788,12:47:52.616,26.5000,3
46072616316788,12:47:52.616,26.5000,2
46072616527574,12:47:52.616,26.5000,100
46072616527574,12:47:52.616,26.5000,100
46079767871378,12:47:59.767,26.5000,95
46079767871378,12:47:59.767,26.5000,5
46079767957710,12:47:59.767,26.5000,95
46079767957710,12:47:59.767,26.5000,5
46079768789408,12:47:59.768,26.5000,95
46079768789408,12:47:59.768,26.5000,5
46079769423857,12:47:59.769,26.5000,95
46079769423857,12:47:59.769,26.5000,5
46080030263677,12:48:00.030,26.5000,3
46080033798526,12:48:00.033,26.5000,1
46080223733811,12:48:00.223,26.5000,100
46080223733811,12:48:00.223,26.5000,100
46080223733811,12:48:00.223,26.5000,100
46080811943197,12:48:00.811,26.5000,100
46083265586480,12:48:03.265,26.4900,39
46083265727388,12:48:03.265,26.4900,61
46130578152112,12:48:50.578,26.4800,1
46130578152112,12:48:50.578,26.4800,99
46144330689442,12:49:04.330,26.4800,1
46145633495554,12:49:05.633,26.4800,100
46145633495554,12:49:05.633,26.4800,100
46145633495554,12:49:05.633,26.4800,95
46169011716881,12:49:29.011,26.5000,1
46169012575596,12:49:29.012,26.5000,3
46257015728324,12:50:57.015,26.5100,100
46257016579662,12:50:57.016,26.5200,100
46297097365625,12:51:37.097,26.5300,1
46297097365625,12:51:37.097,26.5300,3
46302636668482,12:51:42.636,26.5200,100
46302636694758,12:51:42.636,26.5200,4
46308152026843,12:51:48.152,26.5150,100
46357434122125,12:52:37.434,26.5200,1
46357434122125,12:52:37.434,26.5200,3
46401536644438,12:53:21.536,26.5200,25
46401536644438,12:53:21.536,26.5200,175
46437044128715,12:53:57.044,26.5400,100
46437044128715,12:53:57.044,26.5400,100
46437044958127,12:53:57.044,26.5500,100
46535026167645,12:55:35.026,26.5400,1
46535026167645,12:55:35.026,26.5400,3
46535448774033,12:55:35.448,26.5300,100
46549432411735,12:55:49.432,26.5100,100
46585234944254,12:56:25.234,26.5500,100
46678108176749,12:57:58.108,26.5300,100
46698901190283,12:58:18.901,26.5600,100
46700614998820,12:58:20.614,26.5600,3
46700614998820,12:58:20.614,26.5600,1
46702113075420,12:58:22.113,26.5400,100
46714114522631,12:58:34.114,26.5400,100
46828010112137,13:00:28.010,26.5500,3
46871197182760,13:01:11.197,26.5500,1
46924333591144,13:02:04.333,26.5600,100
46974338179342,13:02:54.338,26.5300,3
47010012503530,13:03:30.012,26.5500,3
47010212642988,13:03:30.212,26.5400,1
47076484277402,13:04:36.484,26.5400,3
47076484277402,13:04:36.484,26.5400,1
47116611208176,13:05:16.611,26.5500,5
47145512863090,13:05:45.512,26.5600,100
47145515327314,13:05:45.515,26.5600,100
47145515357355,13:05:45.515,26.5600,200
47337066824020,13:08:57.066,26.5600,1
47337069004244,13:08:57.069,26.5600,1
47356137627675,13:09:16.137,26.5600,98
47356137627675,13:09:16.137,26.5600,100
47427221838441,13:10:27.221,26.5600,1
47427221838441,13:10:27.221,26.5600,100
47427221838441,13:10:27.221,26.5600,100
47439656848092,13:10:39.656,26.5500,1
47439656848092,13:10:39.656,26.5500,3
47439656848092,13:10:39.656,26.5500,100
47439656848092,13:10:39.656,26.5500,100
47439660022199,13:10:39.660,26.5500,100
47439660022199,13:10:39.660,26.5500,100
47461379767063,13:11:01.379,26.5600,100
47461381149395,13:11:01.381,26.5600,100
47472149824304,13:11:12.149,26.5700,1
47472149824304,13:11:12.149,26.5700,99
47472149933359,13:11:12.149,26.5700,100
47519061600848,13:11:59.061,26.5800,400
47524323274327,13:12:04.323,26.5600,5
47525293691714,13:12:05.293,26.5400,100
47534227890101,13:12:14.227,26.5300,100
47565859466994,13:12:45.859,26.5300,100
47614300138422,13:13:34.300,26.5300,1
47673045827593,13:14:33.045,26.5200,100
47682317680867,13:14:42.317,26.5200,1
47682317680867,13:14:42.317,26.5200,100
47682317680867,13:14:42.317,26.5200,3
47682317680867,13:14:42.317,26.5200,96
47682317919619,13:14:42.317,26.5200,4
47684324767967,13:14:44.324,26.5200,100
47689509080997,13:14:49.509,26.5100,100
47690052885211,13:14:50.052,26.5100,200
47757038362722,13:15:57.038,26.5300,100
47757042334454,13:15:57.042,26.5400,100
47757042334454,13:15:57.042,26.5400,100
47757906761732,13:15:57.906,26.5500,20
47758886230284,13:15:58.886,26.5600,100
47780215697622,13:16:20.215,26.5500,100
47780215697622,13:16:20.215,26.5500,100
47809485765939,13:16:49.485,26.5400,100
47809485765939,13:16:49.485,26.5400,100
47850861551048,13:17:30.861,26.5500,2
47850861551048,13:17:30.861,26.5500,1
47862278991114,13:17:42.278,26.5400,200
47873259905444,13:17:53.259,26.5500,100
47908011754218,13:18:28.011,26.5700,100
47908518482452,13:18:28.518,26.5800,100
47908518482452,13:18:28.518,26.5800,100
47908518482452,13:18:28.518,26.5800,100
47910526521061,13:18:30.526,26.5800,1
47912281410777,13:18:32.281,26.5700,100
47996464959693,13:19:56.464,26.5700,1
47996464959693,13:19:56.464,26.5700,2
48043017143419,13:20:43.017,26.5700,1
48043018623244,13:20:43.018,26.5700,3
48058711101199,13:20:58.711,26.5800,100
48115339134180,13:21:55.339,26.5800,1
48115339134180,13:21:55.339,26.5800,3
48117768470044,13:21:57.768,26.5700,100
48117768592443,13:21:57.768,26.5700,100
48146272425738,13:22:26.272,26.5600,3
48146272425738,13:22:26.272,26.5600,5
48162184622522,13:22:42.184,26.5700,100
48212348193942,13:23:32.348,26.5600,3
48212348193942,13:23:32.348,26.5600,1
48212348193942,13:23:32.348,26.5500,96
48212349563017,13:23:32.349,26.5500,4
48213086904230,13:23:33.086,26.5500,1
48240004163750,13:24:00.004,26.5500,99
48240004163750,13:24:00.004,26.5500,100
48240004163750,13:24:00.004,26.5500,100
48258252551873,13:24:18.252,26.5500,96
48360008157258,13:26:00.008,26.5800,50
48360008157258,13:26:00.008,26.5800,50
48414423053069,13:26:54.423,26.5800,1
48414423053069,13:26:54.423,26.5800,3
48415633238716,13:26:55.633,26.5700,100
48415633286568,13:26:55.633,26.5700,4
48415633286568,13:26:55.633,26.5700,96
48420462572982,13:27:00.462,26.5900,100
48420462572982,13:27:00.462,26.5900,100
48420462572982,13:27:00.462,26.5900,100
48421124196683,13:27:01.124,26.5900,2
48422579330823,13:27:02.579,26.5800,100
48422579330823,13:27:02.579,26.5800,4
48641207659113,13:30:41.207,26.6000,100
48641208166288,13:30:41.208,26.6100,100
48641208207237,13:30:41.208,26.6100,100
48641208651464,13:30:41.208,26.6000,100
48641208651464,13:30:41.208,26.6100,100
48641208651464,13:30:41.208,26.6100,100
48642889390507,13:30:42.889,26.5800,100
48642889390507,13:30:42.889,26.5800,100
48819600723238,13:33:39.600,26.5900,6
48819600723238,13:33:39.600,26.5900,94
48851174334117,13:34:11.174,26.5700,6
48851174334117,13:34:11.174,26.5700,94
48895264082155,13:34:55.264,26.5700,100
48949047294342,13:35:49.047,26.5800,100
48950398091996,13:35:50.398,26.5700,100
48962065393166,13:36:02.065,26.5600,100
48978140921934,13:36:18.140,26.5600,200
49093102721481,13:38:13.102,26.5700,100
49166836932290,13:39:26.836,26.5600,10
49183610399854,13:39:43.610,26.5400,100
49183610725383,13:39:43.610,26.5400,100
49183610727140,13:39:43.610,26.5400,100
49214862304857,13:40:14.862,26.5400,200
49393287734801,13:43:13.287,26.5600,100
49393287734801,13:43:13.287,26.5600,8
49514428869945,13:45:14.428,26.5400,9
49514428881284,13:45:14.428,26.5400,74
49514428890012,13:45:14.428,26.5400,17
49520656633844,13:45:20.656,26.5400,200
49526789581981,13:45:26.789,26.5300,100
49526789581981,13:45:26.789,26.5300,100
49526789581981,13:45:26.789,26.5300,100
49578165152333,13:46:18.165,26.5400,100
49578165152333,13:46:18.165,26.5400,100
49826489222145,13:50:26.489,26.5400,90
49826489317664,13:50:26.489,26.5400,10
49826489695491,13:50:26.489,26.5400,100
49900983612699,13:51:40.983,26.5500,100
49900985424091,13:51:40.985,26.5500,100
49901008827155,13:51:41.008,26.5500,100
50015255594520,13:53:35.255,26.5600,41
50015337638992,13:53:35.337,26.5600,100
50032879954204,13:53:52.879,26.5500,100
50033423278718,13:53:53.423,26.5400,100
50033423303278,13:53:53.423,26.5400,100
50033423303278,13:53:53.423,26.5400,100
50205620015235,13:56:45.620,26.4300,22
50205620732489,13:56:45.620,26.4300,36
50205620759412,13:56:45.620,26.4300,64
50205621218260,13:56:45.621,26.4400,100
50205621218260,13:56:45.621,26.4400,10
50205622355808,13:56:45.622,26.4400,100
50205623994224,13:56:45.623,26.4400,100
50205624358734,13:56:45.624,26.4500,100
50205624358734,13:56:45.624,26.4500,100
50205735276309,13:56:45.735,26.4600,100
50277528233185,13:57:57.528,26.4200,100
50277528233185,13:57:57.528,26.4200,100
50277528233185,13:57:57.528,26.4200,100
50338643125068,13:58:58.643,26.3700,65
50347415982941,13:59:07.415,26.3900,100
50400144845499,14:00:00.144,26.4300,100
50418112124539,14:00:18.112,26.4500,173
50418112124539,14:00:18.112,26.4500,27
50454223042755,14:00:54.223,26.4700,100
50460564624427,14:01:00.564,26.4700,100
50537832551832,14:02:17.832,26.4400,100
50537832551832,14:02:17.832,26.4400,4
50538054492471,14:02:18.054,26.4100,32
50610155586701,14:03:30.155,26.4300,100
50610155586701,14:03:30.155,26.4300,15
50610155587570,14:03:30.155,26.4300,41
50610155687791,14:03:30.155,26.4300,44
50610155687791,14:03:30.155,26.4300,42
50610155687791,14:03:30.155,26.4300,14
50610155912893,14:03:30.155,26.4300,86
50610156353342,14:03:30.156,26.4300,100
50610156973207,14:03:30.156,26.4300,100
50610156973207,14:03:30.156,26.4300,100
50610159747617,14:03:30.159,26.4400,100
50610846233630,14:03:30.846,26.4400,189
50610846233630,14:03:30.846,26.4400,111
50610846264451,14:03:30.846,26.4400,78
50657661893096,14:04:17.661,26.4500,100
50657864600698,14:04:17.864,26.4600,100
50667555325515,14:04:27.555,26.4600,16
50667555325515,14:04:27.555,26.4600,84
50699523642837,14:04:59.523,26.4900,100
50699523733547,14:04:59.523,26.4900,16
50699636477386,14:04:59.636,26.5000,100
50977928685700,14:09:37.928,26.4600,100
51054267872064,14:10:54.267,26.4800,100
51054267896977,14:10:54.267,26.4800,100
51063128094303,14:11:03.128,26.4900,100
51063128094303,14:11:03.128,26.4900,100
51089122971218,14:11:29.122,26.5100,64
51089123019427,14:11:29.123,26.5100,36
51115613058256,14:11:55.613,26.5200,100
51154554721677,14:12:34.554,26.5300,73
51154554721677,14:12:34.554,26.5300,27
51164122346228,14:12:44.122,26.5400,100
51164157222911,14:12:44.157,26.5300,100
51164157222911,14:12:44.157,26.5300,39
51164157225424,14:12:44.157,26.5300,41
51164157230740,14:12:44.157,26.5300,20
51164160099000,14:12:44.160,26.5300,100
51164160212700,14:12:44.160,26.5300,25
51224326696071,14:13:44.326,26.5300,100
51248292359400,14:14:08.292,26.5500,100
51275814875841,14:14:35.814,26.5700,100
51275815111817,14:14:35.815,26.5700,100
51275815111817,14:14:35.815,26.5700,43
51275815826449,14:14:35.815,26.5700,45
51275849105323,14:14:35.849,26.5700,100
51287291744238,14:14:47.291,26.5800,73
51287291744238,14:14:47.291,26.5800,27
51300180007618,14:15:00.180,26.5800,1
51300181269384,14:15:00.181,26.5800,99
51300235339304,14:15:00.235,26.5700,41
51300235345798,14:15:00.235,26.5700,23
51303374472834,14:15:03.374,26.5700,36
51402840917358,14:16:42.840,26.5900,36
51402840921077,14:16:42.840,26.5900,64
51418021588580,14:16:58.021,26.5900,100
51418022796132,14:16:58.022,26.5800,20
51424555204626,14:17:04.555,26.5700,100
51424555204626,14:17:04.555,26.5700,82
51424555235372,14:17:04.555,26.5700,18
51429649432795,14:17:09.649,26.5700,100
51429665361711,14:17:09.665,26.5800,100
51429665361711,14:17:09.665,26.5800,100
51429811443535,14:17:09.811,26.5900,100
51430322531038,14:17:10.322,26.5900,100
51664268331850,14:21:04.268,26.6100,100
51664272996362,14:21:04.272,26.6200,4
51665272736560,14:21:05.272,26.6300,100
51717693568403,14:21:57.693,26.6200,100
51814266209107,14:23:34.266,26.6000,90
51978064700465,14:26:18.064,26.5700,23
51978065082433,14:26:18.065,26.5700,77
51979578197722,14:26:19.578,26.5700,100
52065215625758,14:27:45.215,26.5700,9
52083637828263,14:28:03.637,26.5700,103
52083637994267,14:28:03.637,26.5700,100
52143597289177,14:29:03.597,26.5800,100
52143599465803,14:29:03.599,26.5800,100
52143599515611,14:29:03.599,26.5800,100
52143599515611,14:29:03.599,26.5800,100
52143599515611,14:29:03.599,26.5800,100
52143601847915,14:29:03.601,26.5800,100
52143604273926,14:29:03.604,26.5800,100
52204778555597,14:30:04.778,26.5700,100
52204778555597,14:30:04.778,26.5700,100
52224855463430,14:30:24.855,26.5700,6
52224855463430,14:30:24.855,26.5700,100
52236745133554,14:30:36.745,26.5750,200
52262321796981,14:31:02.321,26.5850,100
52271927827646,14:31:11.927,26.5900,54
52273070011021,14:31:13.070,26.6000,96
52273070425410,14:31:13.070,26.6000,4
52276796996205,14:31:16.796,26.6100,100
52276796996205,14:31:16.796,26.6100,100
52276797227749,14:31:16.797,26.6100,27
52276797252086,14:31:16.797,26.6100,73
52310497871804,14:31:50.497,26.6400,100
52310497903325,14:31:50.497,26.6400,100
52315472528404,14:31:55.472,26.6300,100
52315472528404,14:31:55.472,26.6300,100
52315472528404,14:31:55.472,26.6300,100
52315472528404,14:31:55.472,26.6300,100
52315472528404,14:31:55.472,26.6300,100
52315472528404,14:31:55.472,26.6300,100
52315472528404,14:31:55.472,26.6300,100
52315472528404,14:31:55.472,26.6300,100
52315472528404,14:31:55.472,26.6300,100
52397367271307,14:33:17.367,26.6000,100
52397367271307,14:33:17.367,26.6000,100
52497397879172,14:34:57.397,26.6200,100
52523724610475,14:35:23.724,26.6200,100
52523724635403,14:35:23.724,26.6200,100
52532950610770,14:35:32.950,26.6300,100
52540655437157,14:35:40.655,26.6300,100
52542255938667,14:35:42.255,26.6200,90
52564407177395,14:36:04.407,26.6300,1422
52564407214038,14:36:04.407,26.6300,300
52564407239688,14:36:04.407,26.6300,100
52564407245547,14:36:04.407,26.6300,1438
52564407282650,14:36:04.407,26.6300,100
52564407297078,14:36:04.407,26.6300,200
52564407525542,14:36:04.407,26.6300,100
52564408194597,14:36:04.408,26.6300,100
52564408323005,14:36:04.408,26.6300,100
52564408323005,14:36:04.408,26.6300,100
52572455444077,14:36:12.455,26.6200,200
52572455444077,14:36:12.455,26.6200,100
52572455444077,14:36:12.455,26.6200,200
52577110831258,14:36:17.110,26.6300,157
52577112962428,14:36:17.112,26.6300,100
52579210530812,14:36:19.210,26.6400,100
52580289911832,14:36:20.289,26.6400,6
52580290506911,14:36:20.290,26.6400,294
52643370404943,14:37:23.370,26.6600,8
52643375568943,14:37:23.375,26.6700,100
52649456594476,14:37:29.456,26.6600,100
52649456594476,14:37:29.456,26.6600,100
52691551733678,14:38:11.551,26.6600,100
52701905873679,14:38:21.905,26.6600,100
52710901652036,14:38:30.901,26.6500,100
52715664398514,14:38:35.664,26.6500,100
52715664454486,14:38:35.664,26.6500,28
52801695408594,14:40:01.695,26.6600,100
52801695408594,14:40:01.695,26.6600,7690
52801695408594,14:40:01.695,26.6600,100
52801695408594,14:40:01.695,26.6600,100
52801696871117,14:40:01.696,26.6700,100
52801696871117,14:40:01.696,26.6700,100
52801697075894,14:40:01.697,26.6800,20
52801697075894,14:40:01.697,26.6800,100
52801697075894,14:40:01.697,26.6800,80
52801711447792,14:40:01.711,26.6800,100
52801916750719,14:40:01.916,26.6800,35
52829134617739,14:40:29.134,26.7000,100
52838486172163,14:40:38.486,26.7000,300
52838486811077,14:40:38.486,26.6900,24
52838486822220,14:40:38.486,26.6900,76
52838486822220,14:40:38.486,26.6900,100
52838486822220,14:40:38.486,26.6900,100
52854947571618,14:40:54.947,26.7100,20
52854947571618,14:40:54.947,26.7100,100
52854947571618,14:40:54.947,26.7100,80
52854949145369,14:40:54.949,26.7100,20
52854949293742,14:40:54.949,26.7100,100
52873300490530,14:41:13.300,26.7100,82
52876164915918,14:41:16.164,26.6950,100
52886059635347,14:41:26.059,26.6900,100
52886059659252,14:41:26.059,26.6900,100
52886059659252,14:41:26.059,26.6900,100
52886060669558,14:41:26.060,26.6800,100
52886861296929,14:41:26.861,26.6700,100
52933153086867,14:42:13.153,26.6700,18
52933153086867,14:42:13.153,26.6700,100
52933153274575,14:42:13.153,26.6700,100
52933205534028,14:42:13.205,26.6700,100
52943727734985,14:42:23.727,26.6800,100
52943727782563,14:42:23.727,26.6800,100
52981308444692,14:43:01.308,26.6800,100
52981308444692,14:43:01.308,26.6800,100
52981308576036,14:43:01.308,26.6800,200
52996264698105,14:43:16.264,26.6500,99
53009528029063,14:43:29.528,26.6500,200
53010726321249,14:43:30.726,26.6600,100
53010726346041,14:43:30.726,26.6600,100
53010726501490,14:43:30.726,26.6600,100
53167590948465,14:46:07.590,26.6600,100
53167590974386,14:46:07.590,26.6600,1
53167590974386,14:46:07.590,26.6600,1
53167590974386,14:46:07.590,26.6600,100
53167692604245,14:46:07.692,26.6500,200
53188341195922,14:46:28.341,26.6600,200
53188341291730,14:46:28.341,26.6600,955
53189261539487,14:46:29.261,26.6700,100
53189261539487,14:46:29.261,26.6700,100
53192216988214,14:46:32.216,26.6800,1
53192216988214,14:46:32.216,26.6800,99
53192217013382,14:46:32.217,26.6800,1
53192271020250,14:46:32.271,26.6800,100
53202222001395,14:46:42.222,26.6800,100
53216218403896,14:46:56.218,26.6800,100
53216218720365,14:46:56.218,26.6800,100
53222727631076,14:47:02.727,26.6900,27
53222727631608,14:47:02.727,26.6900,73
53228727504261,14:47:08.727,26.7000,100
53230861893152,14:47:10.861,26.7000,84
53242281356219,14:47:22.281,26.7000,16
53242281356219,14:47:22.281,26.7100,84
53242281389415,14:47:22.281,26.7100,16
53250178241877,14:47:30.178,26.7100,100
53250178241877,14:47:30.178,26.7100,35
53250178241877,14:47:30.178,26.7100,65
53250178357701,14:47:30.178,26.7100,35
53250722121738,14:47:30.722,26.7200,1
53250722121738,14:47:30.722,26.7200,99
53293468483182,14:48:13.468,26.7200,100
53293468483182,14:48:13.468,26.7200,100
53322929850862,14:48:42.929,26.7100,100
53322929850862,14:48:42.929,26.7100,88
53322929889682,14:48:42.929,26.7100,100
53322960320541,14:48:42.960,26.7100,100
53322960320541,14:48:42.960,26.7100,100
53322960320541,14:48:42.960,26.7100,100
53322961033651,14:48:42.961,26.7200,100
53440832287519,14:50:40.832,26.7200,100
53522615288408,14:52:02.615,26.7200,100
53524217295390,14:52:04.217,26.7300,100
53524220386657,14:52:04.220,26.7300,100
53533468338563,14:52:13.468,26.7400,40
53533468442149,14:52:13.468,26.7400,60
53537123175216,14:52:17.123,26.7400,100
53537123175216,14:52:17.123,26.7400,100
53546724642671,14:52:26.724,26.7400,4
53549817205189,14:52:29.817,26.7300,65
53549817230325,14:52:29.817,26.7300,35
53549817230325,14:52:29.817,26.7300,100
53570318782581,14:52:50.318,26.7300,100
53570318958299,14:52:50.318,26.7300,100
53570322100852,14:52:50.322,26.7300,22
53570322100852,14:52:50.322,26.7300,78
53574560269490,14:52:54.560,26.7300,222
53656554442407,14:54:16.554,26.7200,100
53656554495017,14:54:16.554,26.7200,100
53656554495017,14:54:16.554,26.7200,100
53765022736795,14:56:05.022,26.7100,100
53786250833017,14:56:26.250,26.7100,100
53786250910461,14:56:26.250,26.7100,100
53786250910461,14:56:26.250,26.7100,100
53857274704067,14:57:37.274,26.7000,78
53857277738572,14:57:37.277,26.7100,600
53857310884688,14:57:37.310,26.7100,636
53863662953487,14:57:43.662,26.7300,100
53863662953487,14:57:43.662,26.7300,103
53863702844843,14:57:43.702,26.7400,100
53863702844843,14:57:43.702,26.7400,100
53863702846714,14:57:43.702,26.7400,42
53863702870818,14:57:43.702,26.7400,58
53890043029869,14:58:10.043,26.7500,10
53890043029869,14:58:10.043,26.7500,90
53890043029869,14:58:10.043,26.7500,100
53890043116859,14:58:10.043,26.7500,100
53890044350701,14:58:10.044,26.7500,100
53990186054340,14:59:50.186,26.7600,100
53990186054340,14:59:50.186,26.7600,200
54107767344040,15:01:47.767,26.7600,100
54107767344040,15:01:47.767,26.7600,100
54107767371391,15:01:47.767,26.7600,41
54108157333422,15:01:48.157,26.7500,100
54108157333422,15:01:48.157,26.7500,100
54135846910710,15:02:15.846,26.7200,47
54135847408770,15:02:15.847,26.7200,53
54136496590349,15:02:16.496,26.7100,100
54190063129476,15:03:10.063,26.7000,70
54190302843663,15:03:10.302,26.7000,30
54190306786554,15:03:10.306,26.7100,100
54190306786554,15:03:10.306,26.7100,100
54190306863898,15:03:10.306,26.7100,53
54190307447094,15:03:10.307,26.7200,100
54213665120711,15:03:33.665,26.7200,93
54213665122344,15:03:33.665,26.7200,7
54232661938662,15:03:52.661,26.7200,100
54232661938662,15:03:52.661,26.7200,117
54232661966037,15:03:52.661,26.7200,83
54232661966037,15:03:52.661,26.7200,94
54232661991850,15:03:52.661,26.7200,6
54262315064551,15:04:22.315,26.7100,100
54262315064551,15:04:22.315,26.7100,100
54262315369591,15:04:22.315,26.7100,200
54279282466067,15:04:39.282,26.7100,100
54320261569389,15:05:20.261,26.7200,100
54458246050772,15:07:38.246,26.7200,100
54466042015045,15:07:46.042,26.7200,100
54466042067545,15:07:46.042,26.7200,100
54485507450763,15:08:05.507,26.7200,100
54485507450763,15:08:05.507,26.7200,100
54485507450763,15:08:05.507,26.7200,100
54485528578176,15:08:05.528,26.7300,200
54485528578176,15:08:05.528,26.7300,100
54485528578176,15:08:05.528,26.7300,100
54489986155181,15:08:09.986,26.7400,71
54550790792089,15:09:10.790,26.7200,100
54550790792089,15:09:10.790,26.7200,82
54550790792089,15:09:10.790,26.7200,18
54556077536599,15:09:16.077,26.7100,100
54556077536599,15:09:16.077,26.7100,100
54591835512294,15:09:51.835,26.7000,6
54591835684096,15:09:51.835,26.7000,76
54591835774819,15:09:51.835,26.7000,25
54591837546376,15:09:51.837,26.7000,200
54591838886754,15:09:51.838,26.7000,100
54591844155423,15:09:51.844,26.7000,100
54591844155423,15:09:51.844,26.7000,100
54665937968935,15:11:05.937,26.6900,5
54665958851654,15:11:05.958,26.6900,95
54739823963623,15:12:19.823,26.7000,100
54739823963623,15:12:19.823,26.7000,100
54739823963623,15:12:19.823,26.7000,100
54748908627878,15:12:28.908,26.7000,56
54776341217736,15:12:56.341,26.7000,44
54790215102604,15:13:10.215,26.7000,121
54790215102604,15:13:10.215,26.7000,100
54812983917347,15:13:32.983,26.7000,100
54812983917347,15:13:32.983,26.7000,100
54812989484130,15:13:32.989,26.7050,100
54812989484130,15:13:32.989,26.7000,100
54845165074628,15:14:05.165,26.7100,100
54845165074628,15:14:05.165,26.7100,100
54851605022930,15:14:11.605,26.7200,200
54851605022930,15:14:11.605,26.7200,200
54851605022930,15:14:11.605,26.7200,100
54851605022930,15:14:11.605,26.7200,200
54891551404630,15:14:51.551,26.7300,42
54891551777651,15:14:51.551,26.7300,58
54891551777651,15:14:51.551,26.7300,100
54891551777651,15:14:51.551,26.7300,100
54891551777651,15:14:51.551,26.7300,100
54891552168393,15:14:51.552,26.7300,100
54891653914923,15:14:51.653,26.7300,100
54891774098125,15:14:51.774,26.7300,10
54928180842192,15:15:28.180,26.7300,100
54928180842192,15:15:28.180,26.7300,100
54947948034311,15:15:47.948,26.7300,100
55047990134374,15:17:27.990,26.7100,100
55047990160837,15:17:27.990,26.7100,100
55047990204964,15:17:27.990,26.7100,100
55060092413011,15:17:40.092,26.6800,100
55060092442200,15:17:40.092,26.6800,100
55061076644897,15:17:41.076,26.6800,100
55101647932198,15:18:21.647,26.6600,189
55144439818313,15:19:04.439,26.6600,123
55144442870165,15:19:04.442,26.6600,66
55144442870165,15:19:04.442,26.6600,173
55144442870165,15:19:04.442,26.6600,61
55144442896778,15:19:04.442,26.6600,6
55144476791105,15:19:04.476,26.6600,100
55144560755088,15:19:04.560,26.6700,100
55175521652576,15:19:35.521,26.6700,100
55180568454969,15:19:40.568,26.6800,100
55180568580833,15:19:40.568,26.6900,100
55181896558753,15:19:41.896,26.6700,100
55211277224812,15:20:11.277,26.6700,200
55211277224812,15:20:11.277,26.6700,100
55211277224812,15:20:11.277,26.6700,100
55211277224812,15:20:11.277,26.6700,100
55211277392249,15:20:11.277,26.6700,100
55211294278806,15:20:11.294,26.6700,200
55211294278806,15:20:11.294,26.6700,100
55237536303996,15:20:37.536,26.6800,47
55237536391419,15:20:37.536,26.6800,63
55257656473006,15:20:57.656,26.6800,100
55257663076548,15:20:57.663,26.6700,100
55257663076548,15:20:57.663,26.6700,100
55257663076548,15:20:57.663,26.6700,100
55324949908897,15:22:04.949,26.6400,100
55324949908897,15:22:04.949,26.6400,100
55335061432414,15:22:15.061,26.6350,100
55335061432414,15:22:15.061,26.6400,20
55335061475096,15:22:15.061,26.6400,80
55335061475096,15:22:15.061,26.6400,34
55335138604232,15:22:15.138,26.6400,43
55339729292507,15:22:19.729,26.6500,100
55339729292507,15:22:19.729,26.6500,116
55339729292507,15:22:19.729,26.6500,55
55339760197543,15:22:19.760,26.6500,86
55355971332740,15:22:35.971,26.6600,100
55381933363693,15:23:01.933,26.6700,100
55383021848782,15:23:03.021,26.6700,57
55383021848782,15:23:03.021,26.6700,43
55383021931568,15:23:03.021,26.6700,57
55383022108719,15:23:03.022,26.6700,157
55392653981751,15:23:12.653,26.6650,200
55407275617939,15:23:27.275,26.6650,200
55407408605636,15:23:27.408,26.6700,200
55407408605636,15:23:27.408,26.6700,162
55407414086519,15:23:27.414,26.6700,100
55407414086519,15:23:27.414,26.6700,100
55467434576124,15:24:27.434,26.6800,100
55467435316419,15:24:27.435,26.6800,40
55467435551515,15:24:27.435,26.6800,60
55467435551515,15:24:27.435,26.6800,100
55489287426985,15:24:49.287,26.6900,178
55514268849695,15:25:14.268,26.6900,100
55514269030621,15:25:14.269,26.6900,100
55514269030621,15:25:14.269,26.6900,42
55514269087925,15:25:14.269,26.6900,58
55514269087925,15:25:14.269,26.6900,100
55514269087925,15:25:14.269,26.6900,100
55532697335968,15:25:32.697,26.6800,100
55532697335968,15:25:32.697,26.6800,18
55532697363591,15:25:32.697,26.6800,82
55568684615248,15:26:08.684,26.6800,100
55568684615248,15:26:08.684,26.6800,100
55568684615248,15:26:08.684,26.6800,100
55568684702947,15:26:08.684,26.6800,94
55578350108274,15:26:18.350,26.6900,100
55580229457842,15:26:20.229,26.6950,190
55602361884026,15:26:42.361,26.6900,100
55605497164934,15:26:45.497,26.6900,100
55620232306134,15:27:00.232,26.6900,100
55620232306134,15:27:00.232,26.6900,44
55620234713015,15:27:00.234,26.6900,56
55673110940191,15:27:53.110,26.7000,85
55673110940191,15:27:53.110,26.7000,33
55673130971197,15:27:53.130,26.7000,67
55673130971197,15:27:53.130,26.7000,15
55673130971197,15:27:53.130,26.7000,200
55676042599821,15:27:56.042,26.7100,85
55676042599821,15:27:56.042,26.7100,15
55676042599821,15:27:56.042,26.7100,100
55676044787742,15:27:56.044,26.7100,100
55676044787742,15:27:56.044,26.7100,82
55763052675185,15:29:23.052,26.7100,100
55763052675185,15:29:23.052,26.7100,100
55766557475409,15:29:26.557,26.7000,43
55766557503154,15:29:26.557,26.7000,57
55766557503154,15:29:26.557,26.7000,100
55766557503154,15:29:26.557,26.7000,100
55766557503154,15:29:26.557,26.7000,100
55796554092408,15:29:56.554,26.6900,100
55803519391833,15:30:03.519,26.6800,22
55803519404062,15:30:03.519,26.6800,50
55803519468402,15:30:03.519,26.6800,28
55803519468402,15:30:03.519,26.6800,1
55803532539998,15:30:03.532,26.6750,400
55812707055794,15:30:12.707,26.6800,100
55812707055794,15:30:12.707,26.6800,100
55824292682656,15:30:24.292,26.6800,40
55828544206922,15:30:28.544,26.6900,100
55832346563426,15:30:32.346,26.7000,100
55832346563426,15:30:32.346,26.7000,600
55832346563426,15:30:32.346,26.7000,100
55832346563426,15:30:32.346,26.7000,100
55832346563426,15:30:32.346,26.7000,100
55832347360576,15:30:32.347,26.7100,100
55833208740211,15:30:33.208,26.7200,100
55833208740211,15:30:33.208,26.7200,200
55837158847411,15:30:37.158,26.7200,100
55837158847411,15:30:37.158,26.7200,100
55872407504704,15:31:12.407,26.7200,100
55872407504704,15:31:12.407,26.7200,100
55872407504704,15:31:12.407,26.7200,100
55907020468585,15:31:47.020,26.7300,100
55907038655139,15:31:47.038,26.7200,74
55907085480749,15:31:47.085,26.7200,26
55907085480749,15:31:47.085,26.7200,100
55907085480749,15:31:47.085,26.7200,3
55915717878800,15:31:55.717,26.7300,94
55915718078359,15:31:55.718,26.7300,6
55948584442372,15:32:28.584,26.7300,100
55975095788229,15:32:55.095,26.7200,100
56007865129937,15:33:27.865,26.7200,187
56007865129937,15:33:27.865,26.7200,187
56007865129937,15:33:27.865,26.7200,151
56021851718212,15:33:41.851,26.7200,70
56059725406330,15:34:19.725,26.7100,100
56059725432305,15:34:19.725,26.7100,30
56059725432305,15:34:19.725,26.7100,61
56059725432305,15:34:19.725,26.7100,100
56080233928572,15:34:40.233,26.7000,6
56125450252315,15:35:25.450,26.7000,200
56125450252315,15:35:25.450,26.7000,100
56125452735531,15:35:25.452,26.7000,5
56249921865438,15:37:29.921,26.7000,86
56276389533449,15:37:56.389,26.6900,100
56276389533449,15:37:56.389,26.6900,100
56279755791039,15:37:59.755,26.6800,100
56279755791039,15:37:59.755,26.6800,100
56280236543894,15:38:00.236,26.6800,35
56323473531049,15:38:43.473,26.6800,100
56323473531049,15:38:43.473,26.6800,100
56323473531049,15:38:43.473,26.6800,155
56323473531049,15:38:43.473,26.6800,100
56323473531049,15:38:43.473,26.6800,100
56323473539234,15:38:43.473,26.6800,200
56323475307968,15:38:43.475,26.6800,100
56323482920859,15:38:43.482,26.6800,158
56357009628105,15:39:17.009,26.6700,36
56357009654431,15:39:17.009,26.6700,61
56357009654431,15:39:17.009,26.6700,100
56357009974169,15:39:17.009,26.6700,100
56357009974767,15:39:17.009,26.6700,100
56357010027506,15:39:17.010,26.6700,100
56357010029097,15:39:17.010,26.6700,100
56357010029097,15:39:17.010,26.6700,42
56357010086361,15:39:17.010,26.6700,58
56380236581156,15:39:40.236,26.6900,100
56380236581156,15:39:40.236,26.6900,40
56380237850928,15:39:40.237,26.6900,37
56380237877121,15:39:40.237,26.6900,23
56380237877121,15:39:40.237,26.6900,100
56380237877121,15:39:40.237,26.6900,100
56402115064585,15:40:02.115,26.6900,200
56402115065815,15:40:02.115,26.6900,35
56402115084019,15:40:02.115,26.6900,65
56409138447975,15:40:09.138,26.6800,100
56426054170234,15:40:26.054,26.6700,100
56426657898273,15:40:26.657,26.6650,100
56430915922240,15:40:30.915,26.6500,100
56474936198681,15:41:14.936,26.6600,100
56474936198681,15:41:14.936,26.6600,100
56474936516637,15:41:14.936,26.6600,100
56474936516637,15:41:14.936,26.6600,100
56474936776599,15:41:14.936,26.6600,100
56480464654311,15:41:20.464,26.6600,70
56480465692830,15:41:20.465,26.6650,100
56480465692830,15:41:20.465,26.6600,30
56487009057472,15:41:27.009,26.6500,100
56488092845180,15:41:28.092,26.6600,23
56518304909402,15:41:58.304,26.6600,100
56518304909402,15:41:58.304,26.6600,100
56518304909402,15:41:58.304,26.6600,100
56518304909402,15:41:58.304,26.6600,37
56518304932682,15:41:58.304,26.6600,63
56518304932682,15:41:58.304,26.6600,100
56561508783773,15:42:41.508,26.6700,100
56561508783773,15:42:41.508,26.6700,100
56561508783773,15:42:41.508,26.6700,100
56561508783773,15:42:41.508,26.6700,200
56569791991998,15:42:49.791,26.6700,10
56581808569517,15:43:01.808,26.6800,100
56599057876509,15:43:19.057,26.6800,300
56607094429874,15:43:27.094,26.6900,93
56607094429874,15:43:27.094,26.6900,7
56607094429874,15:43:27.094,26.6900,100
56607094429874,15:43:27.094,26.6900,96
56607094429874,15:43:27.094,26.6900,117
56613538736164,15:43:33.538,26.7000,100
56613538736164,15:43:33.538,26.7000,100
56613538736164,15:43:33.538,26.7000,100
56613538736164,15:43:33.538,26.7000,100
56613541660720,15:43:33.541,26.7000,100
56632204124461,15:43:52.204,26.6900,100
56632204124461,15:43:52.204,26.6900,100
56642187197694,15:44:02.187,26.6900,200
56700202717603,15:45:00.202,26.6900,200
56700202717603,15:45:00.202,26.6900,100
56700202717603,15:45:00.202,26.6900,4
56700202717603,15:45:00.202,26.6900,100
56700202717603,15:45:00.202,26.6900,187
56700202717603,15:45:00.202,26.6900,93
56700202803685,15:45:00.202,26.6800,200
56700203681214,15:45:00.203,26.6800,45
56713735161621,15:45:13.735,26.6800,100
56713735161621,15:45:13.735,26.6800,100
56713735161621,15:45:13.735,26.6800,37
56717133475562,15:45:17.133,26.6900,100
56717290040607,15:45:17.290,26.6900,75
56720214691664,15:45:20.214,26.6900,25
56721739827054,15:45:21.739,26.6900,100
56732664440628,15:45:32.664,26.7000,109
56737235680845,15:45:37.235,26.7000,91
56737235680845,15:45:37.235,26.7000,100
56737235680845,15:45:37.235,26.7000,100
56737235781947,15:45:37.235,26.7000,75
56737242778598,15:45:37.242,26.7000,100
56749913764358,15:45:49.913,26.6900,100
56749913764358,15:45:49.913,26.6900,100
56756913296910,15:45:56.913,26.6900,75
56756913296910,15:45:56.913,26.6900,100
56756913296910,15:45:56.913,26.6900,137
56756913296910,15:45:56.913,26.6900,88
56756913461503,15:45:56.913,26.6900,112
56772825898286,15:46:12.825,26.6900,75
56772825937446,15:46:12.825,26.6900,225
56811770975117,15:46:51.770,26.6800,100
56811882632239,15:46:51.882,26.6800,100
56825921682233,15:47:05.921,26.6800,100
56826314530974,15:47:06.314,26.6700,100
56826338533335,15:47:06.338,26.6700,100
56826779998054,15:47:06.779,26.6700,100
56854189986315,15:47:34.189,26.6700,100
56854790983603,15:47:34.790,26.6700,100
56875417783510,15:47:55.417,26.6600,72
56904608537893,15:48:24.608,26.6700,71
56904608751008,15:48:24.608,26.6700,29
56904608751008,15:48:24.608,26.6700,100
56904608751008,15:48:24.608,26.6700,100
56904608751008,15:48:24.608,26.6700,100
56904608751008,15:48:24.608,26.6700,100
56904608751008,15:48:24.608,26.6700,100
56904608876540,15:48:24.608,26.6700,100
56904608876540,15:48:24.608,26.6700,100
56965962800685,15:49:25.962,26.6800,100
56965962800685,15:49:25.962,26.6800,200
56965962800685,15:49:25.962,26.6800,100
56965962800685,15:49:25.962,26.6800,100
56965963114010,15:49:25.963,26.6800,55
57010521445860,15:50:10.521,26.6800,149
57010521458486,15:50:10.521,26.6800,51
57010521458486,15:50:10.521,26.6800,200
57010521458486,15:50:10.521,26.6800,100
57010521458486,15:50:10.521,26.6800,25
57010521459790,15:50:10.521,26.6800,49
57010521460243,15:50:10.521,26.6800,50
57010521471527,15:50:10.521,26.6800,176
57010594577691,15:50:10.594,26.6700,100
57010594604772,15:50:10.594,26.6700,100
57017591975247,15:50:17.591,26.6700,84
57019094496727,15:50:19.094,26.6700,100
57028160319986,15:50:28.160,26.6700,100
57028160319986,15:50:28.160,26.6700,900
57029094325063,15:50:29.094,26.6800,100
57041720544772,15:50:41.720,26.6750,100
57074086944662,15:51:14.086,26.6700,100
57074086944662,15:51:14.086,26.6700,100
57108391022452,15:51:48.391,26.6700,100
57108391022452,15:51:48.391,26.6700,100
57108391515065,15:51:48.391,26.6700,71
57108391516375,15:51:48.391,26.6700,29
57108391516375,15:51:48.391,26.6700,51
57108397499760,15:51:48.397,26.6700,4
57132970589999,15:52:12.970,26.6650,100
57171200042074,15:52:51.200,26.6650,100
57197028248417,15:53:17.028,26.6700,100
57208957091053,15:53:28.957,26.6650,100
57247651971267,15:54:07.651,26.6700,100
57247651971267,15:54:07.651,26.6700,100
57247651971267,15:54:07.651,26.6700,200
57247651971267,15:54:07.651,26.6700,100
57247651971267,15:54:07.651,26.6700,100
57247651971267,15:54:07.651,26.6700,500
57247651971267,15:54:07.651,26.6700,170
57247651971267,15:54:07.651,26.6700,100
57247651971267,15:54:07.651,26.6700,100
57247652078830,15:54:07.652,26.6700,100
57247652090877,15:54:07.652,26.6700,100
57247653091270,15:54:07.653,26.6700,100
57266294831254,15:54:26.294,26.6800,100
57266353211042,15:54:26.353,26.6800,46
57269417335369,15:54:29.417,26.6800,100
57269417335369,15:54:29.417,26.6800,200
57269417374536,15:54:29.417,26.6800,120
57282545974251,15:54:42.545,26.6800,100
57282545974251,15:54:42.545,26.6800,200
57294613126687,15:54:54.613,26.6700,100
57300153017773,15:55:00.153,26.6800,100
57300153017773,15:55:00.153,26.6800,100
57300279021722,15:55:00.279,26.6900,200
57310138491690,15:55:10.138,26.7000,28
57310147542662,15:55:10.147,26.7000,18
57310147542662,15:55:10.147,26.7000,54
57310147542662,15:55:10.147,26.7000,128
57310147650278,15:55:10.147,26.7000,72
57310147650278,15:55:10.147,26.7000,100
57310565485743,15:55:10.565,26.7100,200
57310565485743,15:55:10.565,26.7100,100
57310565485743,15:55:10.565,26.7100,200
57310566932625,15:55:10.566,26.7200,100
57310566994540,15:55:10.566,26.7200,29
57316093465079,15:55:16.093,26.7300,4
57355813466788,15:55:55.813,26.7200,100
57355813466788,15:55:55.813,26.7200,100
57355813466788,15:55:55.813,26.7200,100
57355813466788,15:55:55.813,26.7200,100
57380121351666,15:56:20.121,26.7100,100
57380121351666,15:56:20.121,26.7100,100
57380173001860,15:56:20.173,26.7050,1
57390123123745,15:56:30.123,26.6900,100
57416857496443,15:56:56.857,26.6800,100
57416857534493,15:56:56.857,26.6800,100
57458173008791,15:57:38.173,26.6800,10
57458173008791,15:57:38.173,26.6800,200
57458173008791,15:57:38.173,26.6800,35
57458173041996,15:57:38.173,26.6800,65
57490119751375,15:58:10.119,26.6800,200
57490119751375,15:58:10.119,26.6800,100
57490119751375,15:58:10.119,26.6800,125
57490119953401,15:58:10.119,26.6800,53
57555108959519,15:59:15.108,26.6850,100
57555108959519,15:59:15.108,26.6900,100
57555108959519,15:59:15.108,26.6900,100
57555108959519,15:59:15.108,26.6900,67
57555109128424,15:59:15.109,26.6900,100
57555110135164,15:59:15.110,26.6900,100
57590074543969,15:59:50.074,26.7100,9
57591106003520,15:59:51.106,26.7200,6
57600228853480,16:00:00.228,0.0000,0
