timestamp,time,price,volume
34200184288253,09:30:00.184,0.0000,0
34239066013698,09:30:39.066,36.2400,1
34261859061849,09:31:01.859,36.2050,32
34280167827230,09:31:20.167,36.2000,28
34280171232268,09:31:20.171,36.1700,100
34280171232268,09:31:20.171,36.1700,100
34280191257168,09:31:20.191,36.1600,100
34280191343569,09:31:20.191,36.1700,100
34280198904233,09:31:20.198,36.1500,100
34320494616048,09:32:00.494,36.1400,100
34327904526064,09:32:07.904,36.1200,51
34327904602711,09:32:07.904,36.1200,49
34327996579802,09:32:07.996,36.1100,70
34327996584552,09:32:07.996,36.1100,30
34343117904023,09:32:23.117,36.1300,100
34343118144319,09:32:23.118,36.1400,10
34357663704507,09:32:37.663,36.1500,100
34389581948036,09:33:09.581,36.1300,100
34430629540258,09:33:50.629,36.1400,100
34431747774422,09:33:51.747,36.1500,100
34431749965783,09:33:51.749,36.1500,100
34454175345028,09:34:14.175,36.1600,100
34454182777634,09:34:14.182,36.1600,100
34454182777634,09:34:14.182,36.1600,100
34615724706526,09:36:55.724,36.2200,98
34615725173932,09:36:55.725,36.2200,2
34616997452070,09:36:56.997,36.2100,100
34649912668226,09:37:29.912,36.2100,100
34651730291484,09:37:31.730,36.2000,100
34651730291484,09:37:31.730,36.2000,100
34697659922477,09:38:17.659,36.2200,100
35090925797732,09:44:50.925,36.1700,100
35128420276523,09:45:28.420,36.1650,7
35130566297295,09:45:30.566,36.1650,100
35135400241203,09:45:35.400,36.1600,100
35146640421316,09:45:46.640,36.1500,100
35302436480432,09:48:22.436,36.1500,68
35346174485816,09:49:06.174,36.1500,30
35346174510251,09:49:06.174,36.1500,70
35384071084459,09:49:44.071,36.1400,33
35435919028973,09:50:35.919,36.1450,13
35471333156101,09:51:11.333,36.1500,100
35506702593507,09:51:46.702,36.1400,100
35732026143430,09:55:32.026,36.1150,10
35755145981204,09:55:55.145,36.0900,100
35810158783328,09:56:50.158,36.0600,100
35810158783328,09:56:50.158,36.0600,100
35873963211036,09:57:53.963,36.0900,100
36008004439113,10:00:08.004,36.1200,100
36010384627776,10:00:10.384,36.1100,100
36010384627776,10:00:10.384,36.1100,43
36010384627776,10:00:10.384,36.1100,100
36049227191501,10:00:49.227,36.0950,8
36071833145735,10:01:11.833,36.0700,25
36135975019054,10:02:15.975,36.0800,19
36244572458345,10:04:04.572,36.0800,19
36264686697772,10:04:24.686,36.0800,100
36272607352694,10:04:32.607,36.0700,4
36327086372063,10:05:27.086,36.0850,2
36327086372063,10:05:27.086,36.0800,42
36327086666619,10:05:27.086,36.0800,58
36341188325081,10:05:41.188,36.0900,100
36359935646656,10:05:59.935,36.0900,100
36400628865847,10:06:40.628,36.0900,11
36437214771424,10:07:17.214,36.0800,21
36437214771424,10:07:17.214,36.0800,100
36488895555262,10:08:08.895,36.0900,19
36661461166099,10:11:01.461,36.1100,13
36691377546810,10:11:31.377,36.1100,100
36712564880545,10:11:52.564,36.1300,100
36720040869683,10:12:00.040,36.1300,100
36858277697599,10:14:18.277,36.1400,100
36858277697599,10:14:18.277,36.1400,100
36858513659474,10:14:18.513,36.1350,100
36906641360275,10:15:06.641,36.1300,54
36910028028976,10:15:10.028,36.1200,1
36933454369017,10:15:33.454,36.1100,15
36998248598446,10:16:38.248,36.1200,19
37052388772919,10:17:32.388,36.1000,43
37151929576677,10:19:11.929,36.0800,19
37241630858398,10:20:41.630,36.0900,18
37254171244175,10:20:54.171,36.0900,98
37289837651971,10:21:29.837,36.0800,19
37307228682120,10:21:47.228,36.0800,100
37331856252802,10:22:11.856,36.0900,19
37362570245496,10:22:42.570,36.0900,100
37386420423671,10:23:06.420,36.0900,100
37386420423671,10:23:06.420,36.0900,100
37452152653907,10:24:12.152,36.0900,19
37667435249172,10:27:47.435,36.0700,26
37670849899977,10:27:50.849,36.0700,74
37670849899977,10:27:50.849,36.0700,26
37670849962361,10:27:50.849,36.0700,74
37834578459866,10:30:34.578,36.1000,19
37857415709530,10:30:57.415,36.1100,93
37857415725959,10:30:57.415,36.1100,7
37947073369690,10:32:27.073,36.1300,19
37988160138716,10:33:08.160,36.1400,100
38007290261520,10:33:27.290,36.1500,1
38007290261520,10:33:27.290,36.1500,100
38008502453823,10:33:28.502,36.1400,100
38008502453823,10:33:28.502,36.1400,1
38012359652114,10:33:32.359,36.1400,100
38041319632621,10:34:01.319,36.1400,1
38068350926283,10:34:28.350,36.1300,100
38068350926283,10:34:28.350,36.1300,1
38127866364297,10:35:27.866,36.1000,1
38165076880428,10:36:05.076,36.0800,1
38174149874484,10:36:14.149,36.0800,3
38174149874484,10:36:14.149,36.0800,100
38174149874484,10:36:14.149,36.0800,97
38174149903250,10:36:14.149,36.0800,3
38232509669386,10:37:12.509,36.0800,1
38232509669386,10:37:12.509,36.0800,18
38234247203112,10:37:14.247,36.0800,82
38234247203112,10:37:14.247,36.0800,12
38234247203112,10:37:14.247,36.0800,6
38234247230068,10:37:14.247,36.0800,94
38234247230068,10:37:14.247,36.0800,1
38241852987206,10:37:21.852,36.0700,23
38241852987206,10:37:21.852,36.0700,1
38298069736606,10:38:18.069,36.0500,100
38313731615925,10:38:33.731,36.0500,2
38313731615925,10:38:33.731,36.0500,48
38313731675299,10:38:33.731,36.0500,52
38369552287305,10:39:29.552,36.0600,54
38467262674551,10:41:07.262,36.0700,100
38467262701011,10:41:07.262,36.0700,1
38467262750184,10:41:07.262,36.0700,100
38492336961738,10:41:32.336,36.0600,1
38492336961738,10:41:32.336,36.0600,15
38492336961738,10:41:32.336,36.0600,100
38590243316277,10:43:10.243,36.0500,1
38700334743077,10:45:00.334,36.0600,2
38700334743077,10:45:00.334,36.0600,100
38777978847013,10:46:17.978,36.0700,100
38781615627196,10:46:21.615,36.0700,100
38848999174810,10:47:28.999,36.0600,100
38852691356668,10:47:32.691,36.0500,100
38960774300342,10:49:20.774,36.0500,5
38960774300342,10:49:20.774,36.0500,100
38960774332973,10:49:20.774,36.0500,100
39024678288506,10:50:24.678,36.0600,100
39036273905492,10:50:36.273,36.0500,100
39103010039900,10:51:43.010,36.0500,19
39166390184999,10:52:46.390,36.0500,168
39166390184999,10:52:46.390,36.0500,100
39174942322571,10:52:54.942,36.0400,100
39245353540682,10:54:05.353,36.0200,19
39286897755972,10:54:46.897,36.0200,11
39286897755972,10:54:46.897,36.0200,100
39286899232007,10:54:46.899,36.0200,100
39286920662082,10:54:46.920,36.0200,100
39315946294781,10:55:15.946,36.0300,200
39344540930300,10:55:44.540,36.0350,2
39344540930300,10:55:44.540,36.0300,66
39344541189517,10:55:44.541,36.0300,34
39344541189517,10:55:44.541,36.0300,100
39370750629497,10:56:10.750,36.0300,100
39392960570877,10:56:32.960,36.0300,100
39392960873282,10:56:32.960,36.0300,100
39415029777136,10:56:55.029,36.0300,100
39423058693874,10:57:03.058,36.0300,1
39423058693874,10:57:03.058,36.0300,99
39429723692314,10:57:09.723,36.0300,1
39429723692314,10:57:09.723,36.0300,100
39440611385699,10:57:20.611,36.0200,100
39453405746589,10:57:33.405,36.0200,44
39466619494719,10:57:46.619,36.0200,56
39466619494719,10:57:46.619,36.0200,1
39493292561017,10:58:13.292,36.0100,1
39588036304785,10:59:48.036,36.0100,100
39588293437959,10:59:48.293,36.0100,1
39588293437959,10:59:48.293,36.0100,99
39588293498389,10:59:48.293,36.0100,1
39593294929650,10:59:53.294,36.0000,1
39593294929650,10:59:53.294,36.0000,99
39593434117967,10:59:53.434,36.0000,1
39593434117967,10:59:53.434,36.0000,100
39681539510773,11:01:21.539,36.0200,1
39681539510773,11:01:21.539,36.0200,99
39693708947096,11:01:33.708,36.0200,1
39792269386186,11:03:12.269,36.0300,54
39792269386186,11:03:12.269,36.0300,100
39792269386186,11:03:12.269,36.0300,1
39792269403339,11:03:12.269,36.0300,100
39792269462330,11:03:12.269,36.0300,100
39792274440261,11:03:12.274,36.0300,100
39792274440261,11:03:12.274,36.0300,100
39792324619223,11:03:12.324,36.0300,100
39792324619223,11:03:12.324,36.0300,1
39792793121731,11:03:12.793,36.0200,100
39833302398776,11:03:53.302,36.0100,1
39842451363762,11:04:02.451,36.0100,100
39941761145496,11:05:41.761,36.0250,41
39941761145496,11:05:41.761,36.0200,200
39941761145496,11:05:41.761,36.0200,59
39941761177165,11:05:41.761,36.0200,41
39955373376779,11:05:55.373,36.0100,2
39994792302930,11:06:34.792,36.0100,19
40204928342567,11:10:04.928,36.0350,21
40206903997707,11:10:06.903,36.0300,21
40303642362344,11:11:43.642,36.0200,100
40305515422911,11:11:45.515,36.0250,38
40305515422911,11:11:45.515,36.0200,62
40308302738541,11:11:48.302,36.0200,38
40308302738541,11:11:48.302,36.0200,62
40308302804223,11:11:48.302,36.0200,38
40367338549961,11:12:47.338,36.0200,37
40378304024589,11:12:58.304,36.0100,100
40378304024589,11:12:58.304,36.0100,83
40445985131943,11:14:05.985,35.9900,100
40447025056255,11:14:07.025,35.9900,12
40448508680623,11:14:08.508,35.9800,25
40448508752816,11:14:08.508,35.9800,75
40479040511550,11:14:39.040,35.9700,100
40536027163090,11:15:36.027,35.9650,7
40536027163090,11:15:36.027,35.9600,193
40561210887905,11:16:01.210,35.9600,7
40561210887905,11:16:01.210,35.9600,35
40665890878191,11:17:45.890,35.9700,200
40665890920446,11:17:45.890,35.9700,38
40665890939040,11:17:45.890,35.9700,62
40668312025300,11:17:48.312,35.9700,21
40668312073495,11:17:48.312,35.9700,79
40675340604418,11:17:55.340,35.9700,64
40768319110995,11:19:28.319,35.9600,48
40768319110995,11:19:28.319,35.9600,152
40772269131634,11:19:32.269,35.9600,100
40776911931491,11:19:36.911,35.9600,16
41038129241200,11:23:58.129,35.9300,98
41038129270216,11:23:58.129,35.9300,2
41050159888006,11:24:10.159,35.9400,17
41050160460883,11:24:10.160,35.9400,100
41050160460883,11:24:10.160,35.9400,100
41050871480929,11:24:10.871,35.9400,1
41058515993447,11:24:18.515,35.9400,8
41108385155851,11:25:08.385,35.9500,3
41108385192170,11:25:08.385,35.9500,97
41117161852516,11:25:17.161,35.9650,61
41197143000571,11:26:37.143,35.9600,100
41285517269483,11:28:05.517,35.9600,100
41285530146751,11:28:05.530,35.9700,39
41293540392747,11:28:13.540,35.9600,100
41329790072819,11:28:49.790,35.9600,64
41329790102967,11:28:49.790,35.9600,36
41340861041181,11:29:00.861,35.9500,100
41417851404292,11:30:17.851,35.9600,72
41434828205785,11:30:34.828,35.9700,100
41444530088917,11:30:44.530,35.9700,100
41524837969750,11:32:04.837,36.0000,100
41524837969750,11:32:04.837,36.0000,100
41618922386733,11:33:38.922,36.0000,98
41655844630420,11:34:15.844,36.0000,100
41657362963263,11:34:17.362,36.0000,18
41669217740990,11:34:29.217,36.0200,100
41695566109216,11:34:55.566,36.0300,100
41741024372602,11:35:41.024,36.0400,1
41741024372602,11:35:41.024,36.0400,100
41741024372602,11:35:41.024,36.0400,50
41948670294575,11:39:08.670,36.0400,3
41948670294575,11:39:08.670,36.0400,68
41948670305951,11:39:08.670,36.0400,32
41948670305951,11:39:08.670,36.0400,25
41948670330049,11:39:08.670,36.0400,75
41949681249734,11:39:09.681,36.0300,2
42003971286887,11:40:03.971,36.0100,77
42003971286887,11:40:03.971,36.0100,20
42005604551632,11:40:05.604,36.0100,60
42007965592322,11:40:07.965,36.0100,31
42017485750707,11:40:17.485,36.0100,69
42241054219678,11:44:01.054,36.0500,2
42241054219678,11:44:01.054,36.0500,98
42241054229414,11:44:01.054,36.0500,2
42241054229414,11:44:01.054,36.0500,38
42241054229414,11:44:01.054,36.0500,59
42241054249257,11:44:01.054,36.0500,41
42241054249257,11:44:01.054,36.0500,100
42241054249257,11:44:01.054,36.0500,99
42241054282901,11:44:01.054,36.0500,1
42439052876306,11:47:19.052,36.0600,2
42439052876306,11:47:19.052,36.0600,100
42520399405116,11:48:40.399,36.0700,100
42520399448074,11:48:40.399,36.0700,28
42520399599929,11:48:40.399,36.0700,72
42645956922505,11:50:45.956,36.0650,18
42645956922505,11:50:45.956,36.0600,82
42645957365259,11:50:45.957,36.0600,18
42645957365259,11:50:45.957,36.0600,4
42645957365259,11:50:45.957,36.0600,100
42690733371743,11:51:30.733,36.0700,13
42691529248636,11:51:31.529,36.0600,100
42928284514766,11:55:28.284,36.1050,6
42928284514766,11:55:28.284,36.1000,100
42928284514766,11:55:28.284,36.1000,94
42928284531734,11:55:28.284,36.1000,6
42928284531734,11:55:28.284,36.1000,194
42936929696580,11:55:36.929,36.0900,33
42953780012616,11:55:53.780,36.0800,2
42981269187229,11:56:21.269,36.0900,20
43006852210044,11:56:46.852,36.0800,100
43224140196786,12:00:24.140,36.1050,12
43224140196786,12:00:24.140,36.1000,88
43224140232216,12:00:24.140,36.1000,12
43623086803949,12:07:03.086,36.0700,100
43648041828786,12:07:28.041,36.0600,1
43648041828786,12:07:28.041,36.0600,88
43648041828786,12:07:28.041,36.0600,100
43648041828786,12:07:28.041,36.0600,11
43653094774618,12:07:33.094,36.0600,1
43668136461635,12:07:48.136,36.0600,6
43754269418050,12:09:14.269,36.0600,1
43754269872564,12:09:14.269,36.0500,1
43760532646182,12:09:20.532,36.0400,1
43804079592251,12:10:04.079,36.0300,4
43804079621325,12:10:04.079,36.0300,13
43837324039120,12:10:37.324,36.0450,23
43837324039120,12:10:37.324,36.0400,1
43837324039120,12:10:37.324,36.0400,28
43837324687104,12:10:37.324,36.0400,23
43918249261176,12:11:58.249,36.0500,1
44060778531018,12:14:20.778,36.0500,1
44171788844428,12:16:11.788,36.0600,8
44173705420211,12:16:13.705,36.0600,2
44173706106514,12:16:13.706,36.0600,7
44310346935176,12:18:30.346,36.0700,100
44414523414267,12:20:14.523,36.0750,22
44414523414267,12:20:14.523,36.0700,1
44414523414267,12:20:14.523,36.0700,78
44414523441855,12:20:14.523,36.0700,22
44414523837315,12:20:14.523,36.0600,2
44414523837315,12:20:14.523,36.0600,99
44417864883342,12:20:17.864,36.0600,100
44420335486722,12:20:20.335,36.0600,30
44503361277185,12:21:43.361,36.0400,45
44655305288967,12:24:15.305,36.0300,17
44948484729352,12:29:08.484,36.0300,100
44948484837145,12:29:08.484,36.0300,100
45027355242259,12:30:27.355,36.0200,16
45061820071737,12:31:01.820,36.0100,100
45061828252825,12:31:01.828,36.0100,11
45061828350001,12:31:01.828,36.0100,89
45061828350001,12:31:01.828,36.0100,100
45226943951266,12:33:46.943,35.9900,13
45347187224634,12:35:47.187,35.9850,19
45372125272800,12:36:12.125,35.9850,23
45372125272800,12:36:12.125,35.9800,77
45372193845441,12:36:12.193,35.9800,23
45489070736011,12:38:09.070,35.9800,100
45554044040692,12:39:14.044,35.9800,100
45675089582375,12:41:15.089,35.9900,16
45680459386964,12:41:20.459,35.9900,108
45773135925316,12:42:53.135,35.9900,17
45845771249083,12:44:05.771,36.0000,2
45934396944302,12:45:34.396,36.0050,21
45934396944302,12:45:34.396,36.0000,79
45993696237038,12:46:33.696,36.0050,5
45993696237038,12:46:33.696,36.0000,21
45993696237038,12:46:33.696,36.0000,95
45993696257320,12:46:33.696,36.0000,5
45993696257320,12:46:33.696,36.0000,100
46070023408650,12:47:50.023,36.0000,100
46070023903936,12:47:50.023,36.0000,100
46070031790620,12:47:50.031,36.0000,100
46116118205641,12:48:36.118,36.0000,1
46130588614541,12:48:50.588,36.0000,1
46138242946832,12:48:58.242,36.0000,1
46138242974025,12:48:58.242,36.0000,97
46331952175693,12:52:11.952,36.0100,100
46378244856089,12:52:58.244,36.0150,32
46378260432947,12:52:58.260,36.0100,100
46378260432947,12:52:58.260,36.0100,100
46477244402611,12:54:37.244,36.0000,100
46477244402611,12:54:37.244,36.0000,55
46530011661182,12:55:30.011,35.9900,12
46622628122879,12:57:02.628,35.9800,18
46629624612304,12:57:09.624,35.9800,100
46922207801292,13:02:02.207,35.9900,300
46922207801292,13:02:02.207,35.9900,100
46943492036186,13:02:23.492,35.9900,100
46943492100501,13:02:23.492,35.9900,100
46982184295280,13:03:02.184,35.9900,187
47004137543503,13:03:24.137,36.0000,20
47014815254282,13:03:34.815,36.0000,1
47014984033198,13:03:34.984,36.0000,1
47045676379808,13:04:05.676,35.9900,100
47107808725668,13:05:07.808,35.9950,19
47107808725668,13:05:07.808,35.9900,81
47107808751346,13:05:07.808,35.9900,19
47116696523768,13:05:16.696,35.9900,100
47116696523768,13:05:16.696,35.9900,100
47120833402843,13:05:20.833,35.9900,20
47137897596950,13:05:37.897,35.9950,61
47137897596950,13:05:37.897,35.9900,100
47137897596950,13:05:37.897,35.9900,31
47181669162431,13:06:21.669,35.9900,19
47311746310617,13:08:31.746,36.0100,1
47363482095975,13:09:23.482,36.0100,19
47461336572311,13:11:01.336,36.0100,100
47582843733306,13:13:02.843,36.0000,200
47582843733306,13:13:02.843,36.0000,1
47582843733306,13:13:02.843,36.0000,100
47641242618637,13:14:01.242,36.0000,1
47700441446133,13:15:00.441,35.9900,100
47700452295290,13:15:00.452,35.9900,2
47700452295290,13:15:00.452,35.9900,100
47847165939688,13:17:27.165,36.0000,20
47847165939688,13:17:27.165,36.0000,80
47847165991062,13:17:27.165,36.0000,20
47913377706988,13:18:33.377,36.0100,2
47914325935958,13:18:34.325,36.0000,100
48046324163352,13:20:46.324,35.9900,1
48046324163352,13:20:46.324,35.9900,100
48142744370207,13:22:22.744,35.9900,1
48142744370207,13:22:22.744,35.9900,100
48275557074042,13:24:35.557,36.0000,1
48328618052770,13:25:28.618,36.0000,25
48384877697670,13:26:24.877,36.0000,100
48384937308798,13:26:24.937,36.0000,1
48541309593455,13:29:01.309,36.0100,27
48541309593455,13:29:01.309,36.0100,100
48552232597037,13:29:12.232,36.0100,100
48552232675471,13:29:12.232,36.0100,100
48727024885921,13:32:07.024,36.0000,2
48727024885921,13:32:07.024,36.0000,100
48816291437689,13:33:36.291,36.0000,1
48816291437689,13:33:36.291,36.0000,100
48905650308977,13:35:05.650,36.0000,24
49027965378391,13:37:07.965,36.0100,1
49162809245602,13:39:22.809,36.0000,100
49198172859564,13:39:58.172,36.0100,2
49198172859564,13:39:58.172,36.0100,98
49198172884924,13:39:58.172,36.0100,2
49295818038617,13:41:35.818,36.0100,25
49350120713578,13:42:30.120,36.0100,1
49350120713578,13:42:30.120,36.0100,99
49350120876873,13:42:30.120,36.0100,1
49353015272446,13:42:33.015,36.0100,1
49383433657879,13:43:03.433,36.0100,100
49458763394794,13:44:18.763,36.0100,100
49458763394794,13:44:18.763,36.0100,1
49523531311570,13:45:23.531,36.0050,1
49523531486805,13:45:23.531,36.0050,1
49523531650665,13:45:23.531,36.0000,1
49528656087692,13:45:28.656,35.9950,22
49528656087692,13:45:28.656,35.9900,79
49528656319707,13:45:28.656,35.9900,21
49528656319707,13:45:28.656,35.9900,1
49604081455901,13:46:44.081,35.9800,10
49604081465908,13:46:44.081,35.9800,190
49604081465908,13:46:44.081,35.9800,13
49604081477852,13:46:44.081,35.9800,87
49632079301544,13:47:12.079,35.9700,1
49691519236787,13:48:11.519,35.9600,27
49713253109532,13:48:33.253,35.9600,1
49713253109532,13:48:33.253,35.9600,99
49713253498286,13:48:33.253,35.9600,1
49814111656663,13:50:14.111,35.9500,1
49843236396568,13:50:43.236,35.9500,100
49943552885113,13:52:23.552,35.9400,100
49943552886326,13:52:23.552,35.9400,1
49983684795389,13:53:03.684,35.9400,300
50091417624632,13:54:51.417,35.9500,100
50097882977932,13:54:57.882,35.9400,1
50097895704102,13:54:57.895,35.9300,1
50144166488570,13:55:44.166,35.9100,98
50155000291534,13:55:55.000,35.9100,1
50313842496919,13:58:33.842,35.9200,21
50338400662063,13:58:58.400,35.9100,100
50348746763126,13:59:08.746,35.9100,100
50402691769658,14:00:02.691,35.9100,100
50402696074960,14:00:02.696,35.9100,74
50402713480301,14:00:02.713,35.9100,26
50402815545241,14:00:02.815,35.9200,100
50409001021796,14:00:09.001,35.9900,100
50416819256050,14:00:16.819,36.0600,3
50416819256050,14:00:16.819,36.0500,97
50416819481193,14:00:16.819,36.0500,3
50424870179398,14:00:24.870,36.0300,100
50510495846142,14:01:50.495,36.0400,100
50571887769489,14:02:51.887,36.0600,26
50571887769489,14:02:51.887,36.0600,74
50571887772647,14:02:51.887,36.0600,26
50571893612794,14:02:51.893,36.0600,100
50571893635599,14:02:51.893,36.0600,100
50580225338089,14:03:00.225,36.0600,100
50666181629799,14:04:26.181,36.0900,20
50670325724619,14:04:30.325,36.0900,80
50672670580768,14:04:32.670,36.0900,200
50672678790043,14:04:32.678,36.0900,81
50681851529664,14:04:41.851,36.1200,100
50732856688080,14:05:32.856,36.1100,37
50746198793500,14:05:46.198,36.0900,125
50759251445393,14:05:59.251,36.0800,66
50759251463156,14:05:59.251,36.0800,34
50824280647924,14:07:04.280,36.0700,100
50832859897055,14:07:12.859,36.0600,24
50832859938037,14:07:12.859,36.0600,76
50879091354482,14:07:59.091,36.0600,100
50943632794945,14:09:03.632,36.0700,18
50985081327723,14:09:45.081,36.0700,100
50985081481443,14:09:45.081,36.0700,100
50985087317842,14:09:45.087,36.0700,1
50996639684539,14:09:56.639,36.0700,1
51021292448772,14:10:21.292,36.0850,43
51034299441951,14:10:34.299,36.0700,1
51082549336524,14:11:22.549,36.0900,100
51098763487858,14:11:38.763,36.1100,1
51125539760455,14:12:05.539,36.1100,18
51138537187012,14:12:18.537,36.1300,1
51181899710883,14:13:01.899,36.1300,1
51250414338643,14:14:10.414,36.1400,19
51267268761054,14:14:27.268,36.1500,19
51267268879000,14:14:27.268,36.1500,42
51267268905270,14:14:27.268,36.1500,39
51295703731252,14:14:55.703,36.1600,200
51295703731252,14:14:55.703,36.1600,100
51295703731252,14:14:55.703,36.1600,100
51300164097677,14:15:00.164,36.1600,1
51300215326864,14:15:00.215,36.1500,1
51300542938217,14:15:00.542,36.1500,1
51308857267987,14:15:08.857,36.1600,8
51364042919100,14:16:04.042,36.1600,20
51417969828241,14:16:57.969,36.1600,84
51417970069678,14:16:57.970,36.1600,16
51430757281871,14:17:10.757,36.1700,1
51491315473955,14:18:11.315,36.1600,1
51491315473955,14:18:11.315,36.1600,99
51491315486801,14:18:11.315,36.1600,1
51522148869579,14:18:42.148,36.1500,1
51529057746853,14:18:49.057,36.1400,17
51532489110547,14:18:52.489,36.1400,35
51532489900867,14:18:52.489,36.1400,42
51532489967110,14:18:52.489,36.1400,23
51583450360407,14:19:43.450,36.1600,100
51584049698428,14:19:44.049,36.1600,1
51584049698428,14:19:44.049,36.1600,79
51593670126334,14:19:53.670,36.1600,20
51593670182820,14:19:53.670,36.1600,159
51609028787111,14:20:09.028,36.1500,34
51615748604406,14:20:15.748,36.1500,66
51635666104239,14:20:35.666,36.1400,100
51635666105648,14:20:35.666,36.1400,1
51635666105648,14:20:35.666,36.1400,74
51635672368917,14:20:35.672,36.1400,26
51653998490447,14:20:53.998,36.1500,100
51664856850510,14:21:04.856,36.1500,2
51664856850510,14:21:04.856,36.1400,100
51724023540518,14:22:04.023,36.1700,100
51750408446987,14:22:30.408,36.1600,25
51750411644182,14:22:30.411,36.1600,75
51750411644182,14:22:30.411,36.1600,1
51806982744936,14:23:26.982,36.1700,100
51806982744936,14:23:26.982,36.1700,1
51860262047328,14:24:20.262,36.1800,100
51860262047328,14:24:20.262,36.1800,100
51877521415008,14:24:37.521,36.1700,100
51877521441069,14:24:37.521,36.1700,47
51877521441069,14:24:37.521,36.1700,1
51960354342690,14:26:00.354,36.1600,100
51960354342690,14:26:00.354,36.1600,100
51960354342690,14:26:00.354,36.1600,47
51960354342690,14:26:00.354,36.1600,100
51971834199358,14:26:11.834,36.1600,200
52008966748306,14:26:48.966,36.1400,100
52008967247896,14:26:48.967,36.1400,100
52053865189150,14:27:33.865,36.1250,100
52055843451184,14:27:35.843,36.1200,67
52055843468823,14:27:35.843,36.1200,33
52210460518808,14:30:10.460,36.1000,81
52215612062754,14:30:15.612,36.0900,42
52215612062754,14:30:15.612,36.0900,100
52215612062754,14:30:15.612,36.0900,145
52216490533299,14:30:16.490,36.0800,100
52216665240722,14:30:16.665,36.0700,100
52217567648842,14:30:17.567,36.0700,100
52294205990002,14:31:34.205,36.1000,100
52294206166161,14:31:34.206,36.1000,100
52294206166161,14:31:34.206,36.1000,2
52311811487339,14:31:51.811,36.0900,1
52312336569004,14:31:52.336,36.0800,100
52319357440749,14:31:59.357,36.0650,100
52319357844587,14:31:59.357,36.0700,100
52331308242275,14:32:11.308,36.0700,11
52360469291913,14:32:40.469,36.0700,200
52360469291913,14:32:40.469,36.0700,100
52360469464293,14:32:40.469,36.0700,100
52362902235255,14:32:42.902,36.0600,100
52413199294545,14:33:33.199,36.0800,1
52450001678714,14:34:10.001,36.0800,2
52454617391641,14:34:14.617,36.0800,12
52530486239285,14:35:30.486,36.1200,2
52559858015438,14:35:59.858,36.1200,2
52574091399018,14:36:14.091,36.0900,1
52579318056905,14:36:19.318,36.1000,100
52585853038281,14:36:25.853,36.1000,29
52605304543421,14:36:45.304,36.1000,16
52629337517879,14:37:09.337,36.1000,1
52681368643226,14:38:01.368,36.1500,100
52681368643226,14:38:01.368,36.1500,100
52691723154926,14:38:11.723,36.1500,19
52749797016572,14:39:09.797,36.1600,1
52749797016572,14:39:09.797,36.1600,96
52749797044458,14:39:09.797,36.1600,4
52749797044458,14:39:09.797,36.1600,34
52749797046457,14:39:09.797,36.1600,39
52755512104028,14:39:15.512,36.1600,27
52755512104028,14:39:15.512,36.1600,1
52763287273963,14:39:23.287,36.1500,1
52831910251858,14:40:31.910,36.1400,1
52849044457829,14:40:49.044,36.1400,1
52953093956000,14:42:33.093,36.1500,36
52953094155921,14:42:33.094,36.1500,64
52956135410000,14:42:36.135,36.1400,1
52983900433982,14:43:03.900,36.1400,1
52995071708357,14:43:15.071,36.1300,39
52996001499526,14:43:16.001,36.1300,7
53067260029024,14:44:27.260,36.1500,200
53067262264527,14:44:27.262,36.1500,20
53133834878232,14:45:33.834,36.1750,49
53189280230352,14:46:29.280,36.1900,21
53224104819306,14:47:04.104,36.2000,100
53224105139791,14:47:04.105,36.2000,100
53429817113676,14:50:29.817,36.1750,32
53429817113676,14:50:29.817,36.1700,68
53445475204339,14:50:45.475,36.1700,32
53478806136747,14:51:18.806,36.1500,100
53509452271432,14:51:49.452,36.1250,100
53541927370652,14:52:21.927,36.1300,100
53541927370652,14:52:21.927,36.1300,16
53552184983197,14:52:32.184,36.1300,100
53626782671534,14:53:46.782,36.1500,100
53681626196794,14:54:41.626,36.1600,100
53781843424373,14:56:21.843,36.1700,100
53822939237911,14:57:02.939,36.2100,100
53883348507931,14:58:03.348,36.2000,100
53945085077419,14:59:05.085,36.2200,15
54002380792717,15:00:02.380,36.2400,100
54002380792717,15:00:02.380,36.2400,100
54002380792717,15:00:02.380,36.2400,2
54004976468477,15:00:04.976,36.2400,14
54016026992423,15:00:16.026,36.2450,37
54016026992423,15:00:16.026,36.2400,1
54016026992423,15:00:16.026,36.2400,63
54016028209375,15:00:16.028,36.2400,37
54037514015048,15:00:37.514,36.2400,1
54072264619290,15:01:12.264,36.2450,82
54075074088559,15:01:15.074,36.2400,100
54075074088559,15:01:15.074,36.2400,100
54119522999180,15:01:59.522,36.2300,100
54120023025638,15:02:00.023,36.2250,200
54125467557150,15:02:05.467,36.2200,14
54228514868195,15:03:48.514,36.2200,31
54230520033445,15:03:50.520,36.2200,69
54230520033445,15:03:50.520,36.2200,100
54230520033445,15:03:50.520,36.2200,31
54230520162592,15:03:50.520,36.2200,69
54230520162592,15:03:50.520,36.2200,100
54245255499283,15:04:05.255,36.2100,100
54326325015953,15:05:26.325,36.2000,1
54326325015953,15:05:26.325,36.2000,1
54326413766467,15:05:26.413,36.1950,83
54326462461677,15:05:26.462,36.2000,1
54398604054452,15:06:38.604,36.2000,15
54414627422315,15:06:54.627,36.2000,85
54414627422315,15:06:54.627,36.2000,1
54473866281569,15:07:53.866,36.2100,41
54496091274149,15:08:16.091,36.2100,101
54496091274149,15:08:16.091,36.2100,99
54496091299352,15:08:16.091,36.2100,1
54526834999847,15:08:46.834,36.2000,1
54545961608388,15:09:05.961,36.1900,1
54550891922192,15:09:10.891,36.1800,1
54600198740816,15:10:00.198,36.1800,1
54600198740816,15:10:00.198,36.1800,56
54600198799013,15:10:00.198,36.1800,44
54657580378384,15:10:57.580,36.1600,1
54657580378384,15:10:57.580,36.1600,99
54723970802107,15:12:03.970,36.1600,16
54815539154312,15:13:35.539,36.1700,1
54847170533622,15:14:07.170,36.1700,1
54903375239766,15:15:03.375,36.1600,2
54943448487004,15:15:43.448,36.1700,14
54973380639518,15:16:13.380,36.1800,11
54996809740761,15:16:36.809,36.1800,100
55058991251964,15:17:38.991,36.1700,1
55058991251964,15:17:38.991,36.1700,100
55102300507918,15:18:22.300,36.1800,20
55210189514672,15:20:10.189,36.1900,20
55213512756134,15:20:13.512,36.2000,1
55220880681936,15:20:20.880,36.2000,1
55220948303257,15:20:20.948,36.2000,1
55235705509169,15:20:35.705,36.1900,2
55235764074306,15:20:35.764,36.1900,98
55235764074306,15:20:35.764,36.1900,2
55235764305887,15:20:35.764,36.1900,98
55299126010625,15:21:39.126,36.1800,1
55299126010625,15:21:39.126,36.1800,100
55299126010625,15:21:39.126,36.1800,99
55310487428713,15:21:50.487,36.1800,1
55429531538407,15:23:49.531,36.1700,1
55458381090101,15:24:18.381,36.1600,27
55469177006469,15:24:29.177,36.1700,1
55538852172462,15:25:38.852,36.1650,91
55538859555855,15:25:38.859,36.1600,36
55538859932979,15:25:38.859,36.1600,64
55569167262339,15:26:09.167,36.1600,2
55578504848449,15:26:18.504,36.1600,33
55657437981139,15:27:37.437,36.1900,100
55657438291456,15:27:37.438,36.1900,100
55698002718943,15:28:18.002,36.2200,100
55698002718943,15:28:18.002,36.2200,49
55855561281768,15:30:55.561,36.2100,100
55872541270656,15:31:12.541,36.2100,400
55872541270656,15:31:12.541,36.2100,1
55872541302211,15:31:12.541,36.2100,99
55872541302211,15:31:12.541,36.2100,4
55873653874722,15:31:13.653,36.2100,55
55917644951839,15:31:57.644,36.2200,100
55917650319514,15:31:57.650,36.2200,100
55995819959000,15:33:15.819,36.2000,100
56034697867874,15:33:54.697,36.1900,1
56034697867874,15:33:54.697,36.1900,99
56034698101166,15:33:54.698,36.1900,1
56038073716228,15:33:58.073,36.1900,1
56039776448104,15:33:59.776,36.1800,58
56045247647765,15:34:05.247,36.1700,100
56093091244780,15:34:53.091,36.1700,1
56124361173979,15:35:24.361,36.1700,100
56159526254603,15:35:59.526,36.1800,200
56173215502968,15:36:13.215,36.1800,100
56186451182195,15:36:26.451,36.1800,1
56323485406612,15:38:43.485,36.1700,77
56379235460700,15:39:39.235,36.1800,100
56379235460700,15:39:39.235,36.1800,100
56386613935807,15:39:46.613,36.1700,1
56400017713726,15:40:00.017,36.1700,2
56400018910762,15:40:00.018,36.1600,38
56400018994577,15:40:00.018,36.1600,3
56400026189402,15:40:00.026,36.1600,1
56400030518238,15:40:00.030,36.1100,100
56400032436409,15:40:00.032,36.0900,100
56400034390055,15:40:00.034,36.0800,100
56401036464488,15:40:01.036,36.1100,100
56401036464488,15:40:01.036,36.1100,1
56401250959735,15:40:01.250,36.1200,100
56401250959735,15:40:01.250,36.1200,400
56401251270316,15:40:01.251,36.1200,400
56401251332138,15:40:01.251,36.1200,200
56402935946607,15:40:02.935,36.1200,100
56402935946607,15:40:02.935,36.1200,100
56402935985183,15:40:02.935,36.1100,99
56402935985183,15:40:02.935,36.1100,100
56407539437905,15:40:07.539,36.1200,49
56420098651429,15:40:20.098,36.1250,100
56420245144001,15:40:20.245,36.1300,100
56455719322392,15:40:55.719,36.1400,100
56480868574859,15:41:20.868,36.1300,99
56480868591650,15:41:20.868,36.1300,1
56480868591650,15:41:20.868,36.1300,100
56524011970050,15:42:04.011,36.1400,100
56524011970050,15:42:04.011,36.1400,39
56524012033893,15:42:04.012,36.1400,61
56524012033893,15:42:04.012,36.1400,79
56574249504639,15:42:54.249,36.1500,71
56574249736645,15:42:54.249,36.1500,29
56574249736645,15:42:54.249,36.1500,71
56574255662933,15:42:54.255,36.1500,29
56574255662933,15:42:54.255,36.1500,200
56613882475026,15:43:33.882,36.1700,100
56617390802038,15:43:37.390,36.1800,6
56656249445143,15:44:16.249,36.1800,100
56656249453680,15:44:16.249,36.1800,94
56656249453680,15:44:16.249,36.1800,6
56691069659099,15:44:51.069,36.1800,1
56695271638811,15:44:55.271,36.1800,1
56701647147612,15:45:01.647,36.1800,1
56701647147612,15:45:01.647,36.1800,84
56714023189354,15:45:14.023,36.1900,300
56714023263122,15:45:14.023,36.1900,100
56730849302840,15:45:30.849,36.2000,99
56733621658260,15:45:33.621,36.2000,100
56743692900885,15:45:43.692,36.2100,100
56747470824387,15:45:47.470,36.2100,100
56747486177864,15:45:47.486,36.2100,100
56763113227065,15:46:03.113,36.2100,75
56806029122020,15:46:46.029,36.2000,100
56839613432235,15:47:19.613,36.2200,1
56889241092278,15:48:09.241,36.2100,45
56889241092278,15:48:09.241,36.2100,100
56889241092278,15:48:09.241,36.2100,55
56889241153655,15:48:09.241,36.2100,45
56939123623624,15:48:59.123,36.1900,71
56939124260867,15:48:59.124,36.1900,29
56978700508331,15:49:38.700,36.1900,40
56978700508331,15:49:38.700,36.1900,100
57005385800801,15:50:05.385,36.1700,100
57059276189106,15:50:59.276,36.1700,3
57062026706673,15:51:02.026,36.1700,97
57190447961179,15:53:10.447,36.1200,204
57190447965636,15:53:10.447,36.1200,62
57230091903242,15:53:50.091,36.1200,65
57230091903242,15:53:50.091,36.1200,35
57230092378700,15:53:50.092,36.1200,65
57230092378700,15:53:50.092,36.1200,100
57234369373752,15:53:54.369,36.1200,35
57234369946397,15:53:54.369,36.1200,65
57244076409800,15:54:04.076,36.1200,100
57244076454227,15:54:04.076,36.1200,35
57256013181121,15:54:16.013,36.1300,13
57256021366921,15:54:16.021,36.1300,93
57256021366921,15:54:16.021,36.1300,107
57256021397476,15:54:16.021,36.1300,40
57259844051615,15:54:19.844,36.1300,17
57263654503684,15:54:23.654,36.1400,100
57320173187944,15:55:20.173,36.1700,100
57387014999360,15:56:27.014,36.1800,145
57399497572241,15:56:39.497,36.1900,2
57420395033147,15:57:00.395,36.1800,22
57464252936448,15:57:44.252,36.1700,84
57464252936448,15:57:44.252,36.1700,11
57464476915454,15:57:44.476,36.1650,100
57565705995978,15:59:25.705,36.1700,1
57583279034035,15:59:43.279,36.1650,1
57587056054732,15:59:47.056,36.1650,22
57587084410844,15:59:47.084,36.1600,91
57587084794220,15:59:47.084,36.1600,9
57587084794220,15:59:47.084,36.1600,100
57592079806270,15:59:52.079,36.1650,2
57596712129190,15:59:56.712,36.1600,68
57600405415446,16:00:00.405,0.0000,0
