timestamp,time,price,volume
32344353047812,08:59:04.353,10.4500,10
32502944923172,09:01:42.944,10.4500,85
33307742610255,09:15:07.742,10.4600,2
34199067490231,09:29:59.067,10.5200,200
34200367444283,09:30:00.367,0.0000,0
34202056352566,09:30:02.056,10.5100,10
34205031595137,09:30:05.031,10.5200,200
34205031595137,09:30:05.031,10.5200,50
34205031604396,09:30:05.031,10.5200,50
34209154163029,09:30:09.154,10.5100,100
34209154163029,09:30:09.154,10.5100,100
34209389188193,09:30:09.389,10.5000,150
34209389188193,09:30:09.389,10.5000,100
34214210951653,09:30:14.210,10.4600,100
34214213622812,09:30:14.213,10.4500,957
34225271990903,09:30:25.271,10.4200,400
34225301857623,09:30:25.301,10.4200,100
34234353106712,09:30:34.353,10.4200,300
34238893134543,09:30:38.893,10.4200,100
34249591256373,09:30:49.591,10.4100,100
34302215033138,09:31:42.215,10.4000,100
34302215033138,09:31:42.215,10.4000,400
34316112827728,09:31:56.112,10.3900,400
34402641425884,09:33:22.641,10.3600,24
34402641449821,09:33:22.641,10.3600,176
34402668374172,09:33:22.668,10.3600,100
34432476318602,09:33:52.476,10.3200,100
34432476433237,09:33:52.476,10.3200,100
34432505467698,09:33:52.505,10.3200,100
34432505467698,09:33:52.505,10.3200,27
34448475869489,09:34:08.475,10.3300,100
34480747444984,09:34:40.747,10.3300,100
34480748240919,09:34:40.748,10.3400,100
34480748302143,09:34:40.748,10.3400,100
34480748733424,09:34:40.748,10.3400,100
34497691260211,09:34:57.691,10.3800,93
34500785651378,09:35:00.785,10.3800,100
34505033005974,09:35:05.033,10.3700,100
34505033005974,09:35:05.033,10.3700,200
34554626620097,09:35:54.626,10.3600,200
34621875807727,09:37:01.875,10.3900,300
34621875807727,09:37:01.875,10.3900,100
34621875835311,09:37:01.875,10.3900,200
34621906270488,09:37:01.906,10.3900,200
34621906270488,09:37:01.906,10.3900,100
34641248289535,09:37:21.248,10.3900,51
34682730670294,09:38:02.730,10.4000,100
34682730709084,09:38:02.730,10.4000,100
34682730709084,09:38:02.730,10.4000,100
34682733928235,09:38:02.733,10.4000,15
34689045470315,09:38:09.045,10.4100,500
34689045470315,09:38:09.045,10.4100,100
34722086689817,09:38:42.086,10.4300,100
34739008923733,09:38:59.008,10.4300,100
34739010194889,09:38:59.010,10.4300,85
34739010236846,09:38:59.010,10.4300,15
34739010236846,09:38:59.010,10.4300,85
34739010288759,09:38:59.010,10.4300,15
34739010288759,09:38:59.010,10.4300,85
34739992565863,09:38:59.992,10.4300,85
34791536955624,09:39:51.536,10.4400,100
34791536955624,09:39:51.536,10.4400,100
34836468430467,09:40:36.468,10.4400,100
34836468456867,09:40:36.468,10.4400,100
34843709345157,09:40:43.709,10.4300,100
34907304500058,09:41:47.304,10.4400,100
34907304500058,09:41:47.304,10.4400,100
34907304500058,09:41:47.304,10.4400,900
34907304647511,09:41:47.304,10.4400,100
34907305323740,09:41:47.305,10.4400,100
34907307608598,09:41:47.307,10.4500,100
34907307608598,09:41:47.307,10.4500,100
34907307608598,09:41:47.307,10.4500,100
34907307608598,09:41:47.307,10.4500,100
34907311624293,09:41:47.311,10.4400,100
34907311624293,09:41:47.311,10.4400,100
34907311624293,09:41:47.311,10.4400,100
34907311624293,09:41:47.311,10.4400,100
34907311624293,09:41:47.311,10.4400,100
34907311716279,09:41:47.311,10.4400,100
34918797339851,09:41:58.797,10.4300,100
34918797368021,09:41:58.797,10.4300,200
34922568762414,09:42:02.568,10.4300,100
34922569090794,09:42:02.569,10.4300,200
34922569090794,09:42:02.569,10.4300,100
34922569090794,09:42:02.569,10.4300,300
34922569090794,09:42:02.569,10.4300,100
34922569090794,09:42:02.569,10.4300,100
34922569090794,09:42:02.569,10.4300,100
34922569090794,09:42:02.569,10.4300,300
34922569090794,09:42:02.569,10.4300,53
34922585180819,09:42:02.585,10.4400,100
34922585180819,09:42:02.585,10.4400,100
34922585180819,09:42:02.585,10.4400,100
34922585180819,09:42:02.585,10.4400,100
34922585180819,09:42:02.585,10.4400,100
34922585180819,09:42:02.585,10.4400,400
34922585180819,09:42:02.585,10.4400,391
34922595861436,09:42:02.595,10.4400,100
34922595861436,09:42:02.595,10.4400,100
34922596494086,09:42:02.596,10.4400,200
34922596721633,09:42:02.596,10.4400,200
34922629006422,09:42:02.629,10.4400,100
34922629006422,09:42:02.629,10.4400,200
34922629006422,09:42:02.629,10.4400,100
34922629006422,09:42:02.629,10.4400,100
34922629006422,09:42:02.629,10.4400,100
34922629006422,09:42:02.629,10.4400,100
34923569203088,09:42:03.569,10.4500,100
34923569203088,09:42:03.569,10.4500,97
34923569229415,09:42:03.569,10.4500,3
34923569298741,09:42:03.569,10.4500,100
34923569328983,09:42:03.569,10.4500,100
34923610515018,09:42:03.610,10.4500,400
34923610515018,09:42:03.610,10.4500,300
34923610515018,09:42:03.610,10.4500,300
34923611785318,09:42:03.611,10.4400,100
34923623229962,09:42:03.623,10.4400,200
34924365242342,09:42:04.365,10.4400,100
34924365242342,09:42:04.365,10.4400,100
34924365242342,09:42:04.365,10.4400,100
34924365242342,09:42:04.365,10.4400,100
34924623574652,09:42:04.623,10.4400,300
34924623574652,09:42:04.623,10.4400,100
34924623574652,09:42:04.623,10.4400,100
34924623673376,09:42:04.623,10.4400,100
34924623930659,09:42:04.623,10.4400,100
34924623930659,09:42:04.623,10.4400,200
34924623930659,09:42:04.623,10.4400,100
34924624146894,09:42:04.624,10.4400,200
34924624146894,09:42:04.624,10.4400,100
34924644959959,09:42:04.644,10.4400,100
34924644959959,09:42:04.644,10.4400,100
34924649549688,09:42:04.649,10.4400,100
34924649549688,09:42:04.649,10.4400,300
34924649549688,09:42:04.649,10.4400,100
34924649549688,09:42:04.649,10.4400,100
34924649549688,09:42:04.649,10.4400,100
34924649549688,09:42:04.649,10.4400,100
34924649549688,09:42:04.649,10.4400,100
34924650336345,09:42:04.650,10.4400,100
34924650336345,09:42:04.650,10.4400,100
34924650336345,09:42:04.650,10.4400,100
34924664686902,09:42:04.664,10.4400,100
34924664686902,09:42:04.664,10.4400,200
34924664686902,09:42:04.664,10.4400,100
34924664686902,09:42:04.664,10.4400,100
34924664686902,09:42:04.664,10.4400,100
34924664686902,09:42:04.664,10.4400,100
34924664686902,09:42:04.664,10.4400,100
34925451451529,09:42:05.451,10.4450,400
34925451451529,09:42:05.451,10.4400,300
34925451451529,09:42:05.451,10.4400,100
34925761175035,09:42:05.761,10.4400,100
34925761175035,09:42:05.761,10.4400,100
34925761175035,09:42:05.761,10.4400,300
34925762499227,09:42:05.762,10.4400,100
34925762499227,09:42:05.762,10.4400,9
34925762711288,09:42:05.762,10.4400,91
34925762711288,09:42:05.762,10.4400,9
34926379212439,09:42:06.379,10.4400,100
34926379212439,09:42:06.379,10.4400,200
34926379212439,09:42:06.379,10.4400,100
34926379212439,09:42:06.379,10.4400,100
34938269404065,09:42:18.269,10.4100,100
34938271181428,09:42:18.271,10.4100,100
34938271181428,09:42:18.271,10.4100,100
34938418366568,09:42:18.418,10.4100,100
35004087471622,09:43:24.087,10.3900,200
35004111894210,09:43:24.111,10.3900,200
35004117137672,09:43:24.117,10.3900,100
35004117137672,09:43:24.117,10.3900,100
35004117137672,09:43:24.117,10.3900,100
35004117137672,09:43:24.117,10.3900,100
35004117137672,09:43:24.117,10.3900,100
35007524470369,09:43:27.524,10.3900,100
35029587054664,09:43:49.587,10.3900,100
35042706173574,09:44:02.706,10.4000,100
35056000958784,09:44:16.000,10.4000,100
35056000958784,09:44:16.000,10.4000,100
35142130089120,09:45:42.130,10.4200,100
35142130089120,09:45:42.130,10.4200,100
35142130451924,09:45:42.130,10.4200,100
35142130451924,09:45:42.130,10.4200,100
35169081044132,09:46:09.081,10.4500,100
35170499593845,09:46:10.499,10.4600,100
35200600364636,09:46:40.600,10.4600,182
35200600395817,09:46:40.600,10.4600,18
35200600395817,09:46:40.600,10.4600,100
35245114266736,09:47:25.114,10.4700,100
35286969250028,09:48:06.969,10.4800,100
35291471247183,09:48:11.471,10.4700,42
35306119318903,09:48:26.119,10.4800,100
35307449809781,09:48:27.449,10.4900,100
35321512176676,09:48:41.512,10.4700,158
35321512463374,09:48:41.512,10.4700,100
35388629288837,09:49:48.629,10.4600,300
35388629288837,09:49:48.629,10.4600,100
35388661335387,09:49:48.661,10.4500,100
35401531717463,09:50:01.531,10.4400,100
35401531717463,09:50:01.531,10.4400,100
35401531962628,09:50:01.531,10.4400,100
35401531962628,09:50:01.531,10.4400,100
35438427986024,09:50:38.427,10.4500,100
35470535233615,09:51:10.535,10.4700,100
35485014819535,09:51:25.014,10.4700,100
35513416425199,09:51:53.416,10.4600,100
35533816245135,09:52:13.816,10.4600,100
35534301991677,09:52:14.301,10.4600,100
35626088335520,09:53:46.088,10.4700,100
35626088335520,09:53:46.088,10.4700,100
35626088335520,09:53:46.088,10.4700,100
35626088335520,09:53:46.088,10.4700,100
35642013425486,09:54:02.013,10.4800,100
35642013425486,09:54:02.013,10.4800,100
35642013425486,09:54:02.013,10.4800,100
35642015486798,09:54:02.015,10.4800,100
35642015486798,09:54:02.015,10.4800,100
35642015486798,09:54:02.015,10.4800,100
35642015486798,09:54:02.015,10.4800,100
35642015486798,09:54:02.015,10.4800,100
35642015486798,09:54:02.015,10.4800,100
35642015486798,09:54:02.015,10.4800,100
35642015486798,09:54:02.015,10.4800,100
35642991964246,09:54:02.991,10.4800,100
35642991994420,09:54:02.991,10.4800,100
35649439634252,09:54:09.439,10.4800,100
35649439634252,09:54:09.439,10.4800,100
35649439634252,09:54:09.439,10.4800,100
35649439634252,09:54:09.439,10.4800,100
35649441886113,09:54:09.441,10.4800,300
35649441886113,09:54:09.441,10.4800,100
35649441886113,09:54:09.441,10.4800,19
35664675511949,09:54:24.675,10.4900,100
35664675511949,09:54:24.675,10.4900,100
35673069693744,09:54:33.069,10.4900,100
35673069693744,09:54:33.069,10.4900,100
35709453917882,09:55:09.453,10.4900,100
35710167691246,09:55:10.167,10.4900,100
35723806910110,09:55:23.806,10.4900,100
35747539007467,09:55:47.539,10.4800,100
35775699104405,09:56:15.699,10.4800,100
35775699104405,09:56:15.699,10.4800,149
35814899187098,09:56:54.899,10.4800,200
35814929658316,09:56:54.929,10.4800,56
35816088330713,09:56:56.088,10.4900,100
35816088330713,09:56:56.088,10.4900,100
35816089873614,09:56:56.089,10.4900,100
35816089873614,09:56:56.089,10.4900,100
35816089873614,09:56:56.089,10.4900,100
35816089873614,09:56:56.089,10.4900,100
35816089873614,09:56:56.089,10.4900,200
35816089873614,09:56:56.089,10.4900,100
35816089873614,09:56:56.089,10.4900,53
35816090726945,09:56:56.090,10.4900,100
35816090726945,09:56:56.090,10.4900,100
35816090726945,09:56:56.090,10.4900,100
35816090726945,09:56:56.090,10.4900,100
35816090726945,09:56:56.090,10.4900,100
35816111582676,09:56:56.111,10.4900,100
35819667608812,09:56:59.667,10.4900,100
35819667608812,09:56:59.667,10.4900,100
35819667608812,09:56:59.667,10.4900,100
35848332744422,09:57:28.332,10.5000,100
35848332744422,09:57:28.332,10.5000,100
35848332744422,09:57:28.332,10.5000,100
35848750386557,09:57:28.750,10.5000,88
35884263108503,09:58:04.263,10.5000,54
35914366392204,09:58:34.366,10.5000,46
35914366392204,09:58:34.366,10.5000,200
35914366392204,09:58:34.366,10.5000,100
36017326636607,10:00:17.326,10.5000,100
36017326636607,10:00:17.326,10.5000,100
36117282605853,10:01:57.282,10.4900,100
36117282605853,10:01:57.282,10.4900,100
36117282605853,10:01:57.282,10.4900,100
36117282605853,10:01:57.282,10.4900,100
36237133688257,10:03:57.133,10.4800,100
36237133688257,10:03:57.133,10.4800,100
36237133688257,10:03:57.133,10.4800,100
36237133688257,10:03:57.133,10.4800,100
36237133688257,10:03:57.133,10.4800,100
36237133830197,10:03:57.133,10.4800,100
36237133999731,10:03:57.133,10.4800,100
36237271853019,10:03:57.271,10.4900,100
36237271853019,10:03:57.271,10.4900,100
36250272302309,10:04:10.272,10.5000,100
36250272302309,10:04:10.272,10.5000,100
36258018588082,10:04:18.018,10.5000,200
36258018588082,10:04:18.018,10.5000,100
36353555967634,10:05:53.555,10.5000,100
36353555967634,10:05:53.555,10.5000,200
36353555967634,10:05:53.555,10.5000,100
36374607156444,10:06:14.607,10.5100,100
36374607156444,10:06:14.607,10.5100,200
36374609765789,10:06:14.609,10.5100,100
36374609806324,10:06:14.609,10.5100,6
36374609860351,10:06:14.609,10.5100,4
36374610439963,10:06:14.610,10.5100,3
36374610488249,10:06:14.610,10.5100,2
36374610624873,10:06:14.610,10.5100,1
36374610712065,10:06:14.610,10.5100,1
36374610785700,10:06:14.610,10.5100,1
36374650742675,10:06:14.650,10.5100,82
36390138719852,10:06:30.138,10.5200,100
36390138719852,10:06:30.138,10.5200,100
36390138719852,10:06:30.138,10.5200,100
36390138719852,10:06:30.138,10.5200,200
36390138719852,10:06:30.138,10.5200,100
36390138884802,10:06:30.138,10.5200,100
36390138884802,10:06:30.138,10.5200,100
36390138884802,10:06:30.138,10.5200,100
36390138884802,10:06:30.138,10.5200,100
36390251795077,10:06:30.251,10.5200,100
36487574343258,10:08:07.574,10.5200,100
36487574343258,10:08:07.574,10.5200,146
36487574343258,10:08:07.574,10.5200,200
36487574343258,10:08:07.574,10.5200,100
36487574343258,10:08:07.574,10.5200,100
36487574343258,10:08:07.574,10.5200,100
36487574343258,10:08:07.574,10.5200,100
36487574343258,10:08:07.574,10.5200,54
36487574498053,10:08:07.574,10.5200,46
36506618038903,10:08:26.618,10.5300,55
36508570094763,10:08:28.570,10.5300,45
36508570094763,10:08:28.570,10.5300,55
36508923249461,10:08:28.923,10.5300,45
36508923249461,10:08:28.923,10.5300,100
36508923249461,10:08:28.923,10.5300,100
36508923249461,10:08:28.923,10.5300,200
36508923249461,10:08:28.923,10.5300,55
36566813659539,10:09:26.813,10.5400,100
36566813659539,10:09:26.813,10.5400,100
36566813659539,10:09:26.813,10.5400,14
36566813747019,10:09:26.813,10.5400,86
36566813747019,10:09:26.813,10.5400,100
36566813747019,10:09:26.813,10.5400,100
36566813747019,10:09:26.813,10.5400,100
36581275807651,10:09:41.275,10.5400,100
36581275807651,10:09:41.275,10.5400,100
36698094209873,10:11:38.094,10.5400,600
36698094209873,10:11:38.094,10.5400,100
36698094209873,10:11:38.094,10.5400,100
36698094209873,10:11:38.094,10.5400,100
36700181635518,10:11:40.181,10.5400,100
36700181635518,10:11:40.181,10.5400,100
36702115917637,10:11:42.115,10.5400,103
36702115917637,10:11:42.115,10.5400,15
36702115917637,10:11:42.115,10.5400,82
36703111852104,10:11:43.111,10.5400,100
36703111852104,10:11:43.111,10.5400,100
36706834289607,10:11:46.834,10.5400,100
36712361361358,10:11:52.361,10.5500,100
36712361361358,10:11:52.361,10.5500,200
36729186527083,10:12:09.186,10.5600,100
36729186527083,10:12:09.186,10.5600,100
36729186527083,10:12:09.186,10.5600,100
36729186527083,10:12:09.186,10.5600,100
36729186527083,10:12:09.186,10.5600,200
36732139164429,10:12:12.139,10.5700,100
36732447194927,10:12:12.447,10.5700,2
36732447491985,10:12:12.447,10.5700,98
36732447491985,10:12:12.447,10.5700,100
36732447491985,10:12:12.447,10.5700,2
36732447657183,10:12:12.447,10.5700,98
36733640942794,10:12:13.640,10.5700,100
36733640942794,10:12:13.640,10.5700,100
36755648172749,10:12:35.648,10.5700,100
36774355667568,10:12:54.355,10.5700,100
36791447130718,10:13:11.447,10.5700,200
36791447130718,10:13:11.447,10.5700,100
36791447130718,10:13:11.447,10.5700,100
36798019492397,10:13:18.019,10.5800,100
36798019492397,10:13:18.019,10.5800,100
36798019492397,10:13:18.019,10.5800,100
36798019492397,10:13:18.019,10.5800,100
36798019492397,10:13:18.019,10.5800,100
36798020219997,10:13:18.020,10.5800,100
36798020219997,10:13:18.020,10.5800,100
36798020274083,10:13:18.020,10.5800,100
36806562318930,10:13:26.562,10.5950,100
36806562318930,10:13:26.562,10.5900,100
36808337000566,10:13:28.337,10.5800,400
36808337000566,10:13:28.337,10.5800,100
36808337000566,10:13:28.337,10.5800,100
36808337000566,10:13:28.337,10.5800,100
36808337000566,10:13:28.337,10.5800,100
36808337715239,10:13:28.337,10.5800,200
36808337715239,10:13:28.337,10.5800,200
36808337715239,10:13:28.337,10.5800,96
36808337715239,10:13:28.337,10.5800,100
36808337715239,10:13:28.337,10.5800,100
36808337715239,10:13:28.337,10.5800,100
36808337715239,10:13:28.337,10.5800,100
36808337715239,10:13:28.337,10.5800,100
36808337715239,10:13:28.337,10.5800,100
36808337715239,10:13:28.337,10.5800,100
36808337715239,10:13:28.337,10.5800,200
36808338462045,10:13:28.338,10.5800,100
36808338462045,10:13:28.338,10.5800,200
36808338462045,10:13:28.338,10.5800,100
36808338462045,10:13:28.338,10.5800,88
36808338462045,10:13:28.338,10.5800,100
36808339354730,10:13:28.339,10.5800,100
36808339354730,10:13:28.339,10.5800,100
36808339354730,10:13:28.339,10.5800,200
36808339354730,10:13:28.339,10.5800,88
36808340002170,10:13:28.340,10.5800,500
36808340002170,10:13:28.340,10.5800,100
36808340002170,10:13:28.340,10.5800,100
36808340002170,10:13:28.340,10.5800,100
36808340002170,10:13:28.340,10.5800,88
36808340002170,10:13:28.340,10.5800,100
36808340002170,10:13:28.340,10.5800,200
36808340002170,10:13:28.340,10.5800,100
36808340002170,10:13:28.340,10.5800,100
36808340674127,10:13:28.340,10.5800,100
36808340674127,10:13:28.340,10.5800,100
36808340674127,10:13:28.340,10.5800,100
36808340674127,10:13:28.340,10.5800,100
36808340749324,10:13:28.340,10.5800,200
36810662943383,10:13:30.662,10.5750,100
36810662943383,10:13:30.662,10.5700,100
36810662943383,10:13:30.662,10.5700,100
36810662943383,10:13:30.662,10.5700,100
36810662943383,10:13:30.662,10.5700,500
36810662943383,10:13:30.662,10.5700,100
36810662943383,10:13:30.662,10.5700,100
36810662943383,10:13:30.662,10.5700,200
36810662943383,10:13:30.662,10.5700,200
36810662943383,10:13:30.662,10.5700,100
36810662963272,10:13:30.662,10.5700,100
36810763069906,10:13:30.763,10.5600,100
36810763131364,10:13:30.763,10.5600,100
36811449196066,10:13:31.449,10.5600,100
36811449196066,10:13:31.449,10.5600,100
36812954688249,10:13:32.954,10.5600,100
36813416915430,10:13:33.416,10.5600,100
36813416915430,10:13:33.416,10.5600,100
36814955557551,10:13:34.955,10.5600,400
36816474091285,10:13:36.474,10.5500,100
36816474091285,10:13:36.474,10.5500,100
36816474091285,10:13:36.474,10.5500,100
36816475767575,10:13:36.475,10.5500,100
36816476982004,10:13:36.476,10.5500,100
36826480276273,10:13:46.480,10.5450,100
36826480276273,10:13:46.480,10.5400,100
36826480276273,10:13:46.480,10.5400,100
36826480276273,10:13:46.480,10.5400,500
36826737035472,10:13:46.737,10.5300,100
36827252384490,10:13:47.252,10.5300,100
36827252384490,10:13:47.252,10.5300,100
36840935222070,10:14:00.935,10.5350,100
36840935222070,10:14:00.935,10.5300,100
36840935222070,10:14:00.935,10.5300,200
36840935236087,10:14:00.935,10.5300,100
36840935367033,10:14:00.935,10.5300,100
36840935367033,10:14:00.935,10.5300,100
36840935367033,10:14:00.935,10.5300,100
36840935635147,10:14:00.935,10.5300,100
36840936819410,10:14:00.936,10.5300,100
36840936819410,10:14:00.936,10.5300,100
36840936955013,10:14:00.936,10.5300,100
36840936955013,10:14:00.936,10.5300,100
36840936955013,10:14:00.936,10.5300,100
36840936955013,10:14:00.936,10.5300,100
36840936955013,10:14:00.936,10.5300,100
36840936955013,10:14:00.936,10.5300,100
36840936955013,10:14:00.936,10.5300,88
36840936955013,10:14:00.936,10.5300,100
36840936955013,10:14:00.936,10.5300,100
36840936955013,10:14:00.936,10.5300,100
36840937102523,10:14:00.937,10.5300,100
36840937203734,10:14:00.937,10.5300,300
36840937615449,10:14:00.937,10.5300,65
36842694544832,10:14:02.694,10.5300,100
36842694544832,10:14:02.694,10.5300,100
36842694544832,10:14:02.694,10.5300,100
36842694544832,10:14:02.694,10.5300,100
36842694957644,10:14:02.694,10.5300,100
36842694957644,10:14:02.694,10.5300,100
36842695161253,10:14:02.695,10.5300,100
36842695161253,10:14:02.695,10.5300,100
36842757670155,10:14:02.757,10.5300,100
36842826719722,10:14:02.826,10.5300,100
36843144477981,10:14:03.144,10.5300,100
36843144477981,10:14:03.144,10.5300,100
36848566306112,10:14:08.566,10.5300,100
36848572438394,10:14:08.572,10.5300,100
36848572438394,10:14:08.572,10.5300,88
36848572438394,10:14:08.572,10.5300,100
36848572438394,10:14:08.572,10.5300,12
36900561909039,10:15:00.561,10.5400,64
36900562453943,10:15:00.562,10.5400,100
36900562453943,10:15:00.562,10.5400,100
36900562453943,10:15:00.562,10.5400,100
36906647705307,10:15:06.647,10.5500,56
36917153730430,10:15:17.153,10.5450,100
36928315110379,10:15:28.315,10.5450,100
36929436041235,10:15:29.436,10.5450,300
36929436041235,10:15:29.436,10.5400,100
36929436041235,10:15:29.436,10.5400,100
36930616012817,10:15:30.616,10.5400,100
36930616012817,10:15:30.616,10.5400,100
36930616012817,10:15:30.616,10.5400,100
36930661814353,10:15:30.661,10.5400,47
36930724093186,10:15:30.724,10.5400,53
36930724782018,10:15:30.724,10.5400,29
36930726177128,10:15:30.726,10.5400,71
36930726177128,10:15:30.726,10.5400,100
36930726177128,10:15:30.726,10.5400,100
36930726177128,10:15:30.726,10.5400,100
36930726177128,10:15:30.726,10.5400,300
36930726177128,10:15:30.726,10.5400,100
36930726177128,10:15:30.726,10.5400,100
36930726177128,10:15:30.726,10.5400,100
36930726177128,10:15:30.726,10.5400,100
36930726662913,10:15:30.726,10.5400,100
36930726662913,10:15:30.726,10.5400,100
36933879633878,10:15:33.879,10.5400,100
36933879633878,10:15:33.879,10.5400,100
36957088773627,10:15:57.088,10.5500,100
36957088773627,10:15:57.088,10.5500,100
36957088773627,10:15:57.088,10.5500,100
36957088773627,10:15:57.088,10.5500,200
36957088922875,10:15:57.088,10.5500,200
36957088929912,10:15:57.088,10.5500,100
36957088929912,10:15:57.088,10.5500,300
36977891091946,10:16:17.891,10.5600,100
36978544709310,10:16:18.544,10.5600,100
36978544914615,10:16:18.544,10.5600,62
36978548056826,10:16:18.548,10.5600,38
36978548056826,10:16:18.548,10.5600,62
36984922462700,10:16:24.922,10.5600,100
37005395363598,10:16:45.395,10.5700,100
37005395363598,10:16:45.395,10.5700,100
37005395363598,10:16:45.395,10.5700,100
37005395363598,10:16:45.395,10.5700,200
37005395432541,10:16:45.395,10.5700,100
37005395432541,10:16:45.395,10.5700,55
37019265461373,10:16:59.265,10.5800,100
37023016083860,10:17:03.016,10.5800,100
37023016083860,10:17:03.016,10.5800,200
37023016083860,10:17:03.016,10.5800,100
37023016183889,10:17:03.016,10.5800,100
37023016256659,10:17:03.016,10.5800,200
37028604716075,10:17:08.604,10.5850,100
37028604716075,10:17:08.604,10.5850,100
37028604716075,10:17:08.604,10.5850,100
37028604716075,10:17:08.604,10.5800,100
37028604716075,10:17:08.604,10.5800,100
37028604716075,10:17:08.604,10.5800,400
37055408222400,10:17:35.408,10.5850,500
37055408222400,10:17:35.408,10.5850,100
37055408222400,10:17:35.408,10.5800,300
37055408222400,10:17:35.408,10.5800,100
37055408222400,10:17:35.408,10.5800,200
37055408222400,10:17:35.408,10.5800,100
37055408222400,10:17:35.408,10.5800,100
37055408367634,10:17:35.408,10.5800,100
37055408367634,10:17:35.408,10.5800,100
37055408367634,10:17:35.408,10.5800,100
37055420272386,10:17:35.420,10.5700,100
37055420272386,10:17:35.420,10.5700,100
37055420563411,10:17:35.420,10.5700,100
37055420563411,10:17:35.420,10.5700,100
37055420563411,10:17:35.420,10.5700,100
37061164057792,10:17:41.164,10.5650,100
37061164057792,10:17:41.164,10.5600,100
37061164057792,10:17:41.164,10.5600,100
37061164069707,10:17:41.164,10.5600,100
37080962628529,10:18:00.962,10.5600,200
37080962628529,10:18:00.962,10.5600,100
37080962628529,10:18:00.962,10.5600,100
37080962628529,10:18:00.962,10.5600,100
37080962628529,10:18:00.962,10.5600,100
37087392044033,10:18:07.392,10.5650,100
37087392044033,10:18:07.392,10.5600,100
37087392044033,10:18:07.392,10.5600,200
37087392044033,10:18:07.392,10.5600,600
37087392207327,10:18:07.392,10.5600,100
37099056798499,10:18:19.056,10.5600,100
37099056798499,10:18:19.056,10.5600,36
37099056845061,10:18:19.056,10.5600,364
37099056845061,10:18:19.056,10.5600,1000
37099057379426,10:18:19.057,10.5600,100
37099057379426,10:18:19.057,10.5600,96
37099057379426,10:18:19.057,10.5600,211
37099057379426,10:18:19.057,10.5600,100
37099057379426,10:18:19.057,10.5600,100
37099057379426,10:18:19.057,10.5600,400
37099057379426,10:18:19.057,10.5600,100
37099912448037,10:18:19.912,10.5600,100
37099913089731,10:18:19.913,10.5600,100
37100419751925,10:18:20.419,10.5650,100
37108630726352,10:18:28.630,10.5650,100
37108630726352,10:18:28.630,10.5600,100
37108630726352,10:18:28.630,10.5600,100
37108630743966,10:18:28.630,10.5600,100
37150975692412,10:19:10.975,10.5600,100
37150975692412,10:19:10.975,10.5600,100
37150975692412,10:19:10.975,10.5600,100
37195175827643,10:19:55.175,10.5700,100
37195175827643,10:19:55.175,10.5700,1000
37195191687862,10:19:55.191,10.5800,100
37195191687862,10:19:55.191,10.5800,100
37213004909827,10:20:13.004,10.5850,100
37216034644172,10:20:16.034,10.5850,100
37216038252430,10:20:16.038,10.5850,100
37216038252430,10:20:16.038,10.5800,100
37216040275811,10:20:16.040,10.5800,100
37217149633772,10:20:17.149,10.5700,700
37217149633772,10:20:17.149,10.5700,100
37217149633772,10:20:17.149,10.5700,20
37217149633772,10:20:17.149,10.5700,80
37246905164841,10:20:46.905,10.5800,100
37246905164841,10:20:46.905,10.5800,136
37246905182759,10:20:46.905,10.5800,141
37246905182759,10:20:46.905,10.5800,56
37246905191512,10:20:46.905,10.5800,44
37246905191512,10:20:46.905,10.5800,100
37247732887677,10:20:47.732,10.5900,100
37248343029258,10:20:48.343,10.5900,100
37267261157449,10:21:07.261,10.5900,100
37267261181202,10:21:07.261,10.5900,43
37267261895663,10:21:07.261,10.5900,57
37267261895663,10:21:07.261,10.5900,270
37267261895663,10:21:07.261,10.5900,100
37270991717229,10:21:10.991,10.5950,100
37270991717229,10:21:10.991,10.5900,100
37272517982051,10:21:12.517,10.5900,400
37272517982051,10:21:12.517,10.5900,100
37272517982051,10:21:12.517,10.5900,100
37272517982051,10:21:12.517,10.5900,100
37272518960866,10:21:12.518,10.5900,100
37274120989368,10:21:14.120,10.5850,100
37274120989368,10:21:14.120,10.5850,200
37274120989368,10:21:14.120,10.5800,100
37279022841858,10:21:19.022,10.5850,100
37279022841858,10:21:19.022,10.5800,100
37279022841858,10:21:19.022,10.5800,100
37280456560647,10:21:20.456,10.5800,100
37280456560647,10:21:20.456,10.5800,100
37280541011910,10:21:20.541,10.5800,100
37280541011910,10:21:20.541,10.5800,100
37280541011910,10:21:20.541,10.5800,100
37300901065257,10:21:40.901,10.5900,100
37304212704415,10:21:44.212,10.5900,248
37304212704415,10:21:44.212,10.5900,100
37304212704415,10:21:44.212,10.5900,100
37304212704415,10:21:44.212,10.5900,100
37304212819324,10:21:44.212,10.5900,100
37304212819324,10:21:44.212,10.5900,100
37307352785244,10:21:47.352,10.6000,45
37307352785244,10:21:47.352,10.6000,100
37307352785244,10:21:47.352,10.6000,100
37307352785244,10:21:47.352,10.6000,100
37307352785244,10:21:47.352,10.6000,100
37307352785244,10:21:47.352,10.6000,55
37307352785244,10:21:47.352,10.6000,200
37307352785244,10:21:47.352,10.6000,200
37307352809892,10:21:47.352,10.6000,3800
37307354061680,10:21:47.354,10.6000,100
37307354061680,10:21:47.354,10.6000,100
37307354422571,10:21:47.354,10.6000,100
37307354422571,10:21:47.354,10.6000,96
37307354422571,10:21:47.354,10.6000,100
37307354422571,10:21:47.354,10.6000,4
37307354733449,10:21:47.354,10.6000,96
37307354885386,10:21:47.354,10.6000,92
37307354885386,10:21:47.354,10.6000,100
37307354885386,10:21:47.354,10.6000,100
37307354885386,10:21:47.354,10.6000,100
37307354885386,10:21:47.354,10.6000,204
37307782205343,10:21:47.782,10.6100,100
37307782205343,10:21:47.782,10.6100,100
37349805183096,10:22:29.805,10.6200,100
37349805183096,10:22:29.805,10.6200,100
37349805183096,10:22:29.805,10.6200,100
37357127710617,10:22:37.127,10.6250,300
37360061880755,10:22:40.061,10.6250,100
37360061880755,10:22:40.061,10.6200,100
37360061880755,10:22:40.061,10.6200,100
37360061880755,10:22:40.061,10.6200,100
37361506251943,10:22:41.506,10.6250,200
37362236900142,10:22:42.236,10.6250,100
37362236900142,10:22:42.236,10.6200,100
37362645828945,10:22:42.645,10.6100,100
37363888762897,10:22:43.888,10.6100,100
37363888762897,10:22:43.888,10.6100,100
37367052699324,10:22:47.052,10.6100,100
37367052699324,10:22:47.052,10.6100,100
37367052699324,10:22:47.052,10.6100,100
37367054448351,10:22:47.054,10.6100,100
37367055285591,10:22:47.055,10.6200,100
37367055285591,10:22:47.055,10.6200,300
37367055285591,10:22:47.055,10.6200,100
37367055285591,10:22:47.055,10.6200,300
37367058280048,10:22:47.058,10.6200,100
37367058280048,10:22:47.058,10.6200,100
37367060529863,10:22:47.060,10.6200,100
37367171278927,10:22:47.171,10.6200,100
37367180384011,10:22:47.180,10.6100,100
37367185534689,10:22:47.185,10.6100,100
37367185534689,10:22:47.185,10.6100,98
37367185534689,10:22:47.185,10.6100,200
37367185709033,10:22:47.185,10.6100,55
37367187622662,10:22:47.187,10.6200,98
37367187622662,10:22:47.187,10.6200,100
37367187622662,10:22:47.187,10.6200,100
37367187622662,10:22:47.187,10.6200,200
37367187622662,10:22:47.187,10.6200,100
37367187648070,10:22:47.187,10.6200,100
37367187648070,10:22:47.187,10.6200,100
37367189359229,10:22:47.189,10.6200,100
37367189359229,10:22:47.189,10.6200,100
37367189359229,10:22:47.189,10.6200,100
37367189359229,10:22:47.189,10.6200,100
37367189359229,10:22:47.189,10.6200,100
37370966120285,10:22:50.966,10.6300,100
37370966120285,10:22:50.966,10.6300,100
37370966120285,10:22:50.966,10.6300,100
37370966120285,10:22:50.966,10.6300,100
37370966120285,10:22:50.966,10.6300,100
37370966120285,10:22:50.966,10.6300,100
37370966481836,10:22:50.966,10.6300,100
37370966481836,10:22:50.966,10.6300,100
37370966481836,10:22:50.966,10.6300,100
37371314204381,10:22:51.314,10.6300,100
37371314204381,10:22:51.314,10.6300,100
37371314204381,10:22:51.314,10.6300,100
37371314204381,10:22:51.314,10.6300,212
37371314752061,10:22:51.314,10.6300,91
37371314752061,10:22:51.314,10.6300,9
37371315599330,10:22:51.315,10.6300,400
37371315599330,10:22:51.315,10.6300,100
37371315599330,10:22:51.315,10.6300,300
37371315599330,10:22:51.315,10.6300,100
37371315599330,10:22:51.315,10.6300,100
37371315648455,10:22:51.315,10.6300,91
37371315648455,10:22:51.315,10.6300,91
37371315648455,10:22:51.315,10.6300,18
37371315683918,10:22:51.315,10.6300,82
37372187419678,10:22:52.187,10.6300,91
37372187419678,10:22:52.187,10.6300,9
37372187419678,10:22:52.187,10.6300,100
37372187460131,10:22:52.187,10.6300,100
37372187698057,10:22:52.187,10.6300,100
37372315788678,10:22:52.315,10.6300,100
37372315788678,10:22:52.315,10.6300,100
37372315788678,10:22:52.315,10.6300,97
37372315788678,10:22:52.315,10.6300,258
37372315788678,10:22:52.315,10.6300,100
37372315852159,10:22:52.315,10.6300,100
37377990425449,10:22:57.990,10.6350,100
37377990425449,10:22:57.990,10.6300,100
37377990478844,10:22:57.990,10.6300,100
37377990478844,10:22:57.990,10.6300,100
37378235401765,10:22:58.235,10.6200,100
37378235401765,10:22:58.235,10.6200,200
37378235702438,10:22:58.235,10.6200,100
37380314035741,10:23:00.314,10.6200,100
37380314035741,10:23:00.314,10.6200,100
37380314560287,10:23:00.314,10.6200,498
37380314560287,10:23:00.314,10.6200,1200
37380850189685,10:23:00.850,10.6200,300
37380850189685,10:23:00.850,10.6200,100
37387759401992,10:23:07.759,10.6250,100
37395237585715,10:23:15.237,10.6200,100
37395237585715,10:23:15.237,10.6200,100
37395237842831,10:23:15.237,10.6200,100
37398964063880,10:23:18.964,10.6100,100
37398964432942,10:23:18.964,10.6100,100
37398979020144,10:23:18.979,10.6100,100
37399465892430,10:23:19.465,10.6200,71
37399466894687,10:23:19.466,10.6200,58
37400336816359,10:23:20.336,10.6300,100
37400336816359,10:23:20.336,10.6300,100
37400336816359,10:23:20.336,10.6300,200
37400336816359,10:23:20.336,10.6300,100
37400336816359,10:23:20.336,10.6300,100
37400336816359,10:23:20.336,10.6300,55
37404772630657,10:23:24.772,10.6300,100
37404772897683,10:23:24.772,10.6400,100
37404772897683,10:23:24.772,10.6400,100
37404773492914,10:23:24.773,10.6400,100
37407959523671,10:23:27.959,10.6500,100
37407959523671,10:23:27.959,10.6500,100
37407984878871,10:23:27.984,10.6500,100
37409537370241,10:23:29.537,10.6600,100
37442608162270,10:24:02.608,10.6650,100
37442611822511,10:24:02.611,10.6600,100
37444141460865,10:24:04.141,10.6500,100
37447031943507,10:24:07.031,10.6400,100
37460924432725,10:24:20.924,10.6400,100
37460924432725,10:24:20.924,10.6400,100
37460924432725,10:24:20.924,10.6400,100
37461215261596,10:24:21.215,10.6400,36
37461859878877,10:24:21.859,10.6400,64
37512074520093,10:25:12.074,10.6500,100
37512074520093,10:25:12.074,10.6500,300
37512074520093,10:25:12.074,10.6500,100
37512074520093,10:25:12.074,10.6500,100
37512074520093,10:25:12.074,10.6500,100
37515338910438,10:25:15.338,10.6600,100
37522901516284,10:25:22.901,10.6700,100
37522901516284,10:25:22.901,10.6700,100
37522901694400,10:25:22.901,10.6700,100
37539561558961,10:25:39.561,10.6750,100
37539561821870,10:25:39.561,10.6700,100
37539615061203,10:25:39.615,10.6700,88
37553187057611,10:25:53.187,10.6800,100
37553187057611,10:25:53.187,10.6800,100
37553187057611,10:25:53.187,10.6800,100
37553187057611,10:25:53.187,10.6800,100
37553187057611,10:25:53.187,10.6800,54
37553187131655,10:25:53.187,10.6800,100
37553187131655,10:25:53.187,10.6800,700
37553187150453,10:25:53.187,10.6800,5523
37553187150453,10:25:53.187,10.6800,100
37553187194178,10:25:53.187,10.6800,100
37553187194178,10:25:53.187,10.6800,100
37553187723159,10:25:53.187,10.6900,100
37553187723159,10:25:53.187,10.6900,100
37553187723159,10:25:53.187,10.6900,100
37553187723159,10:25:53.187,10.6900,100
37553188308761,10:25:53.188,10.6900,4377
37553276369292,10:25:53.276,10.6900,100
37553276369292,10:25:53.276,10.6900,700
37553276487388,10:25:53.276,10.6900,100
37553280254636,10:25:53.280,10.6900,95
37553280254636,10:25:53.280,10.6900,100
37553280254636,10:25:53.280,10.6900,100
37553280254636,10:25:53.280,10.6900,100
37553280254636,10:25:53.280,10.6900,100
37553287939709,10:25:53.287,10.6900,100
37553287939709,10:25:53.287,10.6900,88
37553287939709,10:25:53.287,10.6900,100
37553287939709,10:25:53.287,10.6900,100
37553287939709,10:25:53.287,10.6900,1046
37553287939709,10:25:53.287,10.6900,100
37553287939709,10:25:53.287,10.6900,100
37556427614824,10:25:56.427,10.7000,100
37556427614824,10:25:56.427,10.7000,100
37556427614824,10:25:56.427,10.7000,100
37556427614824,10:25:56.427,10.7000,100
37556427614824,10:25:56.427,10.7000,100
37556427614824,10:25:56.427,10.7000,55
37556427614824,10:25:56.427,10.7000,45
37556427638126,10:25:56.427,10.7000,55
37556427638126,10:25:56.427,10.7000,2345
37556427946583,10:25:56.427,10.7000,100
37556427946583,10:25:56.427,10.7000,100
37556427946583,10:25:56.427,10.7000,100
37556427946583,10:25:56.427,10.7000,100
37556427946583,10:25:56.427,10.7000,255
37556429576068,10:25:56.429,10.7000,100
37556429576068,10:25:56.429,10.7000,100
37556564308486,10:25:56.564,10.7000,1
37560716479885,10:26:00.716,10.6950,100
37560716480418,10:26:00.716,10.6900,100
37569366925214,10:26:09.366,10.6850,100
37569366925214,10:26:09.366,10.6800,100
37569366925214,10:26:09.366,10.6800,100
37569366925214,10:26:09.366,10.6800,140
37569367364840,10:26:09.367,10.6800,11
37569367411604,10:26:09.367,10.6800,49
37569367411604,10:26:09.367,10.6800,100
37569393180656,10:26:09.393,10.6700,100
37569393625097,10:26:09.393,10.6700,100
37569393625097,10:26:09.393,10.6700,100
37605652244722,10:26:45.652,10.6650,100
37605652244722,10:26:45.652,10.6600,100
37605652244722,10:26:45.652,10.6600,100
37605652244722,10:26:45.652,10.6600,100
37605652749559,10:26:45.652,10.6600,100
37637411477920,10:27:17.411,10.6550,100
37639613790140,10:27:19.613,10.6550,100
37641056519235,10:27:21.056,10.6550,100
37641056519235,10:27:21.056,10.6500,100
37641056519235,10:27:21.056,10.6500,100
37641056647139,10:27:21.056,10.6500,100
37641424898485,10:27:21.424,10.6500,100
37641474723188,10:27:21.474,10.6500,100
37655198357736,10:27:35.198,10.6450,100
37655198357736,10:27:35.198,10.6400,100
37655198357736,10:27:35.198,10.6400,100
37690374597707,10:28:10.374,10.6500,100
37690374597707,10:28:10.374,10.6500,100
37690374597707,10:28:10.374,10.6500,100
37690374597707,10:28:10.374,10.6500,100
37690374974923,10:28:10.374,10.6500,100
37690374974923,10:28:10.374,10.6500,100
37702453454980,10:28:22.453,10.6600,55
37742498149967,10:29:02.498,10.6600,45
37742498149967,10:29:02.498,10.6600,100
37742498149967,10:29:02.498,10.6600,100
37742498149967,10:29:02.498,10.6600,100
37753634799646,10:29:13.634,10.6700,100
37753634799646,10:29:13.634,10.6700,100
37753634799646,10:29:13.634,10.6700,100
37754432596939,10:29:14.432,10.6800,100
37754432596939,10:29:14.432,10.6800,100
37754432596939,10:29:14.432,10.6800,100
37754432596939,10:29:14.432,10.6800,100
37756411815359,10:29:16.411,10.6850,100
37756411815359,10:29:16.411,10.6800,100
37756411815359,10:29:16.411,10.6800,100
37757276433481,10:29:17.276,10.6800,100
37758435485627,10:29:18.435,10.6800,100
37758435485627,10:29:18.435,10.6800,100
37758435813807,10:29:18.435,10.6800,100
37758475007697,10:29:18.475,10.6800,79
37758475568123,10:29:18.475,10.6800,100
37758475680383,10:29:18.475,10.6800,100
37758475752148,10:29:18.475,10.6800,100
37758475789282,10:29:18.475,10.6800,100
37763201664862,10:29:23.201,10.6900,100
37815367244244,10:30:15.367,10.6900,100
37815367244244,10:30:15.367,10.6900,100
37815367244244,10:30:15.367,10.6900,100
37853071849696,10:30:53.071,10.6800,100
37853071849696,10:30:53.071,10.6800,100
37854195498431,10:30:54.195,10.6700,100
37854195498431,10:30:54.195,10.6700,100
37854206104184,10:30:54.206,10.6700,100
37890494628367,10:31:30.494,10.6600,100
37890494628367,10:31:30.494,10.6600,100
37890494628367,10:31:30.494,10.6600,100
37890752151526,10:31:30.752,10.6500,100
37890752151526,10:31:30.752,10.6500,100
37890752151526,10:31:30.752,10.6500,100
37890752151526,10:31:30.752,10.6500,100
37895081367184,10:31:35.081,10.6400,100
37895081367184,10:31:35.081,10.6400,19
37897316631259,10:31:37.316,10.6300,100
37897316785148,10:31:37.316,10.6300,100
37897316785148,10:31:37.316,10.6300,100
37898426036925,10:31:38.426,10.6300,100
37898426036925,10:31:38.426,10.6300,100
37898426036925,10:31:38.426,10.6300,97
37898426036925,10:31:38.426,10.6300,100
37898426036925,10:31:38.426,10.6300,300
37898426036925,10:31:38.426,10.6300,100
37913474463248,10:31:53.474,10.6200,100
37913474463248,10:31:53.474,10.6200,100
37914011939292,10:31:54.011,10.6200,100
37914675008663,10:31:54.675,10.6200,100
37917010626125,10:31:57.010,10.6200,100
37917521479765,10:31:57.521,10.6100,100
37917521479765,10:31:57.521,10.6100,100
37981534065173,10:33:01.534,10.6000,100
37981534065173,10:33:01.534,10.6000,100
37981534065173,10:33:01.534,10.6000,100
37981534065173,10:33:01.534,10.6000,100
37981534065173,10:33:01.534,10.6000,200
37981534065173,10:33:01.534,10.6000,100
37998837150312,10:33:18.837,10.6000,400
37998837150312,10:33:18.837,10.6000,100
37998837150312,10:33:18.837,10.6000,100
37998837150312,10:33:18.837,10.6000,100
38035769156694,10:33:55.769,10.5950,5
38069632704283,10:34:29.632,10.5900,100
38069632704283,10:34:29.632,10.5900,100
38069632704283,10:34:29.632,10.5900,28
38069632704283,10:34:29.632,10.5900,100
38069632704283,10:34:29.632,10.5900,72
38069632704283,10:34:29.632,10.5900,100
38069831783070,10:34:29.831,10.5800,100
38069831823262,10:34:29.831,10.5800,28
38069831823262,10:34:29.831,10.5800,69
38069831851410,10:34:29.831,10.5800,31
38074206910201,10:34:34.206,10.5700,100
38074207310037,10:34:34.207,10.5700,100
38074207348138,10:34:34.207,10.5700,15
38074207370000,10:34:34.207,10.5700,25
38115818605407,10:35:15.818,10.5600,100
38115818605407,10:35:15.818,10.5600,100
38137927838674,10:35:37.927,10.5400,100
38142967688362,10:35:42.967,10.5300,74
38142967863644,10:35:42.967,10.5300,71
38142967863644,10:35:42.967,10.5300,29
38142967863644,10:35:42.967,10.5300,200
38152649536106,10:35:52.649,10.5300,260
38160214605094,10:36:00.214,10.5200,100
38175851169071,10:36:15.851,10.5100,100
38175851169071,10:36:15.851,10.5100,100
38184451805073,10:36:24.451,10.5000,268
38184451805073,10:36:24.451,10.5000,100
38203921301975,10:36:43.921,10.4900,100
38205765524656,10:36:45.765,10.5000,100
38205765524656,10:36:45.765,10.5000,100
38205765524656,10:36:45.765,10.5000,100
38205765524656,10:36:45.765,10.5000,100
38205765524656,10:36:45.765,10.5000,100
38205765833206,10:36:45.765,10.5000,100
38245222685191,10:37:25.222,10.4900,100
38298323370529,10:38:18.323,10.4900,31
38298323405442,10:38:18.323,10.4900,69
38298323405442,10:38:18.323,10.4900,5
38298323405442,10:38:18.323,10.4900,100
38298323405442,10:38:18.323,10.4900,100
38298323405442,10:38:18.323,10.4900,100
38298323405442,10:38:18.323,10.4900,95
38298359922452,10:38:18.359,10.5000,100
38313518158810,10:38:33.518,10.5100,54
38313518754776,10:38:33.518,10.5100,46
38324104123580,10:38:44.104,10.5200,100
38328739199581,10:38:48.739,10.5300,100
38416412990207,10:40:16.412,10.5300,100
38416412990207,10:40:16.412,10.5300,100
38416412990207,10:40:16.412,10.5300,100
38416412990207,10:40:16.412,10.5300,100
38416412990207,10:40:16.412,10.5300,100
38443013674355,10:40:43.013,10.5200,100
38443013674355,10:40:43.013,10.5200,100
38443022356581,10:40:43.022,10.5100,134
38505764763124,10:41:45.764,10.5000,100
38505764832922,10:41:45.764,10.5000,100
38605604158275,10:43:25.604,10.5000,100
38605604158275,10:43:25.604,10.5000,100
38605604158275,10:43:25.604,10.5000,100
38658546155059,10:44:18.546,10.5300,6
38658546155059,10:44:18.546,10.5300,94
38658546219010,10:44:18.546,10.5300,6
38659540248174,10:44:19.540,10.5300,600
38705403866936,10:45:05.403,10.5300,200
38705403866936,10:45:05.403,10.5300,100
38736049132850,10:45:36.049,10.5400,100
38781278890910,10:46:21.278,10.5500,100
38781278890910,10:46:21.278,10.5500,100
38793591794760,10:46:33.591,10.5600,100
38793605916963,10:46:33.605,10.5600,100
38793605916963,10:46:33.605,10.5600,86
38817045017819,10:46:57.045,10.5500,100
38817045017819,10:46:57.045,10.5500,100
38817045017819,10:46:57.045,10.5500,600
38817087108221,10:46:57.087,10.5400,100
38817087108221,10:46:57.087,10.5400,100
38817087129352,10:46:57.087,10.5400,200
38821736983562,10:47:01.736,10.5400,100
38821737138723,10:47:01.737,10.5400,100
38821737138723,10:47:01.737,10.5400,100
38864186057546,10:47:44.186,10.5350,100
38864686040742,10:47:44.686,10.5350,100
38887761770543,10:48:07.761,10.5400,55
38959809605333,10:49:19.809,10.5400,42
38959809626528,10:49:19.809,10.5400,3
38959809626528,10:49:19.809,10.5400,100
38959809626528,10:49:19.809,10.5400,100
38990800245089,10:49:50.800,10.5500,100
38990800645154,10:49:50.800,10.5500,100
38990826040160,10:49:50.826,10.5500,81
38990826040160,10:49:50.826,10.5500,100
38990826040160,10:49:50.826,10.5500,200
38990826226340,10:49:50.826,10.5500,100
38990829931070,10:49:50.829,10.5500,400
38990829931070,10:49:50.829,10.5500,100
38990829931070,10:49:50.829,10.5500,100
38990829931070,10:49:50.829,10.5500,88
38990829931070,10:49:50.829,10.5500,100
38990829931070,10:49:50.829,10.5500,100
38990860361043,10:49:50.860,10.5600,100
38990860361043,10:49:50.860,10.5600,100
38990860361043,10:49:50.860,10.5600,100
38990860361043,10:49:50.860,10.5600,100
38990860430621,10:49:50.860,10.5600,100
38998281289623,10:49:58.281,10.5700,100
38998281300361,10:49:58.281,10.5700,100
38998281300361,10:49:58.281,10.5700,100
38998281331098,10:49:58.281,10.5700,100
38998281394267,10:49:58.281,10.5800,55
39007797672333,10:50:07.797,10.5900,100
39007808054825,10:50:07.808,10.6000,100
39007808054825,10:50:07.808,10.6000,100
39007808054825,10:50:07.808,10.6000,100
39035727804917,10:50:35.727,10.6000,100
39035727804917,10:50:35.727,10.6000,200
39035727804917,10:50:35.727,10.6000,500
39035749328021,10:50:35.749,10.6000,400
39035749328021,10:50:35.749,10.6000,100
39035749328021,10:50:35.749,10.6000,85
39035749544044,10:50:35.749,10.6000,100
39035749544044,10:50:35.749,10.6000,100
39035749544044,10:50:35.749,10.6000,85
39035749544044,10:50:35.749,10.6000,200
39035749544044,10:50:35.749,10.6000,100
39035749544044,10:50:35.749,10.6000,200
39035749544044,10:50:35.749,10.6000,100
39035749544044,10:50:35.749,10.6000,200
39035749551341,10:50:35.749,10.6000,100
39035750712133,10:50:35.750,10.6000,200
39035750712133,10:50:35.750,10.6000,100
39035750712133,10:50:35.750,10.6000,100
39102404686400,10:51:42.404,10.6100,100
39102404686400,10:51:42.404,10.6100,100
39102404686400,10:51:42.404,10.6100,100
39102404686400,10:51:42.404,10.6100,100
39146926761676,10:52:26.926,10.6100,100
39146926761676,10:52:26.926,10.6100,16
39146926837014,10:52:26.926,10.6100,55
39146926837014,10:52:26.926,10.6100,70
39146927035423,10:52:26.927,10.6100,30
39146927035423,10:52:26.927,10.6100,100
39146927035423,10:52:26.927,10.6100,100
39146927035423,10:52:26.927,10.6100,100
39169560490632,10:52:49.560,10.6100,100
39169560490632,10:52:49.560,10.6100,100
39257924143275,10:54:17.924,10.6100,100
39257924143275,10:54:17.924,10.6100,100
39257924143275,10:54:17.924,10.6100,100
39257924143275,10:54:17.924,10.6100,100
39258215103396,10:54:18.215,10.6100,14
39262419586456,10:54:22.419,10.6100,100
39269326543501,10:54:29.326,10.6100,66
39269326604862,10:54:29.326,10.6100,34
39269326604862,10:54:29.326,10.6100,100
39279058726451,10:54:39.058,10.6200,100
39279059466670,10:54:39.059,10.6200,100
39317334561639,10:55:17.334,10.6100,100
39317334561639,10:55:17.334,10.6100,23
39317335571877,10:55:17.335,10.6100,77
39317335571877,10:55:17.335,10.6100,100
39317335571877,10:55:17.335,10.6100,100
39338279360412,10:55:38.279,10.6100,84
39338279378757,10:55:38.279,10.6100,16
39367927325942,10:56:07.927,10.6000,400
39367927325942,10:56:07.927,10.6000,100
39367927325942,10:56:07.927,10.6000,79
39367927325942,10:56:07.927,10.6000,100
39369130957172,10:56:09.130,10.6000,100
39369130957172,10:56:09.130,10.6000,100
39369142761434,10:56:09.142,10.6000,100
39369142761434,10:56:09.142,10.6000,100
39369142765862,10:56:09.142,10.6000,100
39369142765862,10:56:09.142,10.6000,100
39369142863064,10:56:09.142,10.6000,200
39369142863064,10:56:09.142,10.6000,90
39369142863064,10:56:09.142,10.6000,34
39369142890991,10:56:09.142,10.6000,66
39369142890991,10:56:09.142,10.6000,114
39369151196206,10:56:09.151,10.6000,100
39369151196206,10:56:09.151,10.6000,79
39369151196206,10:56:09.151,10.6000,100
39369151196206,10:56:09.151,10.6000,100
39369151196206,10:56:09.151,10.6000,100
39369151196206,10:56:09.151,10.6000,100
39369151196206,10:56:09.151,10.6000,100
39369151196206,10:56:09.151,10.6000,100
39394584948002,10:56:34.584,10.6100,100
39394584948002,10:56:34.584,10.6100,100
39410005739512,10:56:50.005,10.6000,100
39454544114424,10:57:34.544,10.6100,100
39454544114424,10:57:34.544,10.6100,100
39467395887312,10:57:47.395,10.6100,100
39499395987229,10:58:19.395,10.6200,54
39524312038744,10:58:44.312,10.6100,100
39524312105372,10:58:44.312,10.6100,100
39663396196426,11:01:03.396,10.6100,100
39663396196426,11:01:03.396,10.6100,100
39663396196426,11:01:03.396,10.6100,100
39663396196426,11:01:03.396,10.6100,100
39663506685804,11:01:03.506,10.6200,100
39663920656258,11:01:03.920,10.6200,100
39665372140413,11:01:05.372,10.6200,64
39665372175316,11:01:05.372,10.6200,15
39665372200286,11:01:05.372,10.6200,21
39704537362747,11:01:44.537,10.6100,100
39704537362747,11:01:44.537,10.6100,100
39704537362747,11:01:44.537,10.6100,100
39704537362747,11:01:44.537,10.6100,60
39704537362747,11:01:44.537,10.6100,55
39724215664846,11:02:04.215,10.6000,100
39724215664846,11:02:04.215,10.6000,100
39724226965362,11:02:04.226,10.5900,200
39724226965362,11:02:04.226,10.5900,100
39807314288833,11:03:27.314,10.5800,100
39814392367181,11:03:34.392,10.5800,50
39814392367181,11:03:34.392,10.5800,100
39829675566612,11:03:49.675,10.5800,100
39829675566612,11:03:49.675,10.5800,100
39829675566612,11:03:49.675,10.5800,400
39829675566612,11:03:49.675,10.5800,100
39829675566612,11:03:49.675,10.5800,100
39837744669077,11:03:57.744,10.5800,100
39841619073666,11:04:01.619,10.5800,100
39848213081331,11:04:08.213,10.5900,100
39850271288877,11:04:10.271,10.5900,100
39851130488606,11:04:11.130,10.5900,100
39895476287986,11:04:55.476,10.6100,50
39895476287986,11:04:55.476,10.6100,50
39895476329199,11:04:55.476,10.6100,50
39926270763785,11:05:26.270,10.6200,48
39926274663454,11:05:26.274,10.6200,52
39927704177965,11:05:27.704,10.6200,100
39933462118535,11:05:33.462,10.6200,200
39936572492449,11:05:36.572,10.6200,100
39945448240135,11:05:45.448,10.6200,100
40108187470516,11:08:28.187,10.6200,55
40109127278456,11:08:29.127,10.6200,345
40109127278456,11:08:29.127,10.6200,100
40109127278456,11:08:29.127,10.6200,100
40109127278456,11:08:29.127,10.6200,100
40109127278456,11:08:29.127,10.6200,55
40109127477747,11:08:29.127,10.6200,45
40186725344919,11:09:46.725,10.6200,100
40186725344919,11:09:46.725,10.6200,100
40186725344919,11:09:46.725,10.6200,40
40186725344919,11:09:46.725,10.6200,100
40186725344919,11:09:46.725,10.6200,100
40186725557589,11:09:46.725,10.6200,100
40186725734331,11:09:46.725,10.6200,100
40186726040163,11:09:46.726,10.6200,100
40186726678389,11:09:46.726,10.6200,242
40220683022857,11:10:20.683,10.6150,282
40231779022032,11:10:31.779,10.6150,100
40254981680114,11:10:54.981,10.6100,100
40276329110013,11:11:16.329,10.6100,100
40276417854738,11:11:16.417,10.6100,100
40276424708756,11:11:16.424,10.6100,100
40284665622780,11:11:24.665,10.6100,40
40284712632399,11:11:24.712,10.6050,100
40288231796104,11:11:28.231,10.6000,100
40305999500927,11:11:45.999,10.6000,200
40305999500927,11:11:45.999,10.6000,100
40305999500927,11:11:45.999,10.6000,100
40316273268020,11:11:56.273,10.5900,100
40316273268020,11:11:56.273,10.5900,100
40336119861906,11:12:16.119,10.5900,100
40336119861906,11:12:16.119,10.5900,200
40336119861906,11:12:16.119,10.5900,400
40336119861906,11:12:16.119,10.5900,100
40336578952539,11:12:16.578,10.6000,100
40337428496403,11:12:17.428,10.6100,100
40337793191750,11:12:17.793,10.6100,100
40337793191750,11:12:17.793,10.6100,100
40348722159200,11:12:28.722,10.6100,100
40348722159200,11:12:28.722,10.6100,100
40394242103146,11:13:14.242,10.6100,100
40394242103146,11:13:14.242,10.6100,300
40394242103146,11:13:14.242,10.6100,100
40394242103146,11:13:14.242,10.6100,600
40531299514226,11:15:31.299,10.6000,100
40533427505057,11:15:33.427,10.6000,100
40533427505057,11:15:33.427,10.6000,100
40533427505057,11:15:33.427,10.6000,100
40533427505057,11:15:33.427,10.6000,100
40533437841639,11:15:33.437,10.5900,100
40533439409254,11:15:33.439,10.5900,100
40534108294865,11:15:34.108,10.5800,40
40558091977166,11:15:58.091,10.5800,100
40558091977166,11:15:58.091,10.5800,100
40558091977166,11:15:58.091,10.5800,300
40558091977166,11:15:58.091,10.5800,100
40558092296133,11:15:58.092,10.5800,100
40558092296133,11:15:58.092,10.5800,100
40558092497155,11:15:58.092,10.5800,100
40560095749666,11:16:00.095,10.5800,100
40560095749666,11:16:00.095,10.5800,200
40560095749666,11:16:00.095,10.5800,100
40560095749666,11:16:00.095,10.5800,100
40560095749666,11:16:00.095,10.5800,100
40560095864946,11:16:00.095,10.5800,100
40560095864946,11:16:00.095,10.5800,100
40590676218895,11:16:30.676,10.5800,100
40590676218895,11:16:30.676,10.5800,100
40590676460687,11:16:30.676,10.5800,192
40590676471473,11:16:30.676,10.5800,108
40719616865508,11:18:39.616,10.5900,54
40768069132816,11:19:28.069,10.5800,100
40768069132816,11:19:28.069,10.5800,100
40768069132816,11:19:28.069,10.5800,608
40768069164928,11:19:28.069,10.5800,92
40768069164928,11:19:28.069,10.5800,100
40768069164928,11:19:28.069,10.5800,100
40798699501890,11:19:58.699,10.5700,100
40798699501890,11:19:58.699,10.5700,200
40798699501890,11:19:58.699,10.5700,100
40814452291124,11:20:14.452,10.5600,100
40814452291124,11:20:14.452,10.5600,100
40814452291124,11:20:14.452,10.5600,100
40816115899981,11:20:16.115,10.5500,100
40816115899981,11:20:16.115,10.5500,100
40828576573308,11:20:28.576,10.5400,100
40864969462571,11:21:04.969,10.5300,100
40864969462571,11:21:04.969,10.5300,100
40864969462571,11:21:04.969,10.5300,100
40864969753425,11:21:04.969,10.5300,100
40864969753425,11:21:04.969,10.5300,100
40864970056870,11:21:04.970,10.5300,100
40864970056870,11:21:04.970,10.5300,100
40864970056870,11:21:04.970,10.5300,100
40864970056870,11:21:04.970,10.5300,100
40864970056870,11:21:04.970,10.5300,100
40864970925314,11:21:04.970,10.5300,200
40864970925314,11:21:04.970,10.5300,100
40864970925314,11:21:04.970,10.5300,200
40864970925314,11:21:04.970,10.5300,98
40864970925314,11:21:04.970,10.5300,100
40864970925314,11:21:04.970,10.5300,100
40864970925314,11:21:04.970,10.5300,100
40864971382456,11:21:04.971,10.5300,100
40864971382456,11:21:04.971,10.5300,98
40864971382456,11:21:04.971,10.5300,2
40864972177680,11:21:04.972,10.5300,100
40864972177680,11:21:04.972,10.5300,100
40864972177680,11:21:04.972,10.5300,100
40864972177680,11:21:04.972,10.5300,200
40864972223469,11:21:04.972,10.5300,98
40864972223469,11:21:04.972,10.5300,2
40864986994794,11:21:04.986,10.5250,100
40873507673031,11:21:13.507,10.5200,100
40919826611325,11:21:59.826,10.5100,100
40919829229177,11:21:59.829,10.5100,100
40919833900812,11:21:59.833,10.5100,100
40919834423196,11:21:59.834,10.5100,100
40919928656848,11:21:59.928,10.5100,100
40930114395438,11:22:10.114,10.5100,400
40931033168842,11:22:11.033,10.5000,100
40931033168842,11:22:11.033,10.5000,100
40931033168842,11:22:11.033,10.5000,100
40931033630343,11:22:11.033,10.5000,100
40931033630343,11:22:11.033,10.5000,100
40931037299670,11:22:11.037,10.5000,100
40972428360325,11:22:52.428,10.5100,100
40972428360325,11:22:52.428,10.5100,100
40972428360325,11:22:52.428,10.5100,100
40972428360325,11:22:52.428,10.5100,98
40972428481088,11:22:52.428,10.5100,2
40972428481088,11:22:52.428,10.5100,100
41034727956189,11:23:54.727,10.5100,100
41121588438756,11:25:21.588,10.5100,100
41177337362439,11:26:17.337,10.5100,100
41177337362439,11:26:17.337,10.5100,100
41177337362439,11:26:17.337,10.5100,600
41177337362439,11:26:17.337,10.5100,100
41177337362439,11:26:17.337,10.5100,100
41190495259917,11:26:30.495,10.5000,100
41225827045377,11:27:05.827,10.5050,100
41225827045377,11:27:05.827,10.5100,600
41225827045377,11:27:05.827,10.5100,100
41225827327438,11:27:05.827,10.5100,100
41242571309990,11:27:22.571,10.5200,100
41242571309990,11:27:22.571,10.5200,100
41242571309990,11:27:22.571,10.5200,13
41242571309990,11:27:22.571,10.5200,100
41242571309990,11:27:22.571,10.5200,100
41242571584556,11:27:22.571,10.5200,100
41242571584556,11:27:22.571,10.5200,100
41242571584556,11:27:22.571,10.5200,100
41242584564578,11:27:22.584,10.5300,100
41242584564578,11:27:22.584,10.5300,100
41242584564578,11:27:22.584,10.5300,100
41242584766756,11:27:22.584,10.5300,100
41242601887479,11:27:22.601,10.5400,200
41242615200552,11:27:22.615,10.5400,100
41242615200552,11:27:22.615,10.5400,800
41242615311559,11:27:22.615,10.5400,100
41242615311559,11:27:22.615,10.5400,100
41242615311559,11:27:22.615,10.5400,100
41304681181193,11:28:24.681,10.5450,55
41474836320558,11:31:14.836,10.5400,100
41474836320558,11:31:14.836,10.5400,100
41474836320558,11:31:14.836,10.5400,100
41474836320558,11:31:14.836,10.5400,100
41474836320558,11:31:14.836,10.5400,100
41474836320558,11:31:14.836,10.5400,100
41474836320558,11:31:14.836,10.5400,100
41476384374938,11:31:16.384,10.5300,30
41476384374938,11:31:16.384,10.5300,100
41476384374938,11:31:16.384,10.5300,100
41476672883963,11:31:16.672,10.5300,100
41476672883963,11:31:16.672,10.5300,100
41795031778002,11:36:35.031,10.5400,100
41795031778002,11:36:35.031,10.5400,100
41795031778002,11:36:35.031,10.5400,100
41795031778002,11:36:35.031,10.5400,100
41795031778002,11:36:35.031,10.5400,700
41899091914599,11:38:19.091,10.5400,54
41948605186240,11:39:08.605,10.5300,100
41948605186240,11:39:08.605,10.5300,100
41950767445573,11:39:10.767,10.5300,100
41950767445573,11:39:10.767,10.5300,35
41950767445573,11:39:10.767,10.5300,100
42093331370378,11:41:33.331,10.5300,100
42093361977750,11:41:33.361,10.5300,100
42166670466490,11:42:46.670,10.5400,46
42166670466490,11:42:46.670,10.5400,100
42166670466490,11:42:46.670,10.5400,100
42166670466490,11:42:46.670,10.5400,100
42166670466490,11:42:46.670,10.5400,54
42166670653889,11:42:46.670,10.5400,46
42256066419914,11:44:16.066,10.5500,100
42256066419914,11:44:16.066,10.5500,100
42256066419914,11:44:16.066,10.5500,100
42256066872521,11:44:16.066,10.5500,100
42258756599814,11:44:18.756,10.5500,100
42258757086260,11:44:18.757,10.5500,100
42265665792654,11:44:25.665,10.5500,100
42265666101832,11:44:25.666,10.5500,100
42265666101832,11:44:25.666,10.5500,100
42265672947124,11:44:25.672,10.5500,100
42267951518460,11:44:27.951,10.5500,100
42267951789109,11:44:27.951,10.5500,100
42267951789109,11:44:27.951,10.5500,100
42271961955198,11:44:31.961,10.5500,100
42271962222776,11:44:31.962,10.5500,100
42271962222776,11:44:31.962,10.5500,100
42271962486802,11:44:31.962,10.5500,100
42292934799413,11:44:52.934,10.5500,100
42442786415459,11:47:22.786,10.5600,100
42442786415459,11:47:22.786,10.5600,100
42464632714453,11:47:44.632,10.5700,100
42490698041083,11:48:10.698,10.5900,55
42512984237103,11:48:32.984,10.5900,45
42512984237103,11:48:32.984,10.5900,100
42512984237103,11:48:32.984,10.5900,100
42534183792220,11:48:54.183,10.6000,100
42540461103501,11:49:00.461,10.6000,100
42541058871590,11:49:01.058,10.6000,13
42541059191842,11:49:01.059,10.6000,2
42631304735568,11:50:31.304,10.6100,94
42693872629182,11:51:33.872,10.6000,100
42693872629182,11:51:33.872,10.6000,100
42693872629182,11:51:33.872,10.6000,1200
42693872629182,11:51:33.872,10.6000,100
42693872629182,11:51:33.872,10.6000,100
42693872629182,11:51:33.872,10.6000,100
42693872629182,11:51:33.872,10.6000,100
42693872629182,11:51:33.872,10.6000,300
42693872629182,11:51:33.872,10.6000,30
42693872629182,11:51:33.872,10.6000,100
42693872629182,11:51:33.872,10.6000,200
42693872629182,11:51:33.872,10.6000,253
42693872668066,11:51:33.872,10.6000,47
42693872668066,11:51:33.872,10.6000,100
42789324009454,11:53:09.324,10.6000,100
42789324009454,11:53:09.324,10.6000,300
42789324009454,11:53:09.324,10.6000,100
42789324009454,11:53:09.324,10.6000,100
42789324009454,11:53:09.324,10.6000,100
42789324009454,11:53:09.324,10.6000,100
42789324009454,11:53:09.324,10.6000,100
42789324009454,11:53:09.324,10.6000,100
42789324009454,11:53:09.324,10.6000,1000
42789324262261,11:53:09.324,10.6000,70
42789326051824,11:53:09.326,10.6000,430
42789326051824,11:53:09.326,10.6000,100
42789326051824,11:53:09.326,10.6000,200
42789326051824,11:53:09.326,10.6000,300
42789326051824,11:53:09.326,10.6000,45
42789326051824,11:53:09.326,10.6000,100
42789326051824,11:53:09.326,10.6000,100
42789326051824,11:53:09.326,10.6000,100
42789326051824,11:53:09.326,10.6000,100
42789326051824,11:53:09.326,10.6000,100
42789326051824,11:53:09.326,10.6000,100
42951000108100,11:55:51.000,10.5950,100
43083891510729,11:58:03.891,10.6000,54
43161767029267,11:59:21.767,10.5900,100
43161767029267,11:59:21.767,10.5900,200
43161767029267,11:59:21.767,10.5900,100
43161767029267,11:59:21.767,10.5900,100
43161767029267,11:59:21.767,10.5900,100
43161767029267,11:59:21.767,10.5900,100
43161767029267,11:59:21.767,10.5900,100
43165086754502,11:59:25.086,10.5800,100
43165086754502,11:59:25.086,10.5800,100
43165086754502,11:59:25.086,10.5800,200
43165112198980,11:59:25.112,10.5800,100
43165112237978,11:59:25.112,10.5800,200
43165939039870,11:59:25.939,10.5800,100
43165939039870,11:59:25.939,10.5800,100
43165939403730,11:59:25.939,10.5800,100
43165939403730,11:59:25.939,10.5800,100
43165939403730,11:59:25.939,10.5800,100
43213750307270,12:00:13.750,10.5750,100
43213750307270,12:00:13.750,10.5750,100
43213750307270,12:00:13.750,10.5700,900
43213750307270,12:00:13.750,10.5700,200
43213750307270,12:00:13.750,10.5700,100
43213750307270,12:00:13.750,10.5700,200
43213750323236,12:00:13.750,10.5700,100
43213750323236,12:00:13.750,10.5700,100
43213750372824,12:00:13.750,10.5700,100
43213750809514,12:00:13.750,10.5700,300
43213750809514,12:00:13.750,10.5700,200
43213751235988,12:00:13.751,10.5700,300
43213751235988,12:00:13.751,10.5700,100
43213751235988,12:00:13.751,10.5700,100
43213751235988,12:00:13.751,10.5700,100
43213751235988,12:00:13.751,10.5700,100
43213751235988,12:00:13.751,10.5700,400
43213754235410,12:00:13.754,10.5700,100
43213754235410,12:00:13.754,10.5700,100
43222431839443,12:00:22.431,10.5600,800
43222431839443,12:00:22.431,10.5600,100
43222483199055,12:00:22.483,10.5600,42
43222483199055,12:00:22.483,10.5600,100
43222483199055,12:00:22.483,10.5600,100
43223210003545,12:00:23.210,10.5600,100
43223210003545,12:00:23.210,10.5600,100
43223210003545,12:00:23.210,10.5600,300
43223210003545,12:00:23.210,10.5600,200
43223210003545,12:00:23.210,10.5600,100
43223210039142,12:00:23.210,10.5600,35
43263001141130,12:01:03.001,10.5500,100
43263001141130,12:01:03.001,10.5500,200
43263001141130,12:01:03.001,10.5500,100
43263129394776,12:01:03.129,10.5500,100
43263215803784,12:01:03.215,10.5550,100
43263215803784,12:01:03.215,10.5500,900
43263215839660,12:01:03.215,10.5500,600
43263215839660,12:01:03.215,10.5500,100
43263215839660,12:01:03.215,10.5500,100
43263215839660,12:01:03.215,10.5500,47
43263215839660,12:01:03.215,10.5500,400
43264010527115,12:01:04.010,10.5450,400
43264010527115,12:01:04.010,10.5450,100
43264010527115,12:01:04.010,10.5450,100
43264026057872,12:01:04.026,10.5450,100
43264026057872,12:01:04.026,10.5500,200
43264026057872,12:01:04.026,10.5500,100
43264026057872,12:01:04.026,10.5500,200
43264026057872,12:01:04.026,10.5500,100
43264026057872,12:01:04.026,10.5500,100
43264026057872,12:01:04.026,10.5500,100
43292523789013,12:01:32.523,10.5500,100
43292523789013,12:01:32.523,10.5500,100
43292523789013,12:01:32.523,10.5500,100
43292523789013,12:01:32.523,10.5500,100
43292523789013,12:01:32.523,10.5500,100
43292524078359,12:01:32.524,10.5500,100
43292524078359,12:01:32.524,10.5500,100
43293510825497,12:01:33.510,10.5600,100
43295983693048,12:01:35.983,10.5600,100
43308456420198,12:01:48.456,10.5500,100
43308456420198,12:01:48.456,10.5500,100
43308456420198,12:01:48.456,10.5500,200
43330875791411,12:02:10.875,10.5500,72
43330875820982,12:02:10.875,10.5500,28
43332395268764,12:02:12.395,10.5500,100
43332395268764,12:02:12.395,10.5500,100
43332395268764,12:02:12.395,10.5500,100
43332395268764,12:02:12.395,10.5500,100
43332395850735,12:02:12.395,10.5500,200
43336807788982,12:02:16.807,10.5500,100
43338422367086,12:02:18.422,10.5500,100
43338422367086,12:02:18.422,10.5500,100
43338422367086,12:02:18.422,10.5500,100
43338422367086,12:02:18.422,10.5500,100
43356703655314,12:02:36.703,10.5500,100
43356997431902,12:02:36.997,10.5550,100
43356998113671,12:02:36.998,10.5550,100
43357553746624,12:02:37.553,10.5500,100
43402568141739,12:03:22.568,10.5500,100
43403434271848,12:03:23.434,10.5500,100
43403434271848,12:03:23.434,10.5500,100
43403434271848,12:03:23.434,10.5500,100
43403434271848,12:03:23.434,10.5500,100
43403434725873,12:03:23.434,10.5500,100
43403434725873,12:03:23.434,10.5500,100
43688455639112,12:08:08.455,10.5500,55
43749465392384,12:09:09.465,10.5500,45
43749465392384,12:09:09.465,10.5500,100
43749465392384,12:09:09.465,10.5500,600
43749465392384,12:09:09.465,10.5500,100
43749465392384,12:09:09.465,10.5500,155
43749465592690,12:09:09.465,10.5500,100
43749930246254,12:09:09.930,10.5500,145
43750607901022,12:09:10.607,10.5600,100
43750608243873,12:09:10.608,10.5600,100
43750608243873,12:09:10.608,10.5600,100
43750608243873,12:09:10.608,10.5600,100
43754375011999,12:09:14.375,10.5650,100
43756051528062,12:09:16.051,10.5650,100
43756051528062,12:09:16.051,10.5600,100
43756051528062,12:09:16.051,10.5600,100
43756051528062,12:09:16.051,10.5600,30
43756051528062,12:09:16.051,10.5600,200
43756051528062,12:09:16.051,10.5600,100
43756051528062,12:09:16.051,10.5600,100
43756051889288,12:09:16.051,10.5600,100
43756051889288,12:09:16.051,10.5600,100
43756052248487,12:09:16.052,10.5600,100
43756052248487,12:09:16.052,10.5600,100
43756052248487,12:09:16.052,10.5600,410
43756052252091,12:09:16.052,10.5500,1000
43756052252091,12:09:16.052,10.5500,200
43756052252091,12:09:16.052,10.5500,100
43756052252091,12:09:16.052,10.5500,100
43756052252091,12:09:16.052,10.5500,100
43756052252091,12:09:16.052,10.5500,200
43756052252091,12:09:16.052,10.5500,100
43756052252091,12:09:16.052,10.5500,100
43756052565568,12:09:16.052,10.5600,90
43756052565568,12:09:16.052,10.5600,495
43756052565568,12:09:16.052,10.5600,100
43756052565568,12:09:16.052,10.5600,45
43756052565568,12:09:16.052,10.5600,100
43756052565568,12:09:16.052,10.5600,100
43756052565568,12:09:16.052,10.5600,100
43756052565568,12:09:16.052,10.5600,100
43756052565568,12:09:16.052,10.5600,100
43756052565568,12:09:16.052,10.5600,100
43756052565568,12:09:16.052,10.5600,100
43756052565568,12:09:16.052,10.5600,100
43756052565568,12:09:16.052,10.5600,100
43756052606551,12:09:16.052,10.5600,100
43756053025696,12:09:16.053,10.5500,100
43756053025696,12:09:16.053,10.5500,400
43756053025696,12:09:16.053,10.5500,300
43756053025696,12:09:16.053,10.5500,100
43756053025696,12:09:16.053,10.5500,100
43756053025696,12:09:16.053,10.5500,495
43756053025696,12:09:16.053,10.5500,100
43756053025696,12:09:16.053,10.5500,495
43756053025696,12:09:16.053,10.5500,100
43756053025696,12:09:16.053,10.5500,200
43756053025696,12:09:16.053,10.5500,100
43756053025696,12:09:16.053,10.5500,400
43756053097074,12:09:16.053,10.5500,100
43756053097074,12:09:16.053,10.5500,100
43756053126614,12:09:16.053,10.5500,39
43756053126614,12:09:16.053,10.5500,61
43756053156715,12:09:16.053,10.5500,39
43756053922297,12:09:16.053,10.5500,100
43756053922297,12:09:16.053,10.5500,200
43756188380261,12:09:16.188,10.5500,100
43756188409035,12:09:16.188,10.5500,39
43756188409035,12:09:16.188,10.5500,100
43756202243123,12:09:16.202,10.5500,1000
43756202243123,12:09:16.202,10.5500,100
43756202243123,12:09:16.202,10.5500,200
43756202243123,12:09:16.202,10.5500,100
43756202243123,12:09:16.202,10.5500,500
43756202243123,12:09:16.202,10.5500,200
43756202243123,12:09:16.202,10.5500,39
43756202243123,12:09:16.202,10.5500,100
43886868958141,12:11:26.868,10.5500,100
43886868958141,12:11:26.868,10.5500,100
43887033860588,12:11:27.033,10.5500,100
43892628996667,12:11:32.628,10.5500,100
43892752563230,12:11:32.752,10.5500,100
43892752563230,12:11:32.752,10.5500,38
43892752563230,12:11:32.752,10.5500,100
43897720061059,12:11:37.720,10.5500,100
43905670601845,12:11:45.670,10.5500,100
43905670601845,12:11:45.670,10.5500,100
43905778644015,12:11:45.778,10.5500,100
43905778644015,12:11:45.778,10.5500,100
43919804940422,12:11:59.804,10.5500,100
43919977461199,12:11:59.977,10.5500,900
43919977461199,12:11:59.977,10.5500,300
43919977461199,12:11:59.977,10.5500,300
43919977461199,12:11:59.977,10.5500,100
43919977461199,12:11:59.977,10.5500,200
43919978106553,12:11:59.978,10.5500,100
43932602088399,12:12:12.602,10.5500,100
43932788045780,12:12:12.788,10.5500,1000
43932788045780,12:12:12.788,10.5500,200
43932788045780,12:12:12.788,10.5500,100
43932788045780,12:12:12.788,10.5500,100
43942294376564,12:12:22.294,10.5500,65
43943084831310,12:12:23.084,10.5500,35
43943084831310,12:12:23.084,10.5500,65
43977500678325,12:12:57.500,10.5500,35
43977500678325,12:12:57.500,10.5500,65
43977500738930,12:12:57.500,10.5500,35
43977626697825,12:12:57.626,10.5500,100
43977626697825,12:12:57.626,10.5500,100
43977626697825,12:12:57.626,10.5500,100
44078910639550,12:14:38.910,10.5500,100
44078910639550,12:14:38.910,10.5500,100
44080475446616,12:14:40.475,10.5600,100
44080475750124,12:14:40.475,10.5600,100
44080475769863,12:14:40.475,10.5600,60
44080475796124,12:14:40.475,10.5600,40
44083316231704,12:14:43.316,10.5700,100
44083316231704,12:14:43.316,10.5700,100
44083316231704,12:14:43.316,10.5700,100
44083316231704,12:14:43.316,10.5700,100
44109334782413,12:15:09.334,10.5700,100
44109334905370,12:15:09.334,10.5700,100
44109334959839,12:15:09.334,10.5700,100
44109335145213,12:15:09.335,10.5700,100
44109335145213,12:15:09.335,10.5700,100
44109335145213,12:15:09.335,10.5700,100
44115325984492,12:15:15.325,10.5800,100
44115325984492,12:15:15.325,10.5800,100
44173776494801,12:16:13.776,10.5900,100
44173779064130,12:16:13.779,10.5900,100
44220848457132,12:17:00.848,10.5900,100
44220848457132,12:17:00.848,10.5900,100
44220848457132,12:17:00.848,10.5900,300
44220848457132,12:17:00.848,10.5900,100
44220848457132,12:17:00.848,10.5900,100
44220848457132,12:17:00.848,10.5900,100
44220848457132,12:17:00.848,10.5900,100
44259440566814,12:17:39.440,10.5800,100
44306938960573,12:18:26.938,10.5750,54
44364678860824,12:19:24.678,10.5700,100
44364678860824,12:19:24.678,10.5700,100
44364678860824,12:19:24.678,10.5700,100
44364678860824,12:19:24.678,10.5700,100
44364678910550,12:19:24.678,10.5700,100
44364678910550,12:19:24.678,10.5700,100
44507712009150,12:21:47.712,10.5650,300
44508212005717,12:21:48.212,10.5650,400
44598525675971,12:23:18.525,10.5700,100
44598525675971,12:23:18.525,10.5700,100
44598525675971,12:23:18.525,10.5700,600
44598525675971,12:23:18.525,10.5700,50
44664588806654,12:24:24.588,10.5700,100
44705568017013,12:25:05.568,10.5600,100
44705568017013,12:25:05.568,10.5600,100
44714664292142,12:25:14.664,10.5600,100
44714664292142,12:25:14.664,10.5600,100
44714664292142,12:25:14.664,10.5600,100
44714664292142,12:25:14.664,10.5600,100
44714664361828,12:25:14.664,10.5600,100
44714664361828,12:25:14.664,10.5600,100
44716754456893,12:25:16.754,10.5500,100
44716754456893,12:25:16.754,10.5500,100
44716754456893,12:25:16.754,10.5500,100
44716754456893,12:25:16.754,10.5500,70
44716754518820,12:25:16.754,10.5500,30
44716754518820,12:25:16.754,10.5500,100
44716754518820,12:25:16.754,10.5500,100
44716754518820,12:25:16.754,10.5500,200
44716754518820,12:25:16.754,10.5500,200
44766248199900,12:26:06.248,10.5450,100
44766248199900,12:26:06.248,10.5500,100
44766248199900,12:26:06.248,10.5500,100
44766248199900,12:26:06.248,10.5500,100
44766248199900,12:26:06.248,10.5500,100
44766248199900,12:26:06.248,10.5500,100
44766248199900,12:26:06.248,10.5500,100
44766248199900,12:26:06.248,10.5500,400
44770757633829,12:26:10.757,10.5500,100
44770757633829,12:26:10.757,10.5500,100
44776767412801,12:26:16.767,10.5450,45
44789929542749,12:26:29.929,10.5400,100
44789930193048,12:26:29.930,10.5400,100
44789930193048,12:26:29.930,10.5400,400
44877111314030,12:27:57.111,10.5300,100
44908165556245,12:28:28.165,10.5400,55
45139131459128,12:32:19.131,10.5300,100
45220720014418,12:33:40.720,10.5350,300
45245494100293,12:34:05.494,10.5350,100
45245494100293,12:34:05.494,10.5400,45
45245494100293,12:34:05.494,10.5400,100
45245494100293,12:34:05.494,10.5400,100
45245494100293,12:34:05.494,10.5400,100
45245494100293,12:34:05.494,10.5400,200
45245494100293,12:34:05.494,10.5400,100
45245494100293,12:34:05.494,10.5400,12
45245494100293,12:34:05.494,10.5400,500
45245494100293,12:34:05.494,10.5400,100
45245494100293,12:34:05.494,10.5400,43
45245494351410,12:34:05.494,10.5400,100
45245499871539,12:34:05.499,10.5500,100
45245499871539,12:34:05.499,10.5500,100
45245499871539,12:34:05.499,10.5500,100
45245499871539,12:34:05.499,10.5500,100
45245499871539,12:34:05.499,10.5500,100
45245499871539,12:34:05.499,10.5500,100
45245499871539,12:34:05.499,10.5500,100
45245499871539,12:34:05.499,10.5500,55
45245499871539,12:34:05.499,10.5500,100
45245506750413,12:34:05.506,10.5500,72
45245506750413,12:34:05.506,10.5500,100
45245553524946,12:34:05.553,10.5500,100
45245553524946,12:34:05.553,10.5500,100
45245553524946,12:34:05.553,10.5500,100
45245553524946,12:34:05.553,10.5500,100
45245553524946,12:34:05.553,10.5500,100
45246495910415,12:34:06.495,10.5600,100
45250089874796,12:34:10.089,10.5600,100
45250089874796,12:34:10.089,10.5600,30
45250089874796,12:34:10.089,10.5600,70
45250089916553,12:34:10.089,10.5600,30
45304100019119,12:35:04.100,10.5550,162
45325493530984,12:35:25.493,10.5600,100
45325493530984,12:35:25.493,10.5600,100
45325493530984,12:35:25.493,10.5600,200
45339178331661,12:35:39.178,10.5700,100
45390940753941,12:36:30.940,10.5700,100
45390940753941,12:36:30.940,10.5700,500
45390940753941,12:36:30.940,10.5700,200
45474370709170,12:37:54.370,10.5600,100
45474625378537,12:37:54.625,10.5500,100
45474625378537,12:37:54.625,10.5500,100
45474625378537,12:37:54.625,10.5500,200
45569208147140,12:39:29.208,10.5450,59
45693127992627,12:41:33.127,10.5400,500
45693127992627,12:41:33.127,10.5400,100
45693127992627,12:41:33.127,10.5400,100
45752552295132,12:42:32.552,10.5400,495
45752552295132,12:42:32.552,10.5400,100
45752552295132,12:42:32.552,10.5400,100
45752552295132,12:42:32.552,10.5400,100
45752552295132,12:42:32.552,10.5400,100
45752552295132,12:42:32.552,10.5400,300
45752552295132,12:42:32.552,10.5400,5
45752552332312,12:42:32.552,10.5400,22
45752552503827,12:42:32.552,10.5400,73
45762061881647,12:42:42.061,10.5450,100
45762061881647,12:42:42.061,10.5400,100
45774195024306,12:42:54.195,10.5500,100
45774195603504,12:42:54.195,10.5500,100
45796908555810,12:43:16.908,10.5500,100
45827944487410,12:43:47.944,10.5500,200
45827945173401,12:43:47.945,10.5500,700
45827945173401,12:43:47.945,10.5500,100
45827945173401,12:43:47.945,10.5500,100
45827945173401,12:43:47.945,10.5500,100
45883003921662,12:44:43.003,10.5400,100
45883003921662,12:44:43.003,10.5400,200
45883003921662,12:44:43.003,10.5400,100
45884756916973,12:44:44.756,10.5400,100
45884756916973,12:44:44.756,10.5400,100
45887422656571,12:44:47.422,10.5400,100
45887422656571,12:44:47.422,10.5400,100
45887422656571,12:44:47.422,10.5400,100
45887422656571,12:44:47.422,10.5400,100
45887422656571,12:44:47.422,10.5400,100
45887675366755,12:44:47.675,10.5400,100
45887675366755,12:44:47.675,10.5400,200
45905249020764,12:45:05.249,10.5400,100
45905249020764,12:45:05.249,10.5400,100
45918309758514,12:45:18.309,10.5400,100
45918309758514,12:45:18.309,10.5400,100
46016631678179,12:46:56.631,10.5400,100
46066921819182,12:47:46.921,10.5400,100
46066922305117,12:47:46.922,10.5400,100
46066922305117,12:47:46.922,10.5400,100
46066922305117,12:47:46.922,10.5400,100
46066922305117,12:47:46.922,10.5400,12
46087290559356,12:48:07.290,10.5300,100
46087290559356,12:48:07.290,10.5300,100
46168650040405,12:49:28.650,10.5350,400
46183785600532,12:49:43.785,10.5300,200
46183785600532,12:49:43.785,10.5300,100
46183786654211,12:49:43.786,10.5300,400
46183786654211,12:49:43.786,10.5300,100
46183786654211,12:49:43.786,10.5300,100
46183786654211,12:49:43.786,10.5300,100
46183786654211,12:49:43.786,10.5300,20
46189707439480,12:49:49.707,10.5300,100
46189707439480,12:49:49.707,10.5300,100
46189724405410,12:49:49.724,10.5350,800
46189724405410,12:49:49.724,10.5400,100
46189724405410,12:49:49.724,10.5400,100
46189724405410,12:49:49.724,10.5400,100
46189724405410,12:49:49.724,10.5400,100
46189724405410,12:49:49.724,10.5400,100
46189724405410,12:49:49.724,10.5400,100
46189724405410,12:49:49.724,10.5400,100
46189741996773,12:49:49.741,10.5400,200
46189741996773,12:49:49.741,10.5400,100
46189741996773,12:49:49.741,10.5400,200
46189756362596,12:49:49.756,10.5300,67
46190739544692,12:49:50.739,10.5300,100
46190739568761,12:49:50.739,10.5300,100
46306928623095,12:51:46.928,10.5200,100
46306928623095,12:51:46.928,10.5200,100
46306928623095,12:51:46.928,10.5200,100
46419790861618,12:53:39.790,10.5200,100
46419790861618,12:53:39.790,10.5200,100
46419790861618,12:53:39.790,10.5200,100
46419791542911,12:53:39.791,10.5200,500
46502625135633,12:55:02.625,10.5100,100
46525111578296,12:55:25.111,10.5200,100
46525111578296,12:55:25.111,10.5200,101
46525111578296,12:55:25.111,10.5200,100
46525111578296,12:55:25.111,10.5200,100
46543837924734,12:55:43.837,10.5200,100
46543837924734,12:55:43.837,10.5200,100
46543837924734,12:55:43.837,10.5200,100
46543837924734,12:55:43.837,10.5200,100
46543837924734,12:55:43.837,10.5200,100
46543837924734,12:55:43.837,10.5200,100
46543838670488,12:55:43.838,10.5200,100
46546278204835,12:55:46.278,10.5200,100
46546303608799,12:55:46.303,10.5200,100
46546304273200,12:55:46.304,10.5200,100
46546309115808,12:55:46.309,10.5200,300
46546309115808,12:55:46.309,10.5200,100
46546309115808,12:55:46.309,10.5200,200
46546309115808,12:55:46.309,10.5200,100
46550738473869,12:55:50.738,10.5100,200
46550738473869,12:55:50.738,10.5100,100
46550738473869,12:55:50.738,10.5100,100
46550738473869,12:55:50.738,10.5100,100
46550738473869,12:55:50.738,10.5100,100
46558707983394,12:55:58.707,10.5100,400
46560484443541,12:56:00.484,10.5200,100
46560484443541,12:56:00.484,10.5200,100
46560484443541,12:56:00.484,10.5200,100
46560484874090,12:56:00.484,10.5200,300
46560484874090,12:56:00.484,10.5200,100
46560484874090,12:56:00.484,10.5200,100
46560484874090,12:56:00.484,10.5200,100
46560484874090,12:56:00.484,10.5200,300
46560484874090,12:56:00.484,10.5200,200
46580074678446,12:56:20.074,10.5100,100
46580074678446,12:56:20.074,10.5100,100
46580074678446,12:56:20.074,10.5100,100
46580075029909,12:56:20.075,10.5100,100
46580075029909,12:56:20.075,10.5100,100
46580075199760,12:56:20.075,10.5100,200
46617815362409,12:56:57.815,10.5100,100
46617815362409,12:56:57.815,10.5100,100
46618349321746,12:56:58.349,10.5100,100
46624561345650,12:57:04.561,10.5100,100
46624561345650,12:57:04.561,10.5100,500
46624562775551,12:57:04.562,10.5000,100
46624562775551,12:57:04.562,10.5000,100
46624562775551,12:57:04.562,10.5000,100
46624562775551,12:57:04.562,10.5000,100
46624562775551,12:57:04.562,10.5000,100
46624562775551,12:57:04.562,10.5000,100
46624562775551,12:57:04.562,10.5000,300
46624562783158,12:57:04.562,10.5000,100
46624562790931,12:57:04.562,10.5000,100
46625446743177,12:57:05.446,10.5000,100
46625565042391,12:57:05.565,10.5000,1000
46625565042391,12:57:05.565,10.5000,100
46625565042391,12:57:05.565,10.5000,100
46635268610764,12:57:15.268,10.5000,100
46636179556634,12:57:16.179,10.5000,100
46656863746452,12:57:36.863,10.4900,100
46656863746452,12:57:36.863,10.4900,100
46656863746452,12:57:36.863,10.4900,100
46656863746452,12:57:36.863,10.4900,100
46695496878801,12:58:15.496,10.4900,100
46695496878801,12:58:15.496,10.4900,100
46695496878801,12:58:15.496,10.4900,100
46695497340611,12:58:15.497,10.4900,100
46695848207655,12:58:15.848,10.4900,100
46706372241080,12:58:26.372,10.4850,100
46706372241080,12:58:26.372,10.4800,100
46706372241080,12:58:26.372,10.4800,100
46706372241080,12:58:26.372,10.4800,100
46706372241080,12:58:26.372,10.4800,100
46706372241080,12:58:26.372,10.4800,100
46706372255816,12:58:26.372,10.4800,100
46706372255816,12:58:26.372,10.4800,100
46706372412677,12:58:26.372,10.4800,100
46706372494671,12:58:26.372,10.4800,100
46706372494671,12:58:26.372,10.4800,373
46706372527155,12:58:26.372,10.4800,100
46706620951477,12:58:26.620,10.4800,200
46706620951477,12:58:26.620,10.4800,100
46706773093813,12:58:26.773,10.4800,100
46710173370891,12:58:30.173,10.4700,100
46710173370891,12:58:30.173,10.4700,100
46710173370891,12:58:30.173,10.4700,100
46710173370891,12:58:30.173,10.4700,100
46710173370891,12:58:30.173,10.4700,100
46710173563082,12:58:30.173,10.4700,100
46710173563082,12:58:30.173,10.4700,100
46710173563082,12:58:30.173,10.4700,100
46715957019418,12:58:35.957,10.4650,100
46741491924983,12:59:01.491,10.4600,100
46782308808150,12:59:42.308,10.4600,100
46782308808150,12:59:42.308,10.4600,100
46782308808150,12:59:42.308,10.4600,100
46782309327172,12:59:42.309,10.4600,100
46782309327172,12:59:42.309,10.4600,100
46782309327172,12:59:42.309,10.4600,40
46782309327172,12:59:42.309,10.4600,100
46782309327172,12:59:42.309,10.4600,100
46782309327172,12:59:42.309,10.4600,100
46782309327172,12:59:42.309,10.4600,200
46782309327172,12:59:42.309,10.4600,100
46782314948521,12:59:42.314,10.4600,200
46782314948521,12:59:42.314,10.4600,100
46784738734021,12:59:44.738,10.4600,100
46784744760228,12:59:44.744,10.4600,100
46792571312229,12:59:52.571,10.4700,100
46792571312229,12:59:52.571,10.4700,200
46792571312229,12:59:52.571,10.4700,100
46844320012278,13:00:44.320,10.4700,100
46844320012278,13:00:44.320,10.4700,300
46844320107404,13:00:44.320,10.4700,100
46844320107404,13:00:44.320,10.4700,100
46844320107404,13:00:44.320,10.4700,100
46849736819687,13:00:49.736,10.4600,100
46849736819687,13:00:49.736,10.4600,14
46866449865788,13:01:06.449,10.4500,100
46907321383773,13:01:47.321,10.4500,100
46907321383773,13:01:47.321,10.4500,100
46907321383773,13:01:47.321,10.4500,100
46907321383773,13:01:47.321,10.4500,100
46907321383773,13:01:47.321,10.4500,200
47024775577749,13:03:44.775,10.4500,300
47024775577749,13:03:44.775,10.4500,100
47024775577749,13:03:44.775,10.4500,100
47024775577749,13:03:44.775,10.4500,100
47024782914941,13:03:44.782,10.4500,100
47024782914941,13:03:44.782,10.4500,100
47024782914941,13:03:44.782,10.4500,100
47101003413228,13:05:01.003,10.4500,100
47101003413228,13:05:01.003,10.4500,89
47101003413228,13:05:01.003,10.4500,400
47101003413228,13:05:01.003,10.4500,100
47101003413228,13:05:01.003,10.4500,100
47101003413228,13:05:01.003,10.4500,111
47101003532836,13:05:01.003,10.4500,89
47101003609528,13:05:01.003,10.4500,22
47101004622408,13:05:01.004,10.4500,100
47126031586389,13:05:26.031,10.4600,100
47126031586389,13:05:26.031,10.4600,300
47126031586389,13:05:26.031,10.4600,200
47126031586389,13:05:26.031,10.4600,100
47126031745188,13:05:26.031,10.4600,100
47188559150444,13:06:28.559,10.4700,100
47188559150444,13:06:28.559,10.4700,200
47188735490834,13:06:28.735,10.4700,100
47256712697263,13:07:36.712,10.4700,100
47267086980543,13:07:47.086,10.4700,100
47278180798478,13:07:58.180,10.4700,55
47442935233821,13:10:42.935,10.4700,45
47442935233821,13:10:42.935,10.4700,55
47471555741761,13:11:11.555,10.4700,45
47471555741761,13:11:11.555,10.4700,300
47471555741761,13:11:11.555,10.4700,100
47471555741761,13:11:11.555,10.4700,100
47471555741761,13:11:11.555,10.4700,55
47471555885098,13:11:11.555,10.4700,45
47569501188657,13:12:49.501,10.4800,100
47571556140214,13:12:51.556,10.4800,200
47571556140214,13:12:51.556,10.4800,100
47571556246226,13:12:51.556,10.4800,100
47573100034857,13:12:53.100,10.4850,100
47573100035475,13:12:53.100,10.4850,300
47639319262291,13:13:59.319,10.4900,100
47639319262291,13:13:59.319,10.4900,200
47639366049261,13:13:59.366,10.4900,100
47742798282019,13:15:42.798,10.4950,92
47803420045681,13:16:43.420,10.4900,100
47803420045681,13:16:43.420,10.4900,100
47803420045681,13:16:43.420,10.4900,100
47803420045681,13:16:43.420,10.4900,200
47803420045681,13:16:43.420,10.4900,200
47803420045681,13:16:43.420,10.4900,100
47803420045681,13:16:43.420,10.4900,100
47803556776783,13:16:43.556,10.4900,100
47803556776783,13:16:43.556,10.4900,100
47803556776783,13:16:43.556,10.4900,400
47806555338781,13:16:46.555,10.5000,100
47806555338781,13:16:46.555,10.5000,100
47806555338781,13:16:46.555,10.5000,100
47806557589067,13:16:46.557,10.5000,43
47806557589067,13:16:46.557,10.5000,100
47806557589067,13:16:46.557,10.5000,157
47806579569159,13:16:46.579,10.5000,100
47806580220943,13:16:46.580,10.5000,100
47808485008295,13:16:48.485,10.5000,100
47808488072910,13:16:48.488,10.5000,300
47808488072910,13:16:48.488,10.5000,100
47808488072910,13:16:48.488,10.5000,243
47808488072910,13:16:48.488,10.5000,100
47808488072910,13:16:48.488,10.5000,39
47808488072910,13:16:48.488,10.5000,100
47808488072910,13:16:48.488,10.5000,100
47808569349665,13:16:48.569,10.5000,37
47906845528775,13:18:26.845,10.5000,54
47906845555436,13:18:26.845,10.5000,46
47906845555436,13:18:26.845,10.5000,100
47906845555436,13:18:26.845,10.5000,100
47906845555436,13:18:26.845,10.5000,200
47906847492539,13:18:26.847,10.5000,500
47906847492539,13:18:26.847,10.5000,100
47906847492539,13:18:26.847,10.5000,100
47906847492539,13:18:26.847,10.5000,36
47906847492539,13:18:26.847,10.5000,100
47906847492539,13:18:26.847,10.5000,100
47906847492539,13:18:26.847,10.5000,70
47906847610652,13:18:26.847,10.5000,100
47906847610652,13:18:26.847,10.5000,100
47906848363542,13:18:26.848,10.5000,36
47923987632338,13:18:43.987,10.5000,100
47981556298579,13:19:41.556,10.5000,100
47981556298579,13:19:41.556,10.5000,36
47981556298579,13:19:41.556,10.5000,100
47982669895863,13:19:42.669,10.5000,100
47982669895863,13:19:42.669,10.5000,100
47982669895863,13:19:42.669,10.5000,100
47982669895863,13:19:42.669,10.5000,100
47982669895863,13:19:42.669,10.5000,100
47982670062637,13:19:42.670,10.5000,100
47982670062637,13:19:42.670,10.5000,100
47982670062637,13:19:42.670,10.5000,36
48181553719109,13:23:01.553,10.4900,100
48181553719109,13:23:01.553,10.4900,100
48181553719109,13:23:01.553,10.4900,146
48181563026865,13:23:01.563,10.4900,300
48291847492265,13:24:51.847,10.4800,100
48291847492265,13:24:51.847,10.4800,100
48291847492265,13:24:51.847,10.4800,100
48291847492265,13:24:51.847,10.4800,100
48291847492265,13:24:51.847,10.4800,100
48300511972254,13:25:00.511,10.4800,100
48300511972254,13:25:00.511,10.4800,100
48327556509028,13:25:27.556,10.4900,100
48327556509028,13:25:27.556,10.4900,100
48327556509028,13:25:27.556,10.4900,100
48420557839707,13:27:00.557,10.5000,100
48420557839707,13:27:00.557,10.5000,100
48420557839707,13:27:00.557,10.5000,100
48420557839707,13:27:00.557,10.5000,100
48425555638459,13:27:05.555,10.5000,300
48511226508847,13:28:31.226,10.4950,54
48676676016016,13:31:16.676,10.4950,600
48811297369562,13:33:31.297,10.5000,100
48811297369562,13:33:31.297,10.5000,100
48811297369562,13:33:31.297,10.5000,100
48812366827451,13:33:32.366,10.5000,100
48812366827451,13:33:32.366,10.5000,1600
48812366827451,13:33:32.366,10.5000,100
48812367043769,13:33:32.367,10.5000,100
49081305255400,13:38:01.305,10.5000,55
49121868015901,13:38:41.868,10.4950,700
49405553583953,13:43:25.553,10.4950,100
49469228986937,13:44:29.228,10.4950,400
49595936954531,13:46:35.936,10.5000,1545
49595936954531,13:46:35.936,10.5000,400
49595936954531,13:46:35.936,10.5000,100
49595936954531,13:46:35.936,10.5000,100
49595936954531,13:46:35.936,10.5000,100
49595936954531,13:46:35.936,10.5000,100
49595936954531,13:46:35.936,10.5000,100
49595936954531,13:46:35.936,10.5000,100
49595936954531,13:46:35.936,10.5000,100
49595936954531,13:46:35.936,10.5000,155
49595937015777,13:46:35.937,10.5000,45
49611441493223,13:46:51.441,10.4900,32
49704724361008,13:48:24.724,10.5000,54
49817978435143,13:50:17.978,10.5000,809
49824613312111,13:50:24.613,10.5000,400
49830647991181,13:50:30.647,10.5000,337
49830647991181,13:50:30.647,10.5000,63
49830648019560,13:50:30.648,10.5000,637
49830648019560,13:50:30.648,10.5000,200
49830648019560,13:50:30.648,10.5000,100
49830648019560,13:50:30.648,10.5000,300
49830648102644,13:50:30.648,10.5000,1000
49830648102644,13:50:30.648,10.5000,100
49830660247813,13:50:30.660,10.5100,100
49830660247813,13:50:30.660,10.5100,100
49830721288369,13:50:30.721,10.5100,50
49846874770116,13:50:46.874,10.5200,100
49871248222210,13:51:11.248,10.5300,100
49889249038824,13:51:29.249,10.5400,100
49889249742969,13:51:29.249,10.5400,100
49919121195238,13:51:59.121,10.5500,100
49990556246766,13:53:10.556,10.5700,100
49990556246766,13:53:10.556,10.5700,200
49990556246766,13:53:10.556,10.5700,100
50125832891239,13:55:25.832,10.5900,100
50156857009367,13:55:56.857,10.5850,600
50157493641093,13:55:57.493,10.5800,100
50157493641093,13:55:57.493,10.5800,395
50157493671413,13:55:57.493,10.5800,1205
50157493671413,13:55:57.493,10.5800,1
50157493671413,13:55:57.493,10.5800,100
50157493671413,13:55:57.493,10.5800,100
50157493671413,13:55:57.493,10.5800,100
50157493671413,13:55:57.493,10.5800,100
50157493671413,13:55:57.493,10.5800,100
50157493671413,13:55:57.493,10.5800,100
50157493671413,13:55:57.493,10.5800,100
50157493681446,13:55:57.493,10.5800,100
50157495466527,13:55:57.495,10.5700,200
50157495466527,13:55:57.495,10.5700,100
50157496299793,13:55:57.496,10.5700,100
50157496707250,13:55:57.496,10.5700,100
50157574176659,13:55:57.574,10.5700,100
50157574176659,13:55:57.574,10.5700,100
50280801150784,13:58:00.801,10.5700,23
50289939830373,13:58:09.939,10.5750,55
50295958026403,13:58:15.958,10.5750,600
50310519792576,13:58:30.519,10.5700,77
50310519792576,13:58:30.519,10.5700,200
50402714456023,14:00:02.714,10.5700,100
50402714456023,14:00:02.714,10.5700,200
50402714456023,14:00:02.714,10.5700,100
50409004109717,14:00:09.004,10.5800,91
50409004136010,14:00:09.004,10.5800,9
50409004136010,14:00:09.004,10.5800,100
50409004136010,14:00:09.004,10.5800,100
50423859649389,14:00:23.859,10.5900,400
50446521074132,14:00:46.521,10.5700,100
50450150511381,14:00:50.150,10.5700,100
50470860414986,14:01:10.860,10.5700,50
50470860468048,14:01:10.860,10.5700,50
50535038790255,14:02:15.038,10.5700,200
50535038790255,14:02:15.038,10.5700,100
50535154220143,14:02:15.154,10.5600,50
50537829787373,14:02:17.829,10.5600,150
50560421529495,14:02:40.421,10.5600,200
50566574893705,14:02:46.574,10.5600,100
50566574930824,14:02:46.574,10.5600,293
50566574946463,14:02:46.574,10.5600,107
50566574946463,14:02:46.574,10.5600,100
50608824640623,14:03:28.824,10.5900,21
50608824651969,14:03:28.824,10.5900,79
50609380001473,14:03:29.380,10.5950,100
50652622963753,14:04:12.622,10.6000,50
50652623312185,14:04:12.623,10.6000,50
50652623312185,14:04:12.623,10.6000,100
50652625874708,14:04:12.625,10.6000,100
50652626389092,14:04:12.626,10.6000,55
50652627346839,14:04:12.627,10.6000,45
50652627346839,14:04:12.627,10.6000,100
50652628386696,14:04:12.628,10.6000,100
50652737506434,14:04:12.737,10.6000,31
50686807127984,14:04:46.807,10.6100,200
50713376209260,14:05:13.376,10.6100,100
50713376209260,14:05:13.376,10.6100,2
50713376209260,14:05:13.376,10.6100,400
50713376209260,14:05:13.376,10.6100,100
50725451065742,14:05:25.451,10.6000,100
50725451065742,14:05:25.451,10.6000,100
50725451108684,14:05:25.451,10.6000,100
50725451108684,14:05:25.451,10.6000,100
50736032741248,14:05:36.032,10.5900,100
50736032862263,14:05:36.032,10.5900,100
50736032878675,14:05:36.032,10.5900,100
50736652233881,14:05:36.652,10.5800,200
50743012028637,14:05:43.012,10.5900,100
50743012028637,14:05:43.012,10.5900,100
50756025176749,14:05:56.025,10.5900,300
50757723587448,14:05:57.723,10.5900,100
50826053493971,14:07:06.053,10.6000,100
50826053493971,14:07:06.053,10.6000,200
50826053865541,14:07:06.053,10.6000,100
50826053916126,14:07:06.053,10.6000,100
50826055361807,14:07:06.055,10.6000,100
50826055852983,14:07:06.055,10.5900,100
50879731849202,14:07:59.731,10.6000,54
50926556732324,14:08:46.556,10.5950,100
50926556732324,14:08:46.556,10.6000,46
50926556732324,14:08:46.556,10.6000,100
50926556732324,14:08:46.556,10.6000,100
50926556798856,14:08:46.556,10.6000,40
50931556031732,14:08:51.556,10.6000,60
50931557795192,14:08:51.557,10.6000,100
50990636921717,14:09:50.636,10.5900,100
50990636921717,14:09:50.636,10.5900,100
50990636921717,14:09:50.636,10.5900,1
50990636921717,14:09:50.636,10.5900,30
50990646850464,14:09:50.646,10.5800,100
51025716163678,14:10:25.716,10.5750,300
51025716163678,14:10:25.716,10.5700,30
51025716555021,14:10:25.716,10.5700,170
51025716555021,14:10:25.716,10.5700,30
51025716555021,14:10:25.716,10.5700,100
51025720499256,14:10:25.720,10.5600,100
51025772313565,14:10:25.772,10.5600,100
51025772313565,14:10:25.772,10.5600,200
51025772313565,14:10:25.772,10.5600,30
51025785740137,14:10:25.785,10.5600,20
51041668343847,14:10:41.668,10.5600,100
51041668343847,14:10:41.668,10.5600,500
51041668380926,14:10:41.668,10.5600,35
51064632089741,14:11:04.632,10.5700,100
51090320891419,14:11:30.320,10.5900,10
51090320891419,14:11:30.320,10.5900,100
51154122410805,14:12:34.122,10.6000,100
51190767825692,14:13:10.767,10.6400,100
51190767825692,14:13:10.767,10.6400,100
51190772689656,14:13:10.772,10.6400,60
51193826631012,14:13:13.826,10.6400,20
51193826631012,14:13:13.826,10.6400,300
51212678962157,14:13:32.678,10.6300,100
51212678962157,14:13:32.678,10.6300,200
51212678962157,14:13:32.678,10.6300,100
51212678962157,14:13:32.678,10.6300,20
51212678962157,14:13:32.678,10.6300,100
51215872811873,14:13:35.872,10.6300,37
51215872889118,14:13:35.872,10.6300,63
51215872889118,14:13:35.872,10.6300,60
51215872889118,14:13:35.872,10.6300,100
51226323167431,14:13:46.323,10.6300,20
51226323167431,14:13:46.323,10.6300,300
51226823287807,14:13:46.823,10.6300,20
51277047178402,14:14:37.047,10.6200,100
51277047208160,14:14:37.047,10.6200,100
51277047208160,14:14:37.047,10.6200,100
51277047208160,14:14:37.047,10.6200,100
51277047208160,14:14:37.047,10.6200,10
51300164047140,14:15:00.164,10.6100,100
51300164047140,14:15:00.164,10.6100,10
51300164047140,14:15:00.164,10.6100,100
51300297081774,14:15:00.297,10.6000,100
51300466453474,14:15:00.466,10.6000,500
51300466453474,14:15:00.466,10.6000,10
51305283092295,14:15:05.283,10.5950,20
51312455445976,14:15:12.455,10.6000,100
51314061290211,14:15:14.061,10.6000,100
51314061290211,14:15:14.061,10.6000,80
51371516168615,14:16:11.516,10.6000,100
51371516182695,14:16:11.516,10.6000,100
51371516253593,14:16:11.516,10.6000,300
51371516253593,14:16:11.516,10.6000,10
51371516253593,14:16:11.516,10.6000,100
51371516253593,14:16:11.516,10.6000,100
51372762251623,14:16:12.762,10.5950,100
51388138076300,14:16:28.138,10.6000,200
51388138076300,14:16:28.138,10.6000,100
51388138076300,14:16:28.138,10.6000,100
51388138116875,14:16:28.138,10.6000,100
51423083543885,14:17:03.083,10.6000,100
51423083543885,14:17:03.083,10.6000,100
51423083543885,14:17:03.083,10.6000,61
51423083546161,14:17:03.083,10.6000,39
51490573682925,14:18:10.573,10.6000,55
51546472142987,14:19:06.472,10.6000,45
51546472142987,14:19:06.472,10.6000,47
51546472171864,14:19:06.472,10.6000,53
51546472171864,14:19:06.472,10.6000,100
51654695739620,14:20:54.695,10.6100,100
51654695739620,14:20:54.695,10.6100,50
51654695788740,14:20:54.695,10.6100,50
51655814311294,14:20:55.814,10.6050,100
51750380401821,14:22:30.380,10.6000,100
51750380401821,14:22:30.380,10.6000,100
51750380401821,14:22:30.380,10.6000,100
51750380401821,14:22:30.380,10.6000,300
51750380401821,14:22:30.380,10.6000,169
51753991142467,14:22:33.991,10.5900,100
51753991142467,14:22:33.991,10.5900,80
51753991197580,14:22:33.991,10.5900,120
51753991197580,14:22:33.991,10.5900,100
51760965604814,14:22:40.965,10.5900,100
51760966231150,14:22:40.966,10.5900,100
51760966231150,14:22:40.966,10.5900,100
51760966231150,14:22:40.966,10.5900,100
51760966272312,14:22:40.966,10.5900,100
51760966316930,14:22:40.966,10.5900,100
51771561310131,14:22:51.561,10.5900,300
51853818124977,14:24:13.818,10.5900,100
51853818124977,14:24:13.818,10.5900,100
51853818124977,14:24:13.818,10.5900,100
51853818124977,14:24:13.818,10.5900,300
51853818124977,14:24:13.818,10.5900,100
51917035330179,14:25:17.035,10.5900,100
51917035507288,14:25:17.035,10.5900,100
51917035584658,14:25:17.035,10.5900,100
52049984249831,14:27:29.984,10.5800,100
52049984249831,14:27:29.984,10.5800,100
52049984249831,14:27:29.984,10.5800,100
52049984249831,14:27:29.984,10.5800,100
52049984249831,14:27:29.984,10.5800,100
52049984249831,14:27:29.984,10.5800,100
52049984249831,14:27:29.984,10.5800,100
52049984249831,14:27:29.984,10.5800,100
52049984249831,14:27:29.984,10.5800,100
52050002477459,14:27:30.002,10.5700,100
52050002477459,14:27:30.002,10.5700,200
52050002477459,14:27:30.002,10.5700,100
52286555545796,14:31:26.555,10.5700,67
52286565907624,14:31:26.565,10.5700,33
52286565907624,14:31:26.565,10.5700,100
52286565907624,14:31:26.565,10.5700,100
52286565907624,14:31:26.565,10.5700,400
52286565907624,14:31:26.565,10.5700,100
52286565907624,14:31:26.565,10.5700,100
52286565907624,14:31:26.565,10.5700,100
52286565907624,14:31:26.565,10.5700,100
52295972836377,14:31:35.972,10.5800,200
52298555933885,14:31:38.555,10.5800,100
52298555933885,14:31:38.555,10.5800,200
52298555933885,14:31:38.555,10.5800,200
52316515167616,14:31:56.515,10.5850,85
52322555865944,14:32:02.555,10.5900,100
52322555865944,14:32:02.555,10.5900,100
52322555865944,14:32:02.555,10.5900,100
52338522447376,14:32:18.522,10.6000,100
52338522447376,14:32:18.522,10.6000,100
52359553888538,14:32:39.553,10.5900,100
52359553888538,14:32:39.553,10.5900,300
52359553888538,14:32:39.553,10.5900,100
52359553888538,14:32:39.553,10.5900,100
52359570352548,14:32:39.570,10.5800,100
52359570677343,14:32:39.570,10.5800,100
52565557766912,14:36:05.557,10.5700,100
52565557766912,14:36:05.557,10.5700,100
52565557766912,14:36:05.557,10.5700,10
52565557766912,14:36:05.557,10.5700,200
52565557766912,14:36:05.557,10.5700,100
52565557766912,14:36:05.557,10.5700,100
52579084444273,14:36:19.084,10.5700,400
52579085099088,14:36:19.085,10.5700,174
52579085099088,14:36:19.085,10.5700,26
52579085099088,14:36:19.085,10.5700,100
52579187495243,14:36:19.187,10.5700,100
52579188329671,14:36:19.188,10.5700,100
52579188361102,14:36:19.188,10.5700,100
52579188361102,14:36:19.188,10.5700,100
52632123582548,14:37:12.123,10.5600,100
52632123582548,14:37:12.123,10.5600,100
52632123582548,14:37:12.123,10.5600,100
52632124120895,14:37:12.124,10.5600,100
52646684280850,14:37:26.684,10.5600,100
52646684280850,14:37:26.684,10.5600,400
52646684280850,14:37:26.684,10.5600,100
52646684401007,14:37:26.684,10.5600,100
52668990802535,14:37:48.990,10.5700,100
52668990923467,14:37:48.990,10.5700,100
52698495953658,14:38:18.495,10.5800,55
52721707927299,14:38:41.707,10.5800,100
52743112340605,14:39:03.112,10.5900,100
52743112340605,14:39:03.112,10.5900,100
52743112340605,14:39:03.112,10.5900,10
52743112340605,14:39:03.112,10.5900,100
52743112340605,14:39:03.112,10.5900,100
52743112340605,14:39:03.112,10.5900,20
52744514472141,14:39:04.514,10.5850,10
52747244622372,14:39:07.244,10.5850,10
52747246580624,14:39:07.246,10.5850,10
52750830491425,14:39:10.830,10.5850,100
52768715778295,14:39:28.715,10.5800,100
52768715778295,14:39:28.715,10.5800,100
52768715778295,14:39:28.715,10.5800,10
52768715778295,14:39:28.715,10.5800,100
52785610356125,14:39:45.610,10.5800,100
52791344969312,14:39:51.344,10.5800,1
52801136821612,14:40:01.136,10.5800,190
52801136859439,14:40:01.136,10.5800,71
52875555557470,14:41:15.555,10.5800,100
52875555557470,14:41:15.555,10.5800,100
52875555776471,14:41:15.555,10.5800,100
52875555838451,14:41:15.555,10.5800,100
53082942873695,14:44:42.942,10.6000,100
53143829949719,14:45:43.829,10.6000,100
53143829949719,14:45:43.829,10.6000,100
53143829949719,14:45:43.829,10.6000,100
53143829949719,14:45:43.829,10.6000,100
53143829949719,14:45:43.829,10.6000,100
53143829949719,14:45:43.829,10.6000,600
53143829988373,14:45:43.829,10.6000,200
53143829988373,14:45:43.829,10.6000,100
53143829988373,14:45:43.829,10.6000,100
53157849847463,14:45:57.849,10.6000,81
53161609156600,14:46:01.609,10.6000,200
53192796826807,14:46:32.796,10.6000,100
53192796826807,14:46:32.796,10.6000,100
53192796826807,14:46:32.796,10.6000,100
53192796826807,14:46:32.796,10.6000,100
53192796826807,14:46:32.796,10.6000,49
53192797265246,14:46:32.797,10.6000,51
53192797265246,14:46:32.797,10.6000,200
53216220401351,14:46:56.220,10.6000,100
53216220401351,14:46:56.220,10.6000,100
53216221523591,14:46:56.221,10.6000,100
53216221523591,14:46:56.221,10.6000,100
53216221523591,14:46:56.221,10.6000,100
53241042581438,14:47:21.042,10.6000,100
53241042581438,14:47:21.042,10.6000,100
53241042581438,14:47:21.042,10.6000,10
53241042581438,14:47:21.042,10.6000,90
53241042630756,14:47:21.042,10.6000,310
53241042630756,14:47:21.042,10.6000,300
53241042630756,14:47:21.042,10.6000,100
53305118636705,14:48:25.118,10.6000,54
53511556314104,14:51:51.556,10.6000,46
53511556314104,14:51:51.556,10.6000,100
53511556314104,14:51:51.556,10.6000,100
53511556314104,14:51:51.556,10.6000,100
53511556314104,14:51:51.556,10.6000,100
53511556456201,14:51:51.556,10.6000,100
53526700244556,14:52:06.700,10.6100,100
53526700244556,14:52:06.700,10.6100,1300
53526700273172,14:52:06.700,10.6100,6300
53526700273172,14:52:06.700,10.6100,100
53526718922625,14:52:06.718,10.6150,48
53527990018323,14:52:07.990,10.6200,100
53527990018323,14:52:07.990,10.6200,100
53527990018323,14:52:07.990,10.6200,100
53528003087882,14:52:08.003,10.6300,100
53528003087882,14:52:08.003,10.6300,100
53528003087882,14:52:08.003,10.6300,100
53528003230466,14:52:08.003,10.6300,100
53528003230466,14:52:08.003,10.6300,100
53528004349412,14:52:08.004,10.6300,400
53528004349412,14:52:08.004,10.6300,100
53528004349412,14:52:08.004,10.6300,100
53528004349412,14:52:08.004,10.6300,200
53528004349412,14:52:08.004,10.6300,100
53528004349412,14:52:08.004,10.6300,100
53528004349412,14:52:08.004,10.6300,100
53528004349412,14:52:08.004,10.6300,100
53528004349412,14:52:08.004,10.6300,100
53528004349412,14:52:08.004,10.6300,100
53528004349412,14:52:08.004,10.6200,100
53528022795392,14:52:08.022,10.6200,100
53528022795392,14:52:08.022,10.6200,200
53528022795392,14:52:08.022,10.6200,100
53528151251175,14:52:08.151,10.6200,300
53537555256701,14:52:17.555,10.6200,100
53546060009471,14:52:26.060,10.6300,100
53555589620826,14:52:35.589,10.6400,100
53555589620826,14:52:35.589,10.6400,100
