timestamp,time,price,volume
34080149462892,09:28:00.149,2.2400,200
34200337432542,09:30:00.337,2.2400,799
34200337432542,09:30:00.337,2.2400,30
34200337432542,09:30:00.337,2.2400,14180
34296411065255,09:31:36.411,2.2100,100
35129804374605,09:45:29.804,2.2200,600
35129804502334,09:45:29.804,2.2200,300
35581383580421,09:53:01.383,2.2200,200
35581384752977,09:53:01.384,2.2200,300
35581384752977,09:53:01.384,2.2200,100
35583920516312,09:53:03.920,2.2100,100
35583920516312,09:53:03.920,2.2100,100
36233659256995,10:03:53.659,2.2100,100
36907329784557,10:15:07.329,2.2100,100
36907329784557,10:15:07.329,2.2100,500
36907329784557,10:15:07.329,2.2100,100
36907329784557,10:15:07.329,2.2100,200
36907329784557,10:15:07.329,2.2100,100
36908788934036,10:15:08.788,2.2100,100
36908788934036,10:15:08.788,2.2100,100
36908788934036,10:15:08.788,2.2100,100
36908788934036,10:15:08.788,2.2100,700
36909585164917,10:15:09.585,2.2100,100
37241114386041,10:20:41.114,2.2000,729
37241114552138,10:20:41.114,2.2000,471
37241114552138,10:20:41.114,2.2000,172
37249432471833,10:20:49.432,2.1900,100
37436915108108,10:23:56.915,2.1900,100
37436941792516,10:23:56.941,2.1900,600
37436941792516,10:23:56.941,2.1900,200
37436941792516,10:23:56.941,2.1900,200
37440024354772,10:24:00.024,2.1900,100
37460322201781,10:24:20.322,2.1900,100
37643769269680,10:27:23.769,2.1800,3
37643769269680,10:27:23.769,2.1800,2
37643769269680,10:27:23.769,2.1800,100
37643769269680,10:27:23.769,2.1800,95
37643769326499,10:27:23.769,2.1800,5
37645685797353,10:27:25.685,2.1800,100
37645685797353,10:27:25.685,2.1800,100
37645685797353,10:27:25.685,2.1800,200
37645689596454,10:27:25.689,2.1800,100
37645690685216,10:27:25.690,2.1800,200
37645690685216,10:27:25.690,2.1800,27
37648527519172,10:27:28.527,2.1800,100
38018778067763,10:33:38.778,2.1750,100
38018778067763,10:33:38.778,2.1800,100
38018778067763,10:33:38.778,2.1800,100
39350237682788,10:55:50.237,2.1800,50
39350246689734,10:55:50.246,2.1800,50
39350246689734,10:55:50.246,2.1800,100
39350246689734,10:55:50.246,2.1800,50
40354453312995,11:12:34.453,2.1900,100
42381412878803,11:46:21.412,2.2000,100
42381412878803,11:46:21.412,2.2000,100
42381412878803,11:46:21.412,2.2000,100
42381412878803,11:46:21.412,2.2000,200
42381412878803,11:46:21.412,2.2000,100
42782136341565,11:53:02.136,2.2100,300
42782136341565,11:53:02.136,2.2100,100
42782136341565,11:53:02.136,2.2100,100
42782136341565,11:53:02.136,2.2100,100
42782136341565,11:53:02.136,2.2100,100
42782136341565,11:53:02.136,2.2100,400
42782901098356,11:53:02.901,2.2150,200
42782901098356,11:53:02.901,2.2100,100
42782904605748,11:53:02.904,2.2100,100
42877641642728,11:54:37.641,2.2100,100
42877641642728,11:54:37.641,2.2100,200
42877641642728,11:54:37.641,2.2100,100
43230032789600,12:00:30.032,2.2000,100
45318261990253,12:35:18.261,2.1900,100
45551000705793,12:39:11.000,2.1900,100
45551000705793,12:39:11.000,2.1900,100
45551000705793,12:39:11.000,2.1900,100
45708772810138,12:41:48.772,2.1800,100
45710661648656,12:41:50.661,2.1900,700
45710661648656,12:41:50.661,2.1900,100
45710661648656,12:41:50.661,2.1900,100
45710661648656,12:41:50.661,2.1900,200
45710661648656,12:41:50.661,2.1900,200
45711695387488,12:41:51.695,2.1900,100
45978084872299,12:46:18.084,2.1900,100
45978084872299,12:46:18.084,2.1900,100
45978084872299,12:46:18.084,2.1900,100
45978084872299,12:46:18.084,2.1900,100
45978645869020,12:46:18.645,2.1900,100
45979402206377,12:46:19.402,2.1900,100
47558063638123,13:12:38.063,2.1800,100
47558063638123,13:12:38.063,2.1800,200
47799924749407,13:16:39.924,2.1750,100
47799924749407,13:16:39.924,2.1750,100
47799931376917,13:16:39.931,2.1700,10
47799931376917,13:16:39.931,2.1700,300
47799931376917,13:16:39.931,2.1700,200
47799931376917,13:16:39.931,2.1700,3
47799931376917,13:16:39.931,2.1700,400
47799931376917,13:16:39.931,2.1700,300
47799931376917,13:16:39.931,2.1700,4000
47799931376917,13:16:39.931,2.1700,3500
47799931376917,13:16:39.931,2.1700,235
47799931376917,13:16:39.931,2.1700,100
47799931376917,13:16:39.931,2.1700,3
47801193000281,13:16:41.193,2.1650,200
47801193000281,13:16:41.193,2.1600,700
47890168850514,13:18:10.168,2.1600,1300
47890168850514,13:18:10.168,2.1600,200
47890168850514,13:18:10.168,2.1600,100
47890173297241,13:18:10.173,2.1600,100
47894427782857,13:18:14.427,2.1600,100
47913200093338,13:18:33.200,2.1600,1799
51686526129086,14:21:26.526,2.1900,5
51686526129086,14:21:26.526,2.1900,100
51686526129086,14:21:26.526,2.1900,33
51686526129086,14:21:26.526,2.1900,100
51776984981486,14:22:56.984,2.2000,100
51776984981486,14:22:56.984,2.2000,500
51776985435573,14:22:56.985,2.2000,100
51776985498693,14:22:56.985,2.2000,100
51779672229653,14:22:59.672,2.1900,300
51779672229653,14:22:59.672,2.1900,100
51779672229653,14:22:59.672,2.1900,200
51858292169034,14:24:18.292,2.1900,600
51858292169034,14:24:18.292,2.1900,200
51858292169034,14:24:18.292,2.1900,100
51858292607448,14:24:18.292,2.1900,100
51858292607448,14:24:18.292,2.1900,100
51858292607448,14:24:18.292,2.1900,100
51858292607448,14:24:18.292,2.1900,100
51858292607448,14:24:18.292,2.1900,100
51858293395148,14:24:18.293,2.1800,100
51858293398395,14:24:18.293,2.1800,193
51858293584730,14:24:18.293,2.1800,7
51858293584730,14:24:18.293,2.1800,93
51858293585516,14:24:18.293,2.1800,103
51858293611772,14:24:18.293,2.1800,4
51858293611772,14:24:18.293,2.1800,96
51858293612600,14:24:18.293,2.1800,4
51858293612600,14:24:18.293,2.1800,96
51858293630278,14:24:18.293,2.1800,100
51858294063099,14:24:18.294,2.1800,7
51858294391653,14:24:18.294,2.1800,597
51858294391653,14:24:18.294,2.1800,100
52112808658345,14:28:32.808,2.1700,100
52112808658345,14:28:32.808,2.1700,100
52112809956322,14:28:32.809,2.1650,100
52112809956322,14:28:32.809,2.1600,300
52112809956322,14:28:32.809,2.1600,800
52112810024197,14:28:32.810,2.1600,100
52112810769639,14:28:32.810,2.1600,100
52112810853913,14:28:32.810,2.1600,100
52967324485425,14:42:47.324,2.1800,100
54100250584612,15:01:40.250,2.1800,100
54211259790230,15:03:31.259,2.1800,100
54734300542612,15:12:14.300,2.1900,100
54734300542612,15:12:14.300,2.1900,200
54734300542612,15:12:14.300,2.1900,300
54734300542612,15:12:14.300,2.1900,100
54734300542612,15:12:14.300,2.1900,100
54814736386996,15:13:34.736,2.1900,100
54814736386996,15:13:34.736,2.1900,400
54814743639455,15:13:34.743,2.1900,200
54814743639455,15:13:34.743,2.1900,400
55494635000377,15:24:54.635,2.1800,100
55494635000377,15:24:54.635,2.1800,100
55494635000377,15:24:54.635,2.1800,200
56118268319766,15:35:18.268,2.1700,100
56118268319766,15:35:18.268,2.1700,10
56118268319766,15:35:18.268,2.1700,200
56118268319766,15:35:18.268,2.1700,308
56118381872297,15:35:18.381,2.1700,600
56118412753392,15:35:18.412,2.1700,100
56388467580715,15:39:48.467,2.1700,322
56440280902106,15:40:40.280,2.1750,200
56440290424059,15:40:40.290,2.1800,400
56440290424059,15:40:40.290,2.1800,300
56440290424059,15:40:40.290,2.1800,273
56440290424059,15:40:40.290,2.1800,600
56440290543017,15:40:40.290,2.1800,27
56440292064396,15:40:40.292,2.1800,273
56687616801107,15:44:47.616,2.1800,400
56687616801107,15:44:47.616,2.1800,100
56687616801107,15:44:47.616,2.1800,1000
56687621305519,15:44:47.621,2.1750,200
56961561959021,15:49:21.561,2.1750,100
57352332962689,15:55:52.332,2.1800,100
57352332962689,15:55:52.332,2.1800,100
57352332962689,15:55:52.332,2.1800,500
57352332962689,15:55:52.332,2.1800,300
57352332962689,15:55:52.332,2.1800,474
57352332962689,15:55:52.332,2.1800,300
57352332962689,15:55:52.332,2.1800,100
57352332962689,15:55:52.332,2.1800,26
57352333845929,15:55:52.333,2.1800,200
57352333845929,15:55:52.333,2.1800,200
57374248649044,15:56:14.248,2.1850,100
57497051816321,15:58:17.051,2.1800,230
57497052352506,15:58:17.052,2.1850,25
57525164381509,15:58:45.164,2.1850,25
57545114334356,15:59:05.114,2.1850,50
57564134083539,15:59:24.134,2.1850,25
57591744476674,15:59:51.744,2.1800,8
57598860890711,15:59:58.860,2.1850,100
57600551493612,16:00:00.551,2.1900,5308
