timestamp,time,price,volume
25203655097649,07:00:03.655,144.7800,200
32585419625930,09:03:05.419,144.9300,100
33240008804993,09:14:00.008,145.1300,100
33240008804993,09:14:00.008,145.1300,161
34200007230628,09:30:00.007,144.7000,200
34200385031948,09:30:00.385,0.0000,0
34200610101149,09:30:00.610,144.7000,100
34200721560308,09:30:00.721,144.7000,100
34201029013613,09:30:01.029,144.6700,100
34201794529904,09:30:01.794,144.6300,200
34209288805903,09:30:09.288,144.6700,98
34281055105727,09:31:21.055,144.7100,100
34314694719774,09:31:54.694,144.7400,1
34314701274860,09:31:54.701,144.7000,100
34384363677098,09:33:04.363,144.7000,1
34420449362913,09:33:40.449,144.6800,100
34469453928907,09:34:29.453,144.7000,40
34503196491269,09:35:03.196,144.7500,200
34506559147085,09:35:06.559,144.7600,100
34506559522622,09:35:06.559,144.7600,10
34506559526014,09:35:06.559,144.7600,20
34506561381619,09:35:06.561,144.7600,100
34532214405691,09:35:32.214,144.7100,100
34558661651474,09:35:58.661,144.7000,100
34571646691651,09:36:11.646,144.6900,100
34571646717461,09:36:11.646,144.6900,100
34574448872179,09:36:14.448,144.6950,30
34579575751166,09:36:19.575,144.7100,30
34579575902177,09:36:19.575,144.7100,100
34579576348606,09:36:19.576,144.7100,9
34665149168587,09:37:45.149,144.6700,100
34684029675511,09:38:04.029,144.6600,200
34732910527504,09:38:52.910,144.6600,100
34789333831203,09:39:49.333,144.5900,100
34795449636974,09:39:55.449,144.5700,200
34802940988257,09:40:02.940,144.5800,200
34809888117009,09:40:09.888,144.6000,167
34809888118429,09:40:09.888,144.6000,33
34809950618166,09:40:09.950,144.5900,100
34885399606542,09:41:25.399,144.5700,100
34886778795070,09:41:26.778,144.5500,1
34886778864272,09:41:26.778,144.5400,100
34905172746209,09:41:45.172,144.5800,100
34905172746209,09:41:45.172,144.5800,100
34959170649479,09:42:39.170,144.6400,100
35019812797249,09:43:39.812,144.6300,24
35019812815793,09:43:39.812,144.6300,76
35049577795013,09:44:09.577,144.6600,38
35049605939639,09:44:09.605,144.6400,10
35049605939639,09:44:09.605,144.6300,90
35082291368204,09:44:42.291,144.6700,100
35098293139286,09:44:58.293,144.6500,100
35115964951308,09:45:15.964,144.6500,200
35126915136175,09:45:26.915,144.6700,100
35132485043425,09:45:32.485,144.7000,30
35141955692968,09:45:41.955,144.6900,100
35262173234405,09:47:42.173,144.7700,100
35262173234405,09:47:42.173,144.7700,76
35262173265937,09:47:42.173,144.7700,24
35262243633808,09:47:42.243,144.7600,100
35283197032602,09:48:03.197,144.7800,100
35290311386481,09:48:10.311,144.8200,100
35291988829358,09:48:11.988,144.8100,200
35294540533598,09:48:14.540,144.8200,100
35296763639078,09:48:16.763,144.8200,100
35379265631518,09:49:39.265,144.8700,200
35379266062108,09:49:39.266,144.8800,10
35379266113877,09:49:39.266,144.8700,10
35379266113877,09:49:39.266,144.8600,26
35379266130074,09:49:39.266,144.8600,74
35379266130074,09:49:39.266,144.8600,30
35379266130074,09:49:39.266,144.8600,30
35379266342801,09:49:39.266,144.8600,42
35379267461031,09:49:39.267,144.8600,100
35379267485166,09:49:39.267,144.8600,90
35379267665059,09:49:39.267,144.8600,10
35379331463501,09:49:39.331,144.8500,100
35444617331904,09:50:44.617,144.9000,161
35461202430782,09:51:01.202,144.8800,100
35479023749784,09:51:19.023,144.8700,2
35671340712633,09:54:31.340,144.9200,200
35842258992135,09:57:22.258,144.9300,200
35867819363786,09:57:47.819,144.9000,100
35876067536396,09:57:56.067,144.9300,100
35876072582066,09:57:56.072,144.9400,50
35876072673273,09:57:56.072,144.9400,50
36013252148970,10:00:13.252,144.8000,100
36063289511282,10:01:03.289,144.7600,100
36208080008205,10:03:28.080,144.7900,3
36208080396304,10:03:28.080,144.7900,7
36220537930292,10:03:40.537,144.7900,22
36220537930292,10:03:40.537,144.8000,100
36220553771599,10:03:40.553,144.8000,100
36220553798126,10:03:40.553,144.8000,100
36461661969580,10:07:41.661,144.6800,100
36540198296738,10:09:00.198,144.6900,80
36559263081478,10:09:19.263,144.6000,70
36590824868881,10:09:50.824,144.6400,200
36590824868881,10:09:50.824,144.6400,100
36650711532610,10:10:50.711,144.5700,40
36650711532610,10:10:50.711,144.5600,60
36668972263995,10:11:08.972,144.5400,50
36937911282562,10:15:37.911,144.6600,9
36997647112532,10:16:37.647,144.7200,100
37210473400469,10:20:10.473,144.6800,100
37210481796581,10:20:10.481,144.6700,100
37210481796581,10:20:10.481,144.6700,100
37239359106433,10:20:39.359,144.6300,54
37239359132020,10:20:39.359,144.6300,46
37239359132020,10:20:39.359,144.6300,36
37239359133537,10:20:39.359,144.6600,100
37239359133537,10:20:39.359,144.6300,46
37239359183586,10:20:39.359,144.6300,18
37396224102931,10:23:16.224,144.6100,1
37397315688518,10:23:17.315,144.6100,99
37451309997025,10:24:11.309,144.6300,100
37512795717426,10:25:12.795,144.6000,64
37512795772671,10:25:12.795,144.6000,36
37512795772671,10:25:12.795,144.6000,40
37521909952369,10:25:21.909,144.5800,100
37735874484832,10:28:55.874,144.5900,100
37747084518802,10:29:07.084,144.5900,100
37789908823736,10:29:49.908,144.5400,7
37791927544958,10:29:51.927,144.5400,11
37791987588550,10:29:51.987,144.5400,4
37991396481219,10:33:11.396,144.3600,1
38162009651886,10:36:02.009,144.3100,100
38183101000091,10:36:23.101,144.3100,100
38220761079073,10:37:00.761,144.3300,200
38244990567020,10:37:24.990,144.3600,100
38244990567020,10:37:24.990,144.3600,5
38471590520885,10:41:11.590,144.4100,37
38471590565776,10:41:11.590,144.4100,3
38634509092128,10:43:54.509,144.4200,100
38657465524903,10:44:17.465,144.4400,30
38688257479350,10:44:48.257,144.4600,100
38766074010954,10:46:06.074,144.2900,100
39008142165523,10:50:08.142,144.2300,11
39294291114069,10:54:54.291,144.0800,100
39294601357757,10:54:54.601,144.0700,15
39296784576440,10:54:56.784,144.0700,85
39296784576440,10:54:56.784,144.0700,15
39303925454553,10:55:03.925,144.0700,100
39324493203410,10:55:24.493,144.0700,5
39328277682235,10:55:28.277,144.0700,35
39346864122070,10:55:46.864,144.0200,200
39346882997737,10:55:46.882,144.0100,10
39346883556598,10:55:46.883,144.0200,10
39350669822624,10:55:50.669,143.9900,62
39350669896014,10:55:50.669,143.9900,38
39350669896014,10:55:50.669,143.9900,23
39454252978843,10:57:34.252,143.9000,100
39454253033779,10:57:34.253,143.9000,85
39458591117501,10:57:38.591,143.8800,100
39460404399288,10:57:40.404,143.8500,75
39460404466776,10:57:40.404,143.8500,25
39594297534339,10:59:54.297,144.1400,63
39594375147807,10:59:54.375,144.1400,37
39606688172601,11:00:06.688,144.1600,100
39606688566475,11:00:06.688,144.1600,8
39663473481851,11:01:03.473,144.1400,25
39663478634105,11:01:03.478,144.1400,75
39925788327277,11:05:25.788,143.9200,4
40163338181005,11:09:23.338,144.0500,100
40219143354007,11:10:19.143,144.0300,10
40358710864761,11:12:38.710,143.8000,100
40358710864761,11:12:38.710,143.7900,100
40361096174563,11:12:41.096,143.8100,200
40539829786996,11:15:39.829,143.9300,100
40575157775340,11:16:15.157,143.9600,100
40575157802099,11:16:15.157,143.9600,100
40610010337084,11:16:50.010,144.0000,2
40780676064847,11:19:40.676,144.2800,29
40780676089608,11:19:40.676,144.2800,171
40818288771779,11:20:18.288,144.3300,5
40818288796735,11:20:18.288,144.3300,195
40836254393929,11:20:36.254,144.3400,100
40875342385842,11:21:15.342,144.3800,2
40900035426794,11:21:40.035,144.3800,123
40900035670109,11:21:40.035,144.3800,77
40900813356999,11:21:40.813,144.3400,100
40959686454559,11:22:39.686,144.3300,100
40999319564952,11:23:19.319,144.2650,100
41053234342887,11:24:13.234,144.3200,20
41097422240420,11:24:57.422,144.2900,3
41324238787854,11:28:44.238,144.1900,100
41460080691809,11:31:00.080,144.2300,11
41460089942516,11:31:00.089,144.2300,13
41474920237581,11:31:14.920,144.2300,76
41596331283147,11:33:16.331,144.3900,202
41596331335097,11:33:16.331,144.3900,98
41636904044737,11:33:56.904,144.5300,1
41636926664349,11:33:56.926,144.5000,30
41652544507195,11:34:12.544,144.6300,86
41712762565618,11:35:12.762,144.8000,36
41712762590034,11:35:12.762,144.8000,9
41712763004091,11:35:12.763,144.8000,55
41712763021633,11:35:12.763,144.7900,46
41712763346894,11:35:12.763,144.7900,54
41774060552416,11:36:14.060,144.7100,40
41958575488109,11:39:18.575,144.7000,100
42360192384302,11:46:00.192,144.5400,100
42424247254589,11:47:04.247,144.6500,100
42467508246583,11:47:47.508,144.6600,100
42475118021148,11:47:55.118,144.6500,100
42484984358754,11:48:04.984,144.6500,80
42484984358754,11:48:04.984,144.6500,20
42488167387617,11:48:08.167,144.6500,200
42488167387617,11:48:08.167,144.6500,100
42975933201689,11:56:15.933,144.7000,100
43313276795107,12:01:53.276,144.8000,100
43327182402469,12:02:07.182,144.8700,1
43360586070562,12:02:40.586,144.8700,11
43375586190499,12:02:55.586,144.9000,100
43375590721199,12:02:55.590,144.8800,30
43375590894306,12:02:55.590,144.9000,11
43375590934117,12:02:55.590,144.9000,15
43375591052873,12:02:55.591,144.9000,4
43375591052873,12:02:55.591,144.9000,5
43375591088230,12:02:55.591,144.9000,5
43375591088230,12:02:55.591,144.9000,1
43375591123748,12:02:55.591,144.9000,3
43375591155865,12:02:55.591,144.9000,3
43383705846183,12:03:03.705,144.9000,3
43383705846183,12:03:03.705,144.9000,1
43455223988743,12:04:15.223,144.8700,89
43455223988743,12:04:15.223,144.8700,152
43455223988743,12:04:15.223,144.8700,48
43455223988743,12:04:15.223,144.8700,100
43455223988743,12:04:15.223,144.8700,11
43455224090609,12:04:15.224,144.8700,5
43455224186349,12:04:15.224,144.8700,46
43455224325927,12:04:15.224,144.8700,38
43802994804458,12:10:02.994,144.7900,27
43916326883862,12:11:56.326,144.8600,2
43920413270277,12:12:00.413,144.7900,2
44116236925061,12:15:16.236,144.7800,100
44144415477167,12:15:44.415,144.7800,5
44144415505128,12:15:44.415,144.7800,81
44536206677731,12:22:16.206,144.8700,100
44610188132062,12:23:30.188,144.8500,100
44790354718535,12:26:30.354,144.7800,100
44790354718535,12:26:30.354,144.7800,14
44930730526521,12:28:50.730,144.6100,1
44930730526521,12:28:50.730,144.6100,99
45287262778121,12:34:47.262,144.5700,15
45311450361244,12:35:11.450,144.5700,185
45311450361244,12:35:11.450,144.5700,115
45317945368255,12:35:17.945,144.5700,32
45317945368255,12:35:17.945,144.5700,68
45317945394826,12:35:17.945,144.5700,1
45325124829457,12:35:25.124,144.5700,3
45326846919546,12:35:26.846,144.5700,28
45326846919546,12:35:26.846,144.5700,72
45334884385847,12:35:34.884,144.5700,49
45334884385847,12:35:34.884,144.5700,51
45854824771944,12:44:14.824,144.5200,8
45854824771944,12:44:14.824,144.5300,95
45854824853490,12:44:14.824,144.5300,5
45854824853490,12:44:14.824,144.5300,3
45854826017428,12:44:14.826,144.5400,20
45854826017428,12:44:14.826,144.5400,80
45854826690800,12:44:14.826,144.5400,20
46392297607278,12:53:12.297,144.5200,100
46392297607278,12:53:12.297,144.5200,100
46392297607278,12:53:12.297,144.5200,1
46680220252866,12:58:00.220,144.4600,100
47070252997409,13:04:30.252,144.3700,100
47105688679943,13:05:05.688,144.3800,62
47105688707318,13:05:05.688,144.3800,38
47105688707318,13:05:05.688,144.3800,4
47105688707318,13:05:05.688,144.3800,117
47105688707318,13:05:05.688,144.3800,56
47105707612757,13:05:05.707,144.4200,100
47105725566472,13:05:05.725,144.4300,100
47122595512103,13:05:22.595,144.4800,100
47122596713636,13:05:22.596,144.4800,10
47311437848574,13:08:31.437,144.5100,26
47311437865408,13:08:31.437,144.5100,48
47311437869329,13:08:31.437,144.5100,26
47311437869329,13:08:31.437,144.5100,9
47311437926543,13:08:31.437,144.5300,52
47311437940842,13:08:31.437,144.5300,48
47668577164610,13:14:28.577,144.5000,7
48045858401984,13:20:45.858,144.5000,93
48045858401984,13:20:45.858,144.5000,7
48045859168860,13:20:45.859,144.5000,24
48045869509687,13:20:45.869,144.5000,4
48045869509687,13:20:45.869,144.5000,96
48382617948530,13:26:22.617,144.4900,44
48382617948530,13:26:22.617,144.4900,40
48382617948530,13:26:22.617,144.4600,2
48382617948530,13:26:22.617,144.4400,14
48481017134454,13:28:01.017,144.5000,100
48481017423739,13:28:01.017,144.5100,100
48481017484201,13:28:01.017,144.5000,47
48481017571130,13:28:01.017,144.4800,15
48481017571130,13:28:01.017,144.4800,38
48527351851817,13:28:47.351,144.4900,1
48561471742609,13:29:21.471,144.4900,4
48693567231307,13:31:33.567,144.5600,100
48693567257395,13:31:33.567,144.5600,100
48693576198060,13:31:33.576,144.6000,100
48693617153904,13:31:33.617,144.6100,4
48693617972395,13:31:33.617,144.6100,100
48693617972395,13:31:33.617,144.6100,100
48693617972395,13:31:33.617,144.6100,18
48922021785589,13:35:22.021,144.5700,100
49246052335787,13:40:46.052,144.6100,100
49246198314874,13:40:46.198,144.5900,100
49251076248878,13:40:51.076,144.6100,100
49251211140225,13:40:51.211,144.5600,100
49251211477126,13:40:51.211,144.5900,30
49251214770162,13:40:51.214,144.5600,8
49272648634590,13:41:12.648,144.5900,1
49272650710235,13:41:12.650,144.6200,37
49272650710235,13:41:12.650,144.6200,2
49438161387676,13:43:58.161,144.6000,100
49494225342854,13:44:54.225,144.5900,3
49501316422522,13:45:01.316,144.5900,22
49501316455598,13:45:01.316,144.5900,44
49501316534136,13:45:01.316,144.5900,15
49501883068133,13:45:01.883,144.5900,84
49501883097753,13:45:01.883,144.5900,32
49501883097753,13:45:01.883,144.5900,28
49501883097753,13:45:01.883,144.5900,100
50058829242294,13:54:18.829,144.4300,100
50058834678406,13:54:18.834,144.4300,10
50154026036579,13:55:54.026,144.4500,100
50203229407076,13:56:43.229,144.4700,70
50208018209981,13:56:48.018,144.4700,12
50208018573115,13:56:48.018,144.4700,18
50208019897772,13:56:48.019,144.4700,10
50272667011114,13:57:52.667,144.4500,1
50373057196566,13:59:33.057,144.4500,19
50375909662133,13:59:35.909,144.4500,18
50402715598110,14:00:02.715,144.5400,1
50404729979723,14:00:04.729,144.5500,31
50413534736962,14:00:13.534,144.6100,100
50413534736962,14:00:13.534,144.6100,100
50464248693935,14:01:04.248,144.8500,100
50471186673882,14:01:11.186,144.6600,90
50471186673882,14:01:11.186,144.6500,10
50499443597022,14:01:39.443,144.8800,100
50505184205805,14:01:45.184,144.6800,100
50508183777773,14:01:48.183,144.6700,100
50508183777773,14:01:48.183,144.6700,25
50582452745585,14:03:02.452,144.7600,7
50605343542943,14:03:25.343,144.9200,100
50652621039095,14:04:12.621,144.9300,25
50652621039095,14:04:12.621,144.9300,2
50652621039095,14:04:12.621,144.9300,15
50829238247588,14:07:09.238,144.8400,70
50829238247588,14:07:09.238,144.8300,30
50948846817119,14:09:08.846,144.9100,100
51064408186494,14:11:04.408,144.9200,1
51064408186494,14:11:04.408,144.9200,100
51064409988905,14:11:04.409,144.9300,85
51064409988905,14:11:04.409,144.9300,15
51064410015581,14:11:04.410,144.9300,85
51064410015581,14:11:04.410,144.9300,100
51175778705358,14:12:55.778,144.8900,59
51177680809667,14:12:57.680,144.9500,50
51182609273769,14:13:02.609,144.9300,2
51208671315417,14:13:28.671,144.9400,100
51208679543828,14:13:28.679,144.9400,100
51215129522141,14:13:35.129,144.9400,200
51223428444144,14:13:43.428,144.9300,200
51235295827968,14:13:55.295,144.9400,1
51275858530717,14:14:35.858,144.9500,100
51295041195767,14:14:55.041,144.9600,30
51295041195767,14:14:55.041,144.9600,30
51295070139674,14:14:55.070,144.9600,70
51295070139674,14:14:55.070,144.9600,30
51295070139674,14:14:55.070,144.9600,30
51295070139674,14:14:55.070,144.9600,40
51300183938034,14:15:00.183,144.9400,100
51300184686306,14:15:00.184,144.9400,100
51300213041626,14:15:00.213,144.9400,75
51300236538142,14:15:00.236,144.9400,100
51371535891110,14:16:11.535,144.9500,2
51371537515582,14:16:11.537,144.9500,50
51371538475436,14:16:11.538,144.9500,48
51429689867874,14:17:09.689,144.9700,6
51429689903206,14:17:09.689,144.9700,94
51429689903206,14:17:09.689,144.9700,51
51429697496054,14:17:09.697,144.9800,200
51429697496054,14:17:09.697,145.0000,301
51429697526958,14:17:09.697,145.0000,67
51429697526958,14:17:09.697,145.0000,5
51429697526958,14:17:09.697,145.0000,25
51429697526958,14:17:09.697,145.0000,100
51429740235940,14:17:09.740,145.0100,64
51429745431129,14:17:09.745,145.0100,36
51430081481140,14:17:10.081,145.0300,100
51844908130639,14:24:04.908,145.2000,100
51844908629662,14:24:04.908,145.1900,100
51844908752562,14:24:04.908,145.1800,100
52025121998309,14:27:05.121,145.1400,100
52025122226655,14:27:05.122,145.1400,100
52025122226655,14:27:05.122,145.1400,37
52025122235554,14:27:05.122,145.1400,63
52042800392289,14:27:22.800,145.0700,100
52042841873902,14:27:22.841,145.0500,11
52119271211507,14:28:39.271,145.0800,100
52347942360202,14:32:27.942,144.9300,21
52348804097233,14:32:28.804,144.9400,90
52348804104830,14:32:28.804,144.9400,10
52444663485863,14:34:04.663,144.9600,3
52444663485863,14:34:04.663,144.9600,1
52444663515582,14:34:04.663,144.9600,99
52444663917598,14:34:04.663,144.9600,30
52451693993952,14:34:11.693,144.9800,1
52451694790706,14:34:11.694,144.9900,1
52514526179597,14:35:14.526,145.1100,1
52514581277313,14:35:14.581,145.1100,2
52514581288887,14:35:14.581,145.1100,24
52514581288887,14:35:14.581,145.1100,10
52514601493236,14:35:14.601,145.1100,26
52628142993696,14:37:08.142,145.0900,76
52628143497240,14:37:08.143,145.0900,24
52726248172102,14:38:46.248,145.1200,100
52726248501453,14:38:46.248,145.1000,2
52882015705014,14:41:22.015,145.1600,4
52939583581268,14:42:19.583,145.1900,100
52939583614737,14:42:19.583,145.2100,25
52939583629596,14:42:19.583,145.2100,44
52939583866676,14:42:19.583,145.2100,25
52939587075005,14:42:19.587,145.2100,6
52939587118267,14:42:19.587,145.1900,100
52939591569511,14:42:19.591,145.2100,6
52939591982620,14:42:19.591,145.2100,4
52996522584157,14:43:16.522,145.2100,100
53233095675104,14:47:13.095,145.1300,100
53240492997797,14:47:20.492,145.2200,8
53241524163524,14:47:21.524,145.2200,100
53455534865610,14:50:55.534,145.1800,3
53455534865610,14:50:55.534,145.1800,100
53455534865610,14:50:55.534,145.1800,100
53455534865610,14:50:55.534,145.1800,100
53455535382236,14:50:55.535,145.1600,31
53455535467324,14:50:55.535,145.1600,6
53455565266115,14:50:55.565,145.1600,17
53455565289613,14:50:55.565,145.1600,46
53574220750828,14:52:54.220,145.1300,10
53574220806902,14:52:54.220,145.1300,15
53574229447775,14:52:54.229,145.1300,20
53574230948617,14:52:54.230,145.1300,20
53580262965555,14:53:00.262,145.1300,35
53775754751252,14:56:15.754,145.1200,100
53790218565459,14:56:30.218,145.1500,2
53804582247057,14:56:44.582,145.2000,100
53804618753271,14:56:44.618,145.2000,100
53931266093656,14:58:51.266,145.2200,100
53966212681444,14:59:26.212,145.2700,35
53966212681444,14:59:26.212,145.3100,65
54036063635683,15:00:36.063,145.2000,80
54036063635683,15:00:36.063,145.1900,20
54040314072826,15:00:40.314,145.1900,100
54057315117894,15:00:57.315,145.1900,100
54106796127493,15:01:46.796,145.1300,100
54135445121824,15:02:15.445,145.1500,50
54135445121824,15:02:15.445,145.1100,100
54135445121824,15:02:15.445,145.1100,79
54137831048323,15:02:17.831,145.1400,100
54297274640515,15:04:57.274,144.9900,100
54352651599500,15:05:52.651,144.9900,100
54352653063118,15:05:52.653,144.9900,5
54352653176018,15:05:52.653,144.9900,15
54363372371000,15:06:03.372,144.9850,100
54365211386006,15:06:05.211,144.9850,2
54365211386006,15:06:05.211,144.9500,98
54365211421938,15:06:05.211,144.9500,2
54365211421938,15:06:05.211,144.9500,100
54431227888654,15:07:11.227,144.9500,11
54431227888654,15:07:11.227,144.9600,89
54441347726010,15:07:21.347,144.9500,1
54441347726010,15:07:21.347,144.9500,6
54444059370196,15:07:24.059,144.9700,100
54445065272116,15:07:25.065,144.9900,46
54449865624849,15:07:29.865,145.0200,28
54600220145271,15:10:00.220,144.9400,90
54600220150600,15:10:00.220,144.9400,10
54600220150600,15:10:00.220,144.9400,62
54600220171351,15:10:00.220,144.9400,38
54600238405006,15:10:00.238,144.9400,100
54646021984649,15:10:46.021,144.8800,100
54656209673998,15:10:56.209,144.8900,83
54684512307964,15:11:24.512,144.8400,100
54691052097788,15:11:31.052,144.8500,100
54717257467860,15:11:57.257,144.8900,100
54717257764815,15:11:57.257,144.8900,100
54717258086743,15:11:57.258,144.9100,100
54717258378262,15:11:57.258,144.9100,100
54717259366879,15:11:57.259,144.9200,100
54750207363194,15:12:30.207,144.9400,39
54763503659741,15:12:43.503,144.8700,100
54763503659741,15:12:43.503,144.8700,100
54773906932038,15:12:53.906,144.8500,100
54788295167027,15:13:08.295,144.7900,100
54788295167027,15:13:08.295,144.7900,100
54824374090777,15:13:44.374,144.7600,10
54824374480938,15:13:44.374,144.7600,100
54824385221396,15:13:44.385,144.7300,30
54862933908888,15:14:22.933,144.7500,20
54893253412589,15:14:53.253,144.7900,100
54924309250883,15:15:24.309,144.8100,1
55051872664818,15:17:31.872,144.8600,100
55084167655160,15:18:04.167,144.8700,16
55084167724213,15:18:04.167,144.8900,20
55098134510455,15:18:18.134,144.8700,90
55133013005636,15:18:53.013,144.8200,3
55133013005636,15:18:53.013,144.8100,100
55133013005636,15:18:53.013,144.8100,100
55133013005636,15:18:53.013,144.8000,100
55133013528188,15:18:53.013,144.7800,100
55133143632775,15:18:53.143,144.7600,100
55135168442287,15:18:55.168,144.7700,100
55135168442287,15:18:55.168,144.7600,100
55135168442287,15:18:55.168,144.7600,100
55135169330013,15:18:55.169,144.7000,100
55295683567086,15:21:35.683,144.7300,50
55295683567086,15:21:35.683,144.7200,50
55295683613708,15:21:35.683,144.7200,50
55440432561132,15:24:00.432,144.5900,50
55455765915215,15:24:15.765,144.6600,200
55455766974228,15:24:15.766,144.6900,200
55455766974228,15:24:15.766,144.6900,100
55492103557830,15:24:52.103,144.6700,100
55525301320403,15:25:25.301,144.6400,100
55525302683014,15:25:25.302,144.6200,100
55657346714201,15:27:37.346,144.6900,200
55657346714201,15:27:37.346,144.6900,100
55657346714201,15:27:37.346,144.6900,100
55657347304837,15:27:37.347,144.7100,100
55657347304837,15:27:37.347,144.7100,100
55758314019615,15:29:18.314,144.7500,100
55762244753248,15:29:22.244,144.7500,100
55762244817581,15:29:22.244,144.7500,100
55762244864360,15:29:22.244,144.7500,100
55762245636315,15:29:22.245,144.7400,100
55769518826804,15:29:29.518,144.7500,71
55769518839986,15:29:29.518,144.7500,19
55840296718866,15:30:40.296,144.6700,100
55841279073478,15:30:41.279,144.6500,100
55884023830238,15:31:24.023,144.6800,3
55884023830238,15:31:24.023,144.6800,97
55884023855022,15:31:24.023,144.6800,3
55884024605806,15:31:24.024,144.6800,100
55901390220540,15:31:41.390,144.6400,100
55940460310989,15:32:20.460,144.5800,100
55940460310989,15:32:20.460,144.5800,100
55944006488246,15:32:24.006,144.6100,100
55944006488246,15:32:24.006,144.6100,100
56055284425960,15:34:15.284,144.4600,100
56055284425960,15:34:15.284,144.4600,100
56055284425960,15:34:15.284,144.4600,100
56055284425960,15:34:15.284,144.4600,100
56061006121193,15:34:21.006,144.4600,100
56061006146393,15:34:21.006,144.4600,2
56084180580347,15:34:44.180,144.4700,100
56084180580347,15:34:44.180,144.4700,83
56084180606203,15:34:44.180,144.4700,17
56084183071727,15:34:44.183,144.4800,100
56084183099334,15:34:44.183,144.4800,3
56084184180224,15:34:44.184,144.4800,100
56084184538605,15:34:44.184,144.4900,100
56084184538605,15:34:44.184,144.4900,100
56084184538605,15:34:44.184,144.4900,100
56084184538605,15:34:44.184,144.4900,100
56099247203327,15:34:59.247,144.4400,100
56099247203327,15:34:59.247,144.4400,35
56134892925835,15:35:34.892,144.5200,100
56134894764474,15:35:34.894,144.5300,100
56134894788841,15:35:34.894,144.5300,100
56134895651761,15:35:34.895,144.5400,100
56134899617306,15:35:34.899,144.5500,12
56134899632620,15:35:34.899,144.5500,12
56134899632620,15:35:34.899,144.5500,100
56228326291527,15:37:08.326,144.5500,100
56324356162433,15:38:44.356,144.6200,47
56324356162433,15:38:44.356,144.6300,53
56324356244665,15:38:44.356,144.6300,47
56324357838868,15:38:44.357,144.6500,100
56324357838868,15:38:44.357,144.6500,100
56353226505001,15:39:13.226,144.6400,100
56353226505001,15:39:13.226,144.6400,12
56353226579329,15:39:13.226,144.6400,88
56353227062143,15:39:13.227,144.6300,100
56353227087957,15:39:13.227,144.6300,100
56463108041387,15:41:03.108,144.5800,100
56463108129659,15:41:03.108,144.5800,100
56463162749264,15:41:03.162,144.5900,100
56476711869856,15:41:16.711,144.6000,100
56476711922430,15:41:16.711,144.6000,100
56476713813255,15:41:16.713,144.6200,10
56476718140118,15:41:16.718,144.6100,30
56476718408267,15:41:16.718,144.6000,100
56503461698913,15:41:43.461,144.5300,100
56570055741494,15:42:50.055,144.4600,100
56570065021617,15:42:50.065,144.4500,100
56570073271346,15:42:50.073,144.4800,10
56570073615687,15:42:50.073,144.4800,30
56570073670692,15:42:50.073,144.4800,10
56590289808030,15:43:10.289,144.5000,100
56590290452384,15:43:10.290,144.5100,100
56590292588460,15:43:10.292,144.5200,100
56590293132629,15:43:10.293,144.5200,100
56592370542472,15:43:12.370,144.5200,4
56599371628461,15:43:19.371,144.5200,100
56623955479455,15:43:43.955,144.5450,100
56623955479455,15:43:43.955,144.5450,100
56625012999685,15:43:45.012,144.5600,100
56625013515080,15:43:45.013,144.5700,100
56698780221642,15:44:58.780,144.6300,100
56698780221642,15:44:58.780,144.6400,100
56698780286749,15:44:58.780,144.6400,100
56698780552802,15:44:58.780,144.6400,72
56698780687920,15:44:58.780,144.6400,28
56698781032666,15:44:58.781,144.6400,8
56698781365041,15:44:58.781,144.6400,21
56700471192442,15:45:00.471,144.6300,3
56703344277860,15:45:03.344,144.6500,100
56703405324516,15:45:03.405,144.6800,52
56740647347338,15:45:40.647,144.7000,100
56781830227157,15:46:21.830,144.6900,2
56785437669941,15:46:25.437,144.6900,38
56785437669941,15:46:25.437,144.6800,52
56805538733004,15:46:45.538,144.7100,38
56805539197812,15:46:45.539,144.7100,11
56805539216142,15:46:45.539,144.7100,51
56805539216142,15:46:45.539,144.7100,90
56805539645586,15:46:45.539,144.7100,10
56805682188714,15:46:45.682,144.7200,15
56811299499743,15:46:51.299,144.7300,100
56813208067993,15:46:53.208,144.7400,17
56813208093598,15:46:53.208,144.7400,83
56813208151137,15:46:53.208,144.7350,100
56813208490203,15:46:53.208,144.7400,100
56911453989487,15:48:31.453,144.7500,15
56911453989487,15:48:31.453,144.7500,85
56911454234993,15:48:31.454,144.7500,15
56944650427364,15:49:04.650,144.7400,100
56976323429247,15:49:36.323,144.7000,100
56976323429247,15:49:36.323,144.7000,10
56976323429247,15:49:36.323,144.7000,100
56976324288304,15:49:36.324,144.6800,90
57000173285793,15:50:00.173,144.6800,100
57010458855832,15:50:10.458,144.6600,100
57031388251840,15:50:31.388,144.5700,89
57049323530516,15:50:49.323,144.5600,100
57049323530516,15:50:49.323,144.5600,100
57052322223476,15:50:52.322,144.5400,100
57054472248036,15:50:54.472,144.5300,100
57054472271011,15:50:54.472,144.5300,100
57068523925285,15:51:08.523,144.5500,100
57068523925285,15:51:08.523,144.5500,200
57068524736919,15:51:08.524,144.5600,100
57129453465612,15:52:09.453,144.5300,100
57153760582044,15:52:33.760,144.5400,176
57185089842040,15:53:05.089,144.5000,100
57185089842040,15:53:05.089,144.5000,21
57185089842040,15:53:05.089,144.5000,100
57185089842040,15:53:05.089,144.5000,179
57189856245426,15:53:09.856,144.5000,21
57189856245426,15:53:09.856,144.5000,79
57206655953575,15:53:26.655,144.5200,99
57206656161644,15:53:26.656,144.5200,1
57210431949918,15:53:30.431,144.5300,100
57210431949918,15:53:30.431,144.5300,100
57210431949918,15:53:30.431,144.5300,3
57210431977731,15:53:30.431,144.5300,97
57210432143608,15:53:30.432,144.5300,100
57210432371494,15:53:30.432,144.5300,100
57216170557615,15:53:36.170,144.5350,100
57230148237942,15:53:50.148,144.5400,100
57267069527925,15:54:27.069,144.5400,15
57267069527925,15:54:27.069,144.5400,85
57267069984762,15:54:27.069,144.5400,15
57267071984877,15:54:27.071,144.5500,23
57267072011858,15:54:27.072,144.5500,77
57267072011858,15:54:27.072,144.5500,100
57267073510223,15:54:27.073,144.5600,98
57267073931985,15:54:27.073,144.5600,2
57267103492298,15:54:27.103,144.5500,100
57267325239556,15:54:27.325,144.5500,100
57267325239556,15:54:27.325,144.5500,100
57269076007902,15:54:29.076,144.5700,48
57270709913037,15:54:30.709,144.5700,23
57270715794751,15:54:30.715,144.5700,20
57270717029182,15:54:30.717,144.5650,100
57270717029182,15:54:30.717,144.5700,9
57273232494930,15:54:33.232,144.5700,32
57273232949618,15:54:33.232,144.5700,8
57273235241256,15:54:33.235,144.5700,60
57283449005525,15:54:43.449,144.5800,100
57283462964816,15:54:43.462,144.5700,10
57290405468618,15:54:50.405,144.5700,60
57291564213910,15:54:51.564,144.5700,30
57291564213910,15:54:51.564,144.5600,84
57291564779275,15:54:51.564,144.5200,100
57291665077478,15:54:51.665,144.5200,86
57292090118625,15:54:52.090,144.5450,1
57292626943780,15:54:52.626,144.5450,1
57293239098425,15:54:53.239,144.5450,1
57294236867999,15:54:54.236,144.5450,1
57294608121263,15:54:54.608,144.5450,1
57295689717080,15:54:55.689,144.5450,1
57296246972677,15:54:56.246,144.5450,1
57296410519237,15:54:56.410,144.5450,33
57300941472199,15:55:00.941,144.6000,7
57303365871558,15:55:03.365,144.6000,18
57303365871558,15:55:03.365,144.6000,100
57304349334257,15:55:04.349,144.6250,100
57328764410123,15:55:28.764,144.6500,100
57348622849289,15:55:48.622,144.7000,100
57348622967031,15:55:48.622,144.7000,22
57353934917791,15:55:53.934,144.7000,9
57353934976762,15:55:53.934,144.7000,69
57369354466475,15:56:09.354,144.7200,100
57369524953605,15:56:09.524,144.7300,8
57395422579367,15:56:35.422,144.7700,100
57424601661661,15:57:04.601,144.7450,100
57424826944616,15:57:04.826,144.7500,100
57429306837535,15:57:09.306,144.7600,60
57429307131017,15:57:09.307,144.7600,29
57438140574771,15:57:18.140,144.7600,31
57438140574771,15:57:18.140,144.7600,29
57439447974688,15:57:19.447,144.7500,15
57445536353359,15:57:25.536,144.7600,40
57445536353359,15:57:25.536,144.7500,5
57447143413709,15:57:27.143,144.7600,20
57450102986574,15:57:30.102,144.7600,20
57450102986574,15:57:30.102,144.7600,20
57450745224666,15:57:30.745,144.7600,40
57450745224666,15:57:30.745,144.7500,40
57489500951862,15:58:09.500,144.7600,3
57492832933269,15:58:12.832,144.7200,17
57492832933269,15:58:12.832,144.7200,83
57492833240403,15:58:12.833,144.7200,17
57550862790423,15:59:10.862,144.6800,100
57575415496136,15:59:35.415,144.6100,10
57579499569627,15:59:39.499,144.5700,100
57588906537206,15:59:48.906,144.5800,10
57590521038621,15:59:50.521,144.5700,16
57591756464027,15:59:51.756,144.5700,11
57594424435371,15:59:54.424,144.5900,22
57598556232850,15:59:58.556,144.5400,47
57598556232850,15:59:58.556,144.5400,100
57599052866181,15:59:59.052,144.5100,24
57600491202666,16:00:00.491,0.0000,0
