timestamp,time,price,volume
34200054127428,09:30:00.054,0.0000,0
34469730144298,09:34:29.730,121.8500,100
34526516543766,09:35:26.516,121.8900,44
34526516611489,09:35:26.516,121.8900,156
35211342136357,09:46:51.342,121.7800,1
35211342136357,09:46:51.342,121.7800,98
35330646550072,09:48:50.646,121.6800,300
36792768696158,10:13:12.768,121.6700,25
36797993580440,10:13:17.993,121.6700,175
37509063598044,10:25:09.063,121.6500,1
37509116270405,10:25:09.116,121.6500,100
37509116979058,10:25:09.116,121.6500,99
37800100830265,10:30:00.100,121.7300,22
37800102047055,10:30:00.102,121.7300,178
38657475989763,10:44:17.475,121.8400,200
38758134903205,10:45:58.134,121.8500,100
38817044723594,10:46:57.044,121.8500,3
39663054614608,11:01:03.054,121.8900,300
39663158554598,11:01:03.158,121.8900,91
39663158554598,11:01:03.158,121.8900,100
39663158618315,11:01:03.158,121.8900,100
39663160426247,11:01:03.160,121.8900,200
39663195748146,11:01:03.195,121.8900,100
39663195995128,11:01:03.195,121.8900,108
39663196238531,11:01:03.196,121.8900,100
39663196665472,11:01:03.196,121.8900,92
39663306500100,11:01:03.306,121.8900,100
39663306500100,11:01:03.306,121.8900,200
39663330021856,11:01:03.330,121.9000,300
39663386711690,11:01:03.386,121.9100,300
39663395797060,11:01:03.395,121.9200,300
39663428001120,11:01:03.428,121.9300,300
39663459662625,11:01:03.459,121.9400,280
39663462046270,11:01:03.462,121.9400,20
39663475065857,11:01:03.475,121.9500,200
39663475065857,11:01:03.475,121.9500,500
39663794254652,11:01:03.794,121.9800,300
39663796043022,11:01:03.796,121.9800,100
39663796043022,11:01:03.796,121.9800,100
39663853178833,11:01:03.853,121.9900,500
39663853178833,11:01:03.853,121.9900,300
39663872948264,11:01:03.872,121.9900,100
39663872948264,11:01:03.872,121.9900,100
39663872948264,11:01:03.872,121.9900,500
39663872948264,11:01:03.872,121.9900,300
39663884891832,11:01:03.884,121.9900,100
39663954324275,11:01:03.954,121.9900,300
39663954324275,11:01:03.954,121.9900,100
39664227335042,11:01:04.227,121.9800,100
39666848271053,11:01:06.848,121.9700,200
39722046552751,11:02:02.046,121.9700,200
39755799542624,11:02:35.799,122.0000,100
40308267902799,11:11:48.267,121.9900,20
40501843493223,11:15:01.843,122.0700,200
41284348536742,11:28:04.348,122.0300,100
41998743389621,11:39:58.743,121.9800,100
42421707927576,11:47:01.707,122.1100,33
42421707927576,11:47:01.707,122.1100,34
42422452592893,11:47:02.452,122.1200,100
42718700941528,11:51:58.700,122.0900,100
43678448584621,12:07:58.448,122.2500,100
44060904916112,12:14:20.904,122.2800,300
44258397504038,12:17:38.397,122.3700,200
44689069712918,12:24:49.069,122.3100,100
44942276654708,12:29:02.276,122.3000,6
45046971642250,12:30:46.971,122.3000,100
45379558167338,12:36:19.558,122.1900,143
45379558238161,12:36:19.558,122.1900,57
45608105662481,12:40:08.105,122.2200,144
45608105702123,12:40:08.105,122.2200,56
45708543080127,12:41:48.543,122.2100,95
45708543373024,12:41:48.543,122.2100,5
45708544006574,12:41:48.544,122.2100,200
45909170555106,12:45:09.170,122.1800,100
45909170555106,12:45:09.170,122.1800,103
46453973009192,12:54:13.973,122.2200,100
46510619223391,12:55:10.619,122.2000,300
46510627048686,12:55:10.627,122.1900,300
46510627048686,12:55:10.627,122.1900,200
46943484211117,13:02:23.484,122.1900,100
47753447108023,13:15:53.447,122.1900,100
48271280897178,13:24:31.280,122.1000,15
48291844994440,13:24:51.844,122.1000,200
48488547994232,13:28:08.547,122.1000,100
48644046052148,13:30:44.046,122.1200,100
49513875964750,13:45:13.875,122.0000,300
49572892748556,13:46:12.892,122.0300,100
49576514993260,13:46:16.514,122.0400,100
50057713704394,13:54:17.713,122.0600,100
50058828938489,13:54:18.828,122.0800,100
50253190747813,13:57:33.190,122.0800,14
50298328498918,13:58:18.328,122.0800,100
50298328498918,13:58:18.328,122.0800,200
50383231898440,13:59:43.231,122.0100,300
50402677023830,14:00:02.677,122.0600,99
50402686504181,14:00:02.686,122.0200,200
50402689047352,14:00:02.689,122.0100,178
50402691607400,14:00:02.691,122.0000,300
50402695695200,14:00:02.695,122.0400,100
50402704698888,14:00:02.704,122.0300,100
50402708388905,14:00:02.708,122.0500,100
50402710174070,14:00:02.710,122.0600,1
50402710174070,14:00:02.710,122.0600,100
50402733936511,14:00:02.733,121.9900,100
50402733965014,14:00:02.733,121.9900,100
50402820362950,14:00:02.820,121.9900,100
50403202469680,14:00:03.202,122.0800,100
50403923606104,14:00:03.923,122.0600,22
50406725610156,14:00:06.725,122.1200,100
50406725625555,14:00:06.725,122.1200,178
50413013024343,14:00:13.013,122.4900,100
50413025644020,14:00:13.025,122.5100,100
50446508153324,14:00:46.508,122.3100,300
50446509047942,14:00:46.509,122.3000,70
50446509923644,14:00:46.509,122.3000,22
50464769014061,14:01:04.769,122.4900,100
50466703355078,14:01:06.703,122.5100,100
50466703675460,14:01:06.703,122.5000,100
50471953585758,14:01:11.953,122.3300,100
50471955948205,14:01:11.955,122.3700,82
50471955964496,14:01:11.955,122.3700,18
50471963394119,14:01:11.963,122.4100,112
50471963395128,14:01:11.963,122.4100,188
50481661897631,14:01:21.661,122.4000,100
50481678258820,14:01:21.678,122.4200,100
50520745258344,14:02:00.745,122.4400,100
50537446539421,14:02:17.446,122.3000,300
50539047576194,14:02:19.047,122.3200,100
50539099752985,14:02:19.099,122.3300,100
50666176326046,14:04:26.176,122.7000,200
50715593647685,14:05:15.593,122.7600,13
50715593675341,14:05:15.593,122.7600,87
50819461825568,14:06:59.461,122.7200,100
50826210631832,14:07:06.210,122.7400,100
50899435021628,14:08:19.435,122.6600,200
51064617948032,14:11:04.617,122.7400,100
51116155539217,14:11:56.155,122.8000,100
51300178065697,14:15:00.178,122.8900,100
51300178285847,14:15:00.178,122.8900,100
51300178561171,14:15:00.178,122.8900,100
51300178561171,14:15:00.178,122.8900,500
51300197484649,14:15:00.197,122.8800,300
51305557328238,14:15:05.557,122.8700,200
51308595917046,14:15:08.595,122.8700,300
51308595917046,14:15:08.595,122.8800,600
51400194583597,14:16:40.194,122.9200,25
51429688592990,14:17:09.688,122.9900,150
51456836954020,14:17:36.836,122.9000,100
51474356470664,14:17:54.356,122.8700,309
51478275776576,14:17:58.275,122.9000,100
51583914272444,14:19:43.914,122.9800,103
51635661256984,14:20:35.661,122.9100,300
51654261433823,14:20:54.261,122.9900,1
51654262333201,14:20:54.262,122.9900,99
51803647858977,14:23:23.647,123.1400,50
51803647858977,14:23:23.647,123.1400,100
51803801812377,14:23:23.801,123.1600,300
51803804689859,14:23:23.804,123.1700,100
51803820187677,14:23:23.820,123.1900,300
51806971816432,14:23:26.971,123.1500,309
51836772156532,14:23:56.772,123.1500,100
52203356724420,14:30:03.356,122.9000,200
52204776031411,14:30:04.776,122.8800,5
52275196112702,14:31:15.196,122.9600,200
52321407567590,14:32:01.407,122.8700,100
52322974226490,14:32:02.974,122.8600,1
52339949195615,14:32:19.949,122.8700,100
52728225465975,14:38:48.225,123.0300,93
52728225728946,14:38:48.225,123.0300,7
52939579750119,14:42:19.579,122.9500,11
52939579833651,14:42:19.579,122.9500,89
53189253568355,14:46:29.253,123.0400,300
53189253568355,14:46:29.253,123.0400,52
53189255944940,14:46:29.255,123.0400,48
53189260134479,14:46:29.260,123.0500,300
53229981083212,14:47:09.981,123.1100,600
53230100102152,14:47:10.100,123.1100,200
53230100102152,14:47:10.100,123.1100,125
53230181786121,14:47:10.181,123.1200,100
53231020740231,14:47:11.020,123.1200,100
53446780833652,14:50:46.780,123.0700,200
53470329083856,14:51:10.329,123.0300,48
53541999815290,14:52:21.999,123.1900,91
53542005751499,14:52:22.005,123.2100,68
53542009075315,14:52:22.009,123.2200,81
53542009526161,14:52:22.009,123.2200,67
53625613628259,14:53:45.613,123.3200,300
53789697568964,14:56:29.697,123.3000,200
53789700841843,14:56:29.700,123.3100,100
53804581022478,14:56:44.581,123.3700,300
53863640972743,14:57:43.640,123.3700,300
53863640972743,14:57:43.640,123.3800,100
53863651364286,14:57:43.651,123.3900,300
53863974995612,14:57:43.974,123.3800,100
54126075131691,15:02:06.075,123.3700,100
54127367933434,15:02:07.367,123.3500,100
54128214857101,15:02:08.214,123.3400,22
54200796163105,15:03:20.796,123.3000,300
54206180761812,15:03:26.180,123.2800,92
54306458117645,15:05:06.458,123.1900,123
54306458368784,15:05:06.458,123.1900,26
54306459385536,15:05:06.459,123.1900,148
54320260478739,15:05:20.260,123.2000,100
54326326516811,15:05:26.326,123.1900,100
54326326516811,15:05:26.326,123.1900,49
54326329037524,15:05:26.329,123.1900,100
54326329245241,15:05:26.329,123.1900,100
54326329482798,15:05:26.329,123.1900,200
54326329510693,15:05:26.329,123.1900,51
54326336987192,15:05:26.336,123.1800,100
54375360833623,15:06:15.360,123.1300,100
54375361184982,15:06:15.361,123.1300,100
54473868734622,15:07:53.868,123.1200,100
54473868734622,15:07:53.868,123.1200,100
54480388381938,15:08:00.388,123.1400,100
54513245873868,15:08:33.245,123.1500,5
54513246295652,15:08:33.246,123.1500,95
54548219235861,15:09:08.219,123.0900,200
54560212742241,15:09:20.212,123.1000,600
54570382598935,15:09:30.382,123.0700,300
54591053092461,15:09:51.053,123.0900,100
54689058740708,15:11:29.058,122.9200,200
54694144688828,15:11:34.144,122.9300,100
54739122110021,15:12:19.122,122.9400,100
54739122110021,15:12:19.122,122.9400,14
54739122126830,15:12:19.122,122.9400,86
54739824239768,15:12:19.824,122.9500,48
54739824247099,15:12:19.824,122.9500,52
54921903057301,15:15:21.903,123.0400,100
55058981779932,15:17:38.981,122.9800,400
55104716319153,15:18:24.716,123.0000,9
55105768405417,15:18:25.768,123.0000,91
55106329648045,15:18:26.329,123.0000,100
55237518342539,15:20:37.518,123.1000,43
55237519672387,15:20:37.519,123.1000,357
55237519672387,15:20:37.519,123.1000,100
55263356935999,15:21:03.356,123.1000,200
55271566155821,15:21:11.566,123.0800,300
55310713109488,15:21:50.713,123.0400,298
55314496937670,15:21:54.496,123.0500,40
55314496996337,15:21:54.496,123.0500,60
55327669306384,15:22:07.669,123.0200,33
55391970873528,15:23:11.970,122.9400,91
55460439193102,15:24:20.439,122.9700,200
55469316464473,15:24:29.316,122.9600,100
55514057952026,15:25:14.057,122.9500,100
55514098773052,15:25:14.098,122.9500,100
55514098773052,15:25:14.098,122.9500,100
55514491384981,15:25:14.491,122.9500,100
55673108972679,15:27:53.108,122.9600,298
55673120799978,15:27:53.120,122.9800,126
55673123543865,15:27:53.123,122.9800,149
55673123556179,15:27:53.123,122.9800,125
55800678828408,15:30:00.678,122.9300,374
55800679025146,15:30:00.679,122.9300,26
55828543960158,15:30:28.543,122.8700,100
55829592134092,15:30:29.592,122.8900,200
55833013852231,15:30:33.013,122.9200,400
55872399297871,15:31:12.399,122.9600,99
55879873316223,15:31:19.873,122.9500,100
55974925533690,15:32:54.925,122.9100,299
55974928323603,15:32:54.928,122.9100,101
56028048574840,15:33:48.048,122.9100,100
56099939120753,15:34:59.939,122.8400,100
56196154252341,15:36:36.154,122.8700,200
56323527229252,15:38:43.527,122.9500,100
56323527271226,15:38:43.527,122.9500,99
56327721131477,15:38:47.721,122.9100,200
56327721495288,15:38:47.721,122.9100,200
56426590719888,15:40:26.590,122.8700,200
56427337621317,15:40:27.337,122.8500,100
56439122773470,15:40:39.122,122.8600,300
56454839449192,15:40:54.839,122.8700,100
56480462382441,15:41:20.462,122.8300,100
56480464137272,15:41:20.464,122.8300,99
56480464646195,15:41:20.464,122.8300,149
56498823767888,15:41:38.823,122.7700,400
56580104460023,15:43:00.104,122.8400,299
56702212919727,15:45:02.212,122.8800,400
56703340085325,15:45:03.340,122.9100,400
56905207002189,15:48:25.207,122.9600,100
56905277065172,15:48:25.277,122.9600,100
57145069188291,15:52:25.069,122.8400,300
57160708549621,15:52:40.708,122.8000,200
57247448586610,15:54:07.448,122.8000,100
57247470408434,15:54:07.470,122.8000,100
57247493210003,15:54:07.493,122.8000,100
57270719569963,15:54:30.719,122.8300,99
57270722298762,15:54:30.722,122.8300,1
57270722298762,15:54:30.722,122.8300,98
57270725169243,15:54:30.725,122.8300,2
57270725169243,15:54:30.725,122.8300,100
57304056346592,15:55:04.056,122.9000,500
57304222800590,15:55:04.222,122.8900,100
57310121762579,15:55:10.121,122.9100,500
57343485879799,15:55:43.485,122.9400,100
57511773396954,15:58:31.773,122.9200,21
57511773575756,15:58:31.773,122.9200,21
57521996681046,15:58:41.996,122.9200,58
57521996681046,15:58:41.996,122.9200,100
57560266181639,15:59:20.266,122.9400,500
57573220816162,15:59:33.220,122.9300,50
57599334794019,15:59:59.334,123.0100,100
57599334794019,15:59:59.334,123.0100,100
57600010059555,16:00:00.010,123.0200,400
57600337665926,16:00:00.337,0.0000,0
