timestamp,time,price,volume
34200376145755,09:30:00.376,13.4100,21456
34388578312659,09:33:08.578,13.4100,100
34388578312659,09:33:08.578,13.4100,10
34388578457731,09:33:08.578,13.4100,100
34388578457731,09:33:08.578,13.4100,10
34388578459378,09:33:08.578,13.4100,100
34388583919373,09:33:08.583,13.4000,100
34388583919373,09:33:08.583,13.4000,9
34388583919373,09:33:08.583,13.4000,2
34388583919373,09:33:08.583,13.4000,100
34388589540613,09:33:08.589,13.4000,500
34388589540613,09:33:08.589,13.4000,100
34388589540613,09:33:08.589,13.4000,30
34388589600043,09:33:08.589,13.4000,70
34388589951686,09:33:08.589,13.4000,400
34388628936504,09:33:08.628,13.4000,100
34388628936504,09:33:08.628,13.4000,100
34388628936504,09:33:08.628,13.4000,100
34389516042075,09:33:09.516,13.3900,400
34389516568303,09:33:09.516,13.3900,300
34389516568303,09:33:09.516,13.3900,100
34394868681966,09:33:14.868,13.3900,100
34394868681966,09:33:14.868,13.3900,100
34397611189360,09:33:17.611,13.3800,100
34397611310292,09:33:17.611,13.3900,100
34397611574616,09:33:17.611,13.3900,100
34397611650220,09:33:17.611,13.3900,100
34422154488047,09:33:42.154,13.3800,100
34434976185187,09:33:54.976,13.3800,100
34543178061769,09:35:43.178,13.3900,50
34543178087056,09:35:43.178,13.3900,50
34557159447651,09:35:57.159,13.3900,3
34575674238085,09:36:15.674,13.3900,4
34585003645249,09:36:25.003,13.3500,100
34585003645249,09:36:25.003,13.3500,50
34585003645249,09:36:25.003,13.3500,150
34614233280111,09:36:54.233,13.3500,100
34668446272760,09:37:48.446,13.3400,100
34671869363665,09:37:51.869,13.3300,380
34671869363665,09:37:51.869,13.3300,20
34671869403789,09:37:51.869,13.3300,80
34674419124496,09:37:54.419,13.3200,100
34677289766282,09:37:57.289,13.3300,100
34677289766282,09:37:57.289,13.3300,100
34760820642099,09:39:20.820,13.3200,29
34812987490643,09:40:12.987,13.3300,100
34812987579313,09:40:12.987,13.3300,100
34819262963701,09:40:19.262,13.3400,100
34819263850886,09:40:19.263,13.3400,100
34819263850886,09:40:19.263,13.3400,100
34819263850886,09:40:19.263,13.3400,100
34819263850886,09:40:19.263,13.3400,100
34819263850886,09:40:19.263,13.3400,100
34819263850886,09:40:19.263,13.3400,100
34820010646851,09:40:20.010,13.3400,100
34833115758883,09:40:33.115,13.3400,100
34833115758883,09:40:33.115,13.3400,100
34870195592613,09:41:10.195,13.3700,200
34878213951259,09:41:18.213,13.3800,51
34878519070475,09:41:18.519,13.3800,49
34901119738546,09:41:41.119,13.3900,100
34901119738546,09:41:41.119,13.3900,100
34901119794996,09:41:41.119,13.3900,3
34936110106674,09:42:16.110,13.3800,100
34936110106674,09:42:16.110,13.3800,90
34942934550794,09:42:22.934,13.3800,100
34942934550794,09:42:22.934,13.3800,100
34942936243568,09:42:22.936,13.3800,100
34942936243568,09:42:22.936,13.3800,100
34987131214345,09:43:07.131,13.3800,100
35047793052647,09:44:07.793,13.4100,1000
35166227571169,09:46:06.227,13.4200,100
35309241666539,09:48:29.241,13.4200,85
35309241666539,09:48:29.241,13.4200,100
35309241666539,09:48:29.241,13.4200,100
35309241666539,09:48:29.241,13.4200,116
35309241666539,09:48:29.241,13.4200,100
35309251657629,09:48:29.251,13.4100,100
35311975673237,09:48:31.975,13.4100,100
35336783752013,09:48:56.783,13.4000,5
35336783752013,09:48:56.783,13.4000,70
35343310727712,09:49:03.310,13.4000,100
35422390847623,09:50:22.390,13.3900,100
35422390905133,09:50:22.390,13.3900,85
35467594854356,09:51:07.594,13.4000,10
35467594860659,09:51:07.594,13.4000,190
35467594860659,09:51:07.594,13.4000,9
35467594863631,09:51:07.594,13.4000,191
35467594863631,09:51:07.594,13.4000,100
35467594863631,09:51:07.594,13.4000,96
35467602883753,09:51:07.602,13.4100,86
35487232805157,09:51:27.232,13.4100,100
35487232805157,09:51:27.232,13.4100,100
35487233394451,09:51:27.233,13.4100,100
35554209730818,09:52:34.209,13.4000,191
35554209730818,09:52:34.209,13.4000,66
35554209730818,09:52:34.209,13.4000,100
35626682135509,09:53:46.682,13.3700,100
35626690622895,09:53:46.690,13.3700,100
35626690736063,09:53:46.690,13.3700,100
35626690736063,09:53:46.690,13.3700,100
35629246149772,09:53:49.246,13.3500,100
35629246149772,09:53:49.246,13.3500,1500
35646175256745,09:54:06.175,13.3400,100
35677100639190,09:54:37.100,13.3300,100
35763286224196,09:56:03.286,13.3300,2
35789769999347,09:56:29.769,13.3300,100
35789769999347,09:56:29.769,13.3300,100
35881108722337,09:58:01.108,13.3300,300
35881108722337,09:58:01.108,13.3300,1
35881108752267,09:58:01.108,13.3300,199
35883237632956,09:58:03.237,13.3400,100
35883238260278,09:58:03.238,13.3400,100
35910366757294,09:58:30.366,13.3500,300
35956366383470,09:59:16.366,13.3600,100
35960530707551,09:59:20.530,13.3600,21
35963283334248,09:59:23.283,13.3500,100
36000383893934,10:00:00.383,13.3700,100
36076379365453,10:01:16.379,13.3800,100
36113513004495,10:01:53.513,13.3900,300
36147186712480,10:02:27.186,13.3900,100
36154700951668,10:02:34.700,13.3900,100
36166702747082,10:02:46.702,13.3800,100
36166702747082,10:02:46.702,13.3800,100
36263178345162,10:04:23.178,13.3700,96
36334513410760,10:05:34.513,13.3750,65
36334513410760,10:05:34.513,13.3700,4
36334513410760,10:05:34.513,13.3700,35
36334513473399,10:05:34.513,13.3700,65
36347273387948,10:05:47.273,13.3650,100
36347274001032,10:05:47.274,13.3650,100
36347281594059,10:05:47.281,13.3700,100
36347281594059,10:05:47.281,13.3700,100
36347281594059,10:05:47.281,13.3700,53
36347281594059,10:05:47.281,13.3700,47
36378836277137,10:06:18.836,13.3800,100
36378836277137,10:06:18.836,13.3800,200
36378836277137,10:06:18.836,13.3800,59
36430366463262,10:07:10.366,13.4000,200
36430366463262,10:07:10.366,13.4000,200
36437860008851,10:07:17.860,13.4050,100
36521217408860,10:08:41.217,13.4200,200
36607509642800,10:10:07.509,13.4200,61
36612375603333,10:10:12.375,13.4300,300
36666844624017,10:11:06.844,13.4300,14
36723229838899,10:12:03.229,13.4300,100
36745054931241,10:12:25.054,13.4300,100
36829366672114,10:13:49.366,13.4400,200
36829366672114,10:13:49.366,13.4400,61
36831602539994,10:13:51.602,13.4500,100
36865334263695,10:14:25.334,13.4500,100
36896150586388,10:14:56.150,13.4500,100
36905656480135,10:15:05.656,13.4500,100
36934541474759,10:15:34.541,13.4500,50
37050227080640,10:17:30.227,13.4400,100
37050227080640,10:17:30.227,13.4400,70
37050227080640,10:17:30.227,13.4400,30
37065376446102,10:17:45.376,13.4400,70
37065376446102,10:17:45.376,13.4400,35
37065376446102,10:17:45.376,13.4400,100
37080035442159,10:18:00.035,13.4300,70
37080035442159,10:18:00.035,13.4300,30
37080035504359,10:18:00.035,13.4300,70
37139986086158,10:18:59.986,13.4200,100
37280232603854,10:21:20.232,13.4200,100
37280232603854,10:21:20.232,13.4200,100
37280232603854,10:21:20.232,13.4200,59
37280232603854,10:21:20.232,13.4200,441
37280232639209,10:21:20.232,13.4200,59
37280232655429,10:21:20.232,13.4200,59
37280232668827,10:21:20.232,13.4200,59
37280232685683,10:21:20.232,13.4200,41
37280232685683,10:21:20.232,13.4200,59
37280232697233,10:21:20.232,13.4200,100
37280232697233,10:21:20.232,13.4200,182
37289342160374,10:21:29.342,13.4300,100
37289342160374,10:21:29.342,13.4300,100
37329381765075,10:22:09.381,13.4300,100
37329381765075,10:22:09.381,13.4300,121
37348220561171,10:22:28.220,13.4200,72
37357922987884,10:22:37.922,13.4150,100
37373883020748,10:22:53.883,13.4200,200
37418033588483,10:23:38.033,13.4200,100
37418033588483,10:23:38.033,13.4200,38
37466807454433,10:24:26.807,13.4200,100
37466807454433,10:24:26.807,13.4200,100
37550255549889,10:25:50.255,13.4200,62
37550255584261,10:25:50.255,13.4200,38
37681542265317,10:28:01.542,13.4300,13
37681542265317,10:28:01.542,13.4300,100
37681542265317,10:28:01.542,13.4300,100
37686197592446,10:28:06.197,13.4400,58
37747618649385,10:29:07.618,13.4500,393
37747618649385,10:29:07.618,13.4500,300
37747618649385,10:29:07.618,13.4500,300
37747622458832,10:29:07.622,13.4600,500
37747622458832,10:29:07.622,13.4600,100
37747622567473,10:29:07.622,13.4600,100
37747622567473,10:29:07.622,13.4600,100
37748368722178,10:29:08.368,13.4650,100
37760681989519,10:29:20.681,13.4650,100
37761181985141,10:29:21.181,13.4650,100
37767367408621,10:29:27.367,13.4700,100
37772925985981,10:29:32.925,13.4750,100
37871365120604,10:31:11.365,13.4750,100
37991453123534,10:33:11.453,13.4700,100
38093369384462,10:34:53.369,13.4800,400
38093369384462,10:34:53.369,13.4800,100
38093369384462,10:34:53.369,13.4800,100
38093369384462,10:34:53.369,13.4800,100
38093369384462,10:34:53.369,13.4800,55
38093370376456,10:34:53.370,13.4900,50
38096364646583,10:34:56.364,13.4950,100
38096364646583,10:34:56.364,13.4950,100
38099364241507,10:34:59.364,13.4950,100
38102364626069,10:35:02.364,13.4950,100
38200218410859,10:36:40.218,13.4950,100
38200223550165,10:36:40.223,13.5000,1500
38200223550165,10:36:40.223,13.5000,100
38200223550165,10:36:40.223,13.5000,50
38200223550165,10:36:40.223,13.5000,1000
38200223550165,10:36:40.223,13.5000,74
38200223550165,10:36:40.223,13.5000,100
38200223550165,10:36:40.223,13.5000,200
38200223550165,10:36:40.223,13.5000,300
38200223550165,10:36:40.223,13.5000,100
38200223550165,10:36:40.223,13.5000,30
38200223550165,10:36:40.223,13.5000,57
38201036754296,10:36:41.036,13.5100,100
38210602349171,10:36:50.602,13.5200,100
38210602349171,10:36:50.602,13.5200,100
38254296936010,10:37:34.296,13.5250,200
38254296936010,10:37:34.296,13.5250,100
38312622981927,10:38:32.622,13.5300,71
38321370115518,10:38:41.370,13.5300,129
38321370115518,10:38:41.370,13.5300,100
38321370115518,10:38:41.370,13.5300,100
38321370115518,10:38:41.370,13.5300,64
38321370115518,10:38:41.370,13.5300,100
38324365326799,10:38:44.365,13.5350,100
38327364267812,10:38:47.364,13.5350,100
38330364601026,10:38:50.364,13.5350,100
38330583031703,10:38:50.583,13.5300,100
38330583031703,10:38:50.583,13.5300,100
38331043327961,10:38:51.043,13.5300,100
38362255313060,10:39:22.255,13.5400,100
38393768382388,10:39:53.768,13.5300,100
38443239553066,10:40:43.239,13.5200,100
38443239553066,10:40:43.239,13.5200,100
38650369072849,10:44:10.369,13.5200,100
38650369160810,10:44:10.369,13.5200,100
38650369160810,10:44:10.369,13.5200,100
38650369160810,10:44:10.369,13.5200,63
38650369160810,10:44:10.369,13.5200,30
38650369271822,10:44:10.369,13.5200,70
38651516674160,10:44:11.516,13.5300,100
38651517738642,10:44:11.517,13.5300,100
38651726207158,10:44:11.726,13.5300,200
38653368498491,10:44:13.368,13.5300,100
38701819270386,10:45:01.819,13.5400,100
38701819466401,10:45:01.819,13.5400,38
38701819466401,10:45:01.819,13.5400,100
38701819466401,10:45:01.819,13.5400,100
38701819466401,10:45:01.819,13.5400,2
38701819499584,10:45:01.819,13.5400,1
38703319256078,10:45:03.319,13.5500,40
38703319256078,10:45:03.319,13.5500,100
38703319256078,10:45:03.319,13.5500,100
38706946684561,10:45:06.946,13.5500,100
38761329536281,10:46:01.329,13.5500,100
38761329536281,10:46:01.329,13.5500,100
38808699846993,10:46:48.699,13.5400,100
38820211288429,10:47:00.211,13.5300,100
38820211288429,10:47:00.211,13.5300,100
38869184952653,10:47:49.184,13.5300,100
38870669117561,10:47:50.669,13.5400,100
38893069008228,10:48:13.069,13.5400,68
38963316153431,10:49:23.316,13.5450,100
38963317206319,10:49:23.317,13.5450,98
38968366507772,10:49:28.366,13.5500,100
38968366507772,10:49:28.366,13.5500,100
38968366507772,10:49:28.366,13.5500,400
38973315884307,10:49:33.315,13.5600,100
38980368068903,10:49:40.368,13.5600,100
38989517474603,10:49:49.517,13.5550,100
39039172896690,10:50:39.172,13.5500,100
39041919077130,10:50:41.919,13.5500,200
39041919077130,10:50:41.919,13.5500,45
39098448827300,10:51:38.448,13.5600,100
39219432000060,10:53:39.432,13.5600,100
39219432000060,10:53:39.432,13.5600,74
39219432000060,10:53:39.432,13.5600,112
39226561037529,10:53:46.561,13.5500,47
39226561538773,10:53:46.561,13.5500,53
39226561538773,10:53:46.561,13.5500,36
39233390450766,10:53:53.390,13.5400,100
39233390842708,10:53:53.390,13.5500,100
39233390842708,10:53:53.390,13.5500,71
39394053666364,10:56:34.053,13.5400,100
39402366477780,10:56:42.366,13.5450,100
39466899712922,10:57:46.899,13.5400,100
39490311968457,10:58:10.311,13.5400,100
39490311968457,10:58:10.311,13.5400,100
39490311968457,10:58:10.311,13.5400,200
39490315686474,10:58:10.315,13.5500,400
39490315686474,10:58:10.315,13.5500,100
39490315686474,10:58:10.315,13.5500,100
39490315686474,10:58:10.315,13.5500,100
39490315824311,10:58:10.315,13.5500,100
39490315824311,10:58:10.315,13.5500,100
39493810098271,10:58:13.810,13.5600,100
39494363203036,10:58:14.363,13.5600,100
39494365262244,10:58:14.365,13.5600,100
39509367003942,10:58:29.367,13.5700,100
39509367003942,10:58:29.367,13.5700,220
39509368583163,10:58:29.368,13.5700,580
39515364783944,10:58:35.364,13.5750,100
39518364946093,10:58:38.364,13.5750,100
39521364274222,10:58:41.364,13.5650,200
39528600959203,10:58:48.600,13.5700,300
39528600959203,10:58:48.600,13.5700,38
39528600959203,10:58:48.600,13.5700,100
39528600959203,10:58:48.600,13.5700,100
39528600959203,10:58:48.600,13.5700,100
39528601082298,10:58:48.601,13.5700,400
39554499289857,10:59:14.499,13.5600,100
39559344982465,10:59:19.344,13.5500,41
39585101905039,10:59:45.101,13.5500,100
39591356111616,10:59:51.356,13.5600,100
39599419853984,10:59:59.419,13.5600,100
39655071439803,11:00:55.071,13.5600,478
39661368029576,11:01:01.368,13.5600,200
39663458947669,11:01:03.458,13.5600,300
39663459348385,11:01:03.459,13.5600,100
39666994357678,11:01:06.994,13.5600,74
39675830813257,11:01:15.830,13.5700,100
39675830813257,11:01:15.830,13.5700,200
39761054471358,11:02:41.054,13.5600,100
39798737536664,11:03:18.737,13.5600,100
39871283977626,11:04:31.283,13.5600,100
39894856283537,11:04:54.856,13.5500,222
39894856339954,11:04:54.856,13.5500,18
39894856632209,11:04:54.856,13.5500,200
39894857142587,11:04:54.857,13.5500,560
39974148278336,11:06:14.148,13.5500,100
39974148696372,11:06:14.148,13.5500,70
40109999930741,11:08:29.999,13.5600,100
40109999930741,11:08:29.999,13.5600,100
40181605659914,11:09:41.605,13.5600,500
40181664901655,11:09:41.664,13.5500,100
40198365206983,11:09:58.365,13.5450,100
40244364735458,11:10:44.364,13.5450,100
40296959330545,11:11:36.959,13.5400,100
40335457551344,11:12:15.457,13.5400,100
40420825746716,11:13:40.825,13.5300,100
40429322144525,11:13:49.322,13.5300,100
40429541066033,11:13:49.541,13.5300,200
40475326477124,11:14:35.326,13.5200,23
40475326521367,11:14:35.326,13.5200,77
40587527846747,11:16:27.527,13.5100,100
40643918122998,11:17:23.918,13.5100,100
40643918122998,11:17:23.918,13.5100,100
40643918122998,11:17:23.918,13.5100,75
40691709892327,11:18:11.709,13.5100,25
40691709892327,11:18:11.709,13.5100,71
40894738504583,11:21:34.738,13.5200,1000
40894738504583,11:21:34.738,13.5200,100
40894738504583,11:21:34.738,13.5200,100
40894738504583,11:21:34.738,13.5200,100
40894738703022,11:21:34.738,13.5200,200
41163650407479,11:26:03.650,13.5200,100
41163650407479,11:26:03.650,13.5200,100
41166200509417,11:26:06.200,13.5200,200
41166243294224,11:26:06.243,13.5200,21
41166366859132,11:26:06.366,13.5200,79
41166366859132,11:26:06.366,13.5200,100
41166366859132,11:26:06.366,13.5200,100
41166366859132,11:26:06.366,13.5200,74
41166366859132,11:26:06.366,13.5200,47
41166366914362,11:26:06.366,13.5200,53
41174368100980,11:26:14.368,13.5300,200
41174368100980,11:26:14.368,13.5300,100
41181947001682,11:26:21.947,13.5250,100
41182446999346,11:26:22.446,13.5250,100
41233437714676,11:27:13.437,13.5200,2
41233437714676,11:27:13.437,13.5200,20
41287245744043,11:28:07.245,13.5200,100
41439367930500,11:30:39.367,13.5200,113
41439367938815,11:30:39.367,13.5200,87
41439367938815,11:30:39.367,13.5200,100
41439367938815,11:30:39.367,13.5200,16
41439368024985,11:30:39.368,13.5200,59
41439368024985,11:30:39.368,13.5200,51
41439368067032,11:30:39.368,13.5200,149
41439387629709,11:30:39.387,13.5250,200
41480593400478,11:31:20.593,13.5300,100
41523903653472,11:32:03.903,13.5400,100
41523903653472,11:32:03.903,13.5400,100
41565366892298,11:32:45.366,13.5400,100
41616228001615,11:33:36.228,13.5400,100
41616228001615,11:33:36.228,13.5400,500
41626230957874,11:33:46.230,13.5400,100
41665366829024,11:34:25.366,13.5500,13
41678055986825,11:34:38.055,13.5500,79
41678055986825,11:34:38.055,13.5500,21
41678056012832,11:34:38.056,13.5500,79
41678056012832,11:34:38.056,13.5500,100
41678056012832,11:34:38.056,13.5500,100
41679522026132,11:34:39.522,13.5550,100
41707797674724,11:35:07.797,13.5600,100
41790672236594,11:36:30.672,13.5600,100
41790672236594,11:36:30.672,13.5600,100
41794438355979,11:36:34.438,13.5600,100
41835183090075,11:37:15.183,13.5600,250
41897224397565,11:38:17.224,13.5600,350
41897224397565,11:38:17.224,13.5600,250
41897224438694,11:38:17.224,13.5600,50
41898394703355,11:38:18.394,13.5600,50
41898394703355,11:38:18.394,13.5600,100
41921902223976,11:38:41.902,13.5700,100
42050364685206,11:40:50.364,13.5650,100
42050364685206,11:40:50.364,13.5650,100
42093859828243,11:41:33.859,13.5600,100
42116255616790,11:41:56.255,13.5600,100
42121344428274,11:42:01.344,13.5550,25
42161372491782,11:42:41.372,13.5500,100
42161372491782,11:42:41.372,13.5500,100
42261609692855,11:44:21.609,13.5500,200
42275193832352,11:44:35.193,13.5500,28
42282474056269,11:44:42.474,13.5550,100
42282474056269,11:44:42.474,13.5600,200
42282474056269,11:44:42.474,13.5600,100
42282474056269,11:44:42.474,13.5600,100
42282474056269,11:44:42.474,13.5600,100
42282474056269,11:44:42.474,13.5600,100
42282475170512,11:44:42.475,13.5600,84
42282475170512,11:44:42.475,13.5600,44
42283930787486,11:44:43.930,13.5700,100
42369069939363,11:46:09.069,13.5700,100
42370368492669,11:46:10.368,13.5800,100
42370368492669,11:46:10.368,13.5800,98
42370368492669,11:46:10.368,13.5800,100
42371375776155,11:46:11.375,13.5800,100
42373369810263,11:46:13.369,13.5900,100
42373594556408,11:46:13.594,13.5900,100
42373594722405,11:46:13.594,13.5900,20
42373594722405,11:46:13.594,13.5900,80
42376019603901,11:46:16.019,13.5900,20
42376019603901,11:46:16.019,13.5900,100
42376019603901,11:46:16.019,13.5900,100
42376019603901,11:46:16.019,13.5900,180
42376020525009,11:46:16.020,13.5900,20
42380819350172,11:46:20.819,13.5900,100
42381443941704,11:46:21.443,13.5900,100
42391022184316,11:46:31.022,13.5900,100
42391022184316,11:46:31.022,13.5900,100
42391022184316,11:46:31.022,13.5900,100
42440869891769,11:47:20.869,13.5900,100
42440870239618,11:47:20.870,13.5900,72
42443367386911,11:47:23.367,13.5900,28
42475585351157,11:47:55.585,13.5900,100
42475586203672,11:47:55.586,13.5900,100
42571982018907,11:49:31.982,13.5900,37
42572119804828,11:49:32.119,13.5900,60
42572119804828,11:49:32.119,13.5900,40
42587846871082,11:49:47.846,13.5900,300
42597365425522,11:49:57.365,13.5900,100
42597365425522,11:49:57.365,13.5900,100
42610524141231,11:50:10.524,13.5900,200
42610524141231,11:50:10.524,13.5900,62
42610524236429,11:50:10.524,13.5900,30
42740968337081,11:52:20.968,13.5900,100
42742011314974,11:52:22.011,13.6000,100
42742011314974,11:52:22.011,13.6000,100
42742011314974,11:52:22.011,13.6000,100
42830369225715,11:53:50.369,13.6000,100
42830369225715,11:53:50.369,13.6000,100
42830369225715,11:53:50.369,13.6000,100
42830369439433,11:53:50.369,13.6000,100
42833370484801,11:53:53.370,13.6200,1
42855690906127,11:54:15.690,13.6200,99
42855690906127,11:54:15.690,13.6200,1
42884364976235,11:54:44.364,13.6150,100
42897242812636,11:54:57.242,13.6100,100
42897242812636,11:54:57.242,13.6100,2
42897242812636,11:54:57.242,13.6100,200
42897242812636,11:54:57.242,13.6100,98
42897243203285,11:54:57.243,13.6100,2
42897243203285,11:54:57.243,13.6100,100
42897243506782,11:54:57.243,13.6100,100
42998246237472,11:56:38.246,13.6000,100
43004517178582,11:56:44.517,13.5900,100
43009910898125,11:56:49.910,13.5900,200
43115760472193,11:58:35.760,13.5900,100
43115760472193,11:58:35.760,13.5900,100
43181936406851,11:59:41.936,13.5800,100
43181936406851,11:59:41.936,13.5800,500
43181936406851,11:59:41.936,13.5800,100
43182439187915,11:59:42.439,13.5800,100
43182439187915,11:59:42.439,13.5800,100
43212370007170,12:00:12.370,13.5900,200
43212370007170,12:00:12.370,13.5900,100
43212370007170,12:00:12.370,13.5900,95
43220364952934,12:00:20.364,13.6000,99
43222883557613,12:00:22.883,13.6000,100
43243173117697,12:00:43.173,13.6100,100
43245824195439,12:00:45.824,13.6100,100
43245824195439,12:00:45.824,13.6100,100
43245824195439,12:00:45.824,13.6100,100
43246698592817,12:00:46.698,13.6100,100
43259711197047,12:00:59.711,13.6200,100
43264837627592,12:01:04.837,13.6200,36
43311993741430,12:01:51.993,13.6300,100
43373893602751,12:02:53.893,13.6300,100
43373893602751,12:02:53.893,13.6300,200
43373893602751,12:02:53.893,13.6300,100
43373893602751,12:02:53.893,13.6300,100
43373893602751,12:02:53.893,13.6300,95
43373893602751,12:02:53.893,13.6300,40
43373893602751,12:02:53.893,13.6300,100
43373893602751,12:02:53.893,13.6300,1
43435905153356,12:03:55.905,13.6300,399
43435905153356,12:03:55.905,13.6300,100
43435905153356,12:03:55.905,13.6300,3301
43435905563347,12:03:55.905,13.6300,100
43435905716649,12:03:55.905,13.6300,100
43435905716649,12:03:55.905,13.6300,100
43435905745170,12:03:55.905,13.6300,100
43435905760995,12:03:55.905,13.6300,98
43435907067859,12:03:55.907,13.6300,100
43435907067859,12:03:55.907,13.6300,100
43435907067859,12:03:55.907,13.6300,101
43436028800712,12:03:56.028,13.6300,25
43453367842626,12:04:13.367,13.6300,100
43453389076840,12:04:13.389,13.6300,94
43463368678409,12:04:23.368,13.6400,100
43466368447701,12:04:26.368,13.6400,100
43478483305166,12:04:38.483,13.6400,100
43480368110337,12:04:40.368,13.6400,100
43480368169292,12:04:40.368,13.6400,4114
43480368169292,12:04:40.368,13.6400,21
43480368169292,12:04:40.368,13.6400,400
43490079274094,12:04:50.079,13.6500,100
43493756772461,12:04:53.756,13.6550,100
43502825914258,12:05:02.825,13.6550,100
43550173084471,12:05:50.173,13.6600,100
43576354609578,12:06:16.354,13.6500,100
43576354609578,12:06:16.354,13.6500,400
43576354609578,12:06:16.354,13.6500,100
43576354609578,12:06:16.354,13.6500,100
43576354609578,12:06:16.354,13.6500,300
43576364720897,12:06:16.364,13.6400,100
43661367412363,12:07:41.367,13.6400,100
43680731169596,12:08:00.731,13.6400,96
43680731169596,12:08:00.731,13.6400,4
43861468670699,12:11:01.468,13.6400,96
43861468670699,12:11:01.468,13.6400,200
43861468670699,12:11:01.468,13.6400,100
43952115701848,12:12:32.115,13.6500,100
43952142804281,12:12:32.142,13.6500,100
43963367007502,12:12:43.367,13.6500,93
43963367007502,12:12:43.367,13.6500,7
43963367080318,12:12:43.367,13.6500,93
43963798258017,12:12:43.798,13.6550,100
43963818150185,12:12:43.818,13.6600,100
43978350876902,12:12:58.350,13.6600,100
43999318026300,12:13:19.318,13.6650,100
43999318494974,12:13:19.318,13.6650,200
43999318494974,12:13:19.318,13.6650,91
44041664395010,12:14:01.664,13.6600,100
44041664395010,12:14:01.664,13.6600,100
44041664395010,12:14:01.664,13.6600,100
44041664395010,12:14:01.664,13.6600,500
44041664395010,12:14:01.664,13.6600,100
44041664502860,12:14:01.664,13.6600,100
44041665109693,12:14:01.665,13.6600,100
44042197941236,12:14:02.197,13.6600,100
44042198063136,12:14:02.198,13.6600,100
44042661337460,12:14:02.661,13.6600,100
44042661337460,12:14:02.661,13.6600,100
44066366986812,12:14:26.366,13.6600,100
44068097408577,12:14:28.097,13.6600,100
44071106197868,12:14:31.106,13.6600,100
44084196640029,12:14:44.196,13.6600,100
44163026053649,12:16:03.026,13.6700,100
44248892998762,12:17:28.892,13.6750,200
44267378058087,12:17:47.378,13.6800,100
44270366210931,12:17:50.366,13.6800,100
44270366268704,12:17:50.366,13.6800,100
44270366268704,12:17:50.366,13.6800,98
44270366268704,12:17:50.366,13.6800,100
44270366268704,12:17:50.366,13.6800,100
44270367675671,12:17:50.367,13.6800,100
44270495668629,12:17:50.495,13.6850,100
44278354018460,12:17:58.354,13.6900,100
44278384698262,12:17:58.384,13.6900,27
44278385421935,12:17:58.385,13.6900,300
44278385474048,12:17:58.385,13.6900,24
44278385474048,12:17:58.385,13.6900,76
44307762000760,12:18:27.762,13.6900,100
44326693299022,12:18:46.693,13.6850,100
44326693807448,12:18:46.693,13.6850,100
44327561888315,12:18:47.561,13.6800,100
44327561888315,12:18:47.561,13.6800,400
44327561914006,12:18:47.561,13.6800,14
44327582254179,12:18:47.582,13.6700,100
44327582254179,12:18:47.582,13.6700,100
44327966396341,12:18:47.966,13.6650,100
44348145913225,12:19:08.145,13.6600,2
44348145913225,12:19:08.145,13.6600,100
44348293157379,12:19:08.293,13.6500,100
44348294551194,12:19:08.294,13.6500,100
44348294551194,12:19:08.294,13.6500,100
44356393539424,12:19:16.393,13.6400,100
44383250013871,12:19:43.250,13.6350,100
44388539024381,12:19:48.539,13.6350,100
44408676365678,12:20:08.676,13.6400,100
44408676365678,12:20:08.676,13.6400,100
44408677057132,12:20:08.677,13.6400,100
44408677057132,12:20:08.677,13.6400,99
44411072191968,12:20:11.072,13.6450,6
44417284150662,12:20:17.284,13.6500,25
44439154012031,12:20:39.154,13.6450,100
44459368934687,12:20:59.368,13.6500,100
44459370776489,12:20:59.370,13.6500,100
44501366730920,12:21:41.366,13.6600,100
44504366567933,12:21:44.366,13.6600,100
44533833795184,12:22:13.833,13.6550,100
44632193386893,12:23:52.193,13.6600,100
44633358375929,12:23:53.358,13.6600,100
44633358375929,12:23:53.358,13.6600,100
44633711302560,12:23:53.711,13.6650,200
44633711302560,12:23:53.711,13.6650,551
44636364797901,12:23:56.364,13.6650,100
44666366329144,12:24:26.366,13.6700,100
44668357926305,12:24:28.357,13.6700,100
44669050670702,12:24:29.050,13.6700,109
44672643300095,12:24:32.643,13.6700,300
44672643300095,12:24:32.643,13.6700,400
44672643300095,12:24:32.643,13.6700,500
44695234031246,12:24:55.234,13.6650,30
44695467712591,12:24:55.467,13.6700,86
44697243772234,12:24:57.243,13.6700,100
44781082187021,12:26:21.082,13.6700,100
44781082187021,12:26:21.082,13.6700,100
44781082187021,12:26:21.082,13.6700,100
44781084290318,12:26:21.084,13.6600,100
44781084290318,12:26:21.084,13.6600,200
44785364694805,12:26:25.364,13.6650,100
44796288063713,12:26:36.288,13.6600,100
44818922638513,12:26:58.922,13.6550,100
44830916011091,12:27:10.916,13.6500,100
44830916011091,12:27:10.916,13.6500,200
44830916011091,12:27:10.916,13.6500,25
44885877033776,12:28:05.877,13.6500,100
44885877033776,12:28:05.877,13.6500,100
44885877066650,12:28:05.877,13.6500,100
44899162570802,12:28:19.162,13.6600,100
44899162570802,12:28:19.162,13.6600,400
45046830489941,12:30:46.830,13.6500,100
45046830489941,12:30:46.830,13.6500,99
45046830694505,12:30:46.830,13.6500,1
45046830694505,12:30:46.830,13.6500,99
45046830805530,12:30:46.830,13.6500,3
45058364969805,12:30:58.364,13.6550,100
45067851523726,12:31:07.851,13.6500,100
45067852477572,12:31:07.852,13.6450,100
45069794237901,12:31:09.794,13.6500,100
45075877983446,12:31:15.877,13.6500,100
45091520032062,12:31:31.520,13.6450,100
45150124016613,12:32:30.124,13.6600,300
45150124016613,12:32:30.124,13.6600,100
45155353254229,12:32:35.353,13.6650,100
45183725500195,12:33:03.725,13.6600,500
45183725500195,12:33:03.725,13.6600,400
45196615341037,12:33:16.615,13.6600,100
45196615341037,12:33:16.615,13.6600,72
45196615818237,12:33:16.615,13.6600,28
45318199566772,12:35:18.199,13.6500,100
45318199566772,12:35:18.199,13.6500,100
45330714495610,12:35:30.714,13.6400,100
45400364891211,12:36:40.364,13.6350,100
45456546171684,12:37:36.546,13.6400,500
45456546171684,12:37:36.546,13.6400,100
45456546171684,12:37:36.546,13.6400,107
45464368638906,12:37:44.368,13.6500,95
45464368724319,12:37:44.368,13.6500,5
45513348550427,12:38:33.348,13.6600,31
45513348575283,12:38:33.348,13.6600,400
45513348575283,12:38:33.348,13.6600,100
45529192050515,12:38:49.192,13.6600,100
45540766439047,12:39:00.766,13.6500,400
45540766880612,12:39:00.766,13.6500,100
45629179786420,12:40:29.179,13.6400,100
45629179786420,12:40:29.179,13.6400,200
45629179786420,12:40:29.179,13.6400,109
45633389089262,12:40:33.389,13.6400,400
45642880200397,12:40:42.880,13.6400,100
45652367963993,12:40:52.367,13.6400,200
45665368778711,12:41:05.368,13.6500,100
45668366258320,12:41:08.366,13.6600,100
45668511716153,12:41:08.511,13.6600,300
45671364399035,12:41:11.364,13.6500,100
45671364920534,12:41:11.364,13.6500,200
45680364413465,12:41:20.364,13.6600,100
45686367640550,12:41:26.367,13.6600,100
45824503780878,12:43:44.503,13.6600,100
45887049416761,12:44:47.049,13.6500,395
45887049602687,12:44:47.049,13.6500,105
46150178766018,12:49:10.178,13.6500,400
46150178766018,12:49:10.178,13.6500,600
46152251735815,12:49:12.251,13.6400,100
46152251735815,12:49:12.251,13.6400,100
46152251735815,12:49:12.251,13.6400,100
46152251735815,12:49:12.251,13.6400,100
46155251114172,12:49:15.251,13.6300,100
46169364954107,12:49:29.364,13.6250,100
46172256822886,12:49:32.256,13.6200,100
46195316218230,12:49:55.316,13.6150,10
46206070284744,12:50:06.070,13.6150,190
46206070284744,12:50:06.070,13.6150,200
46206070284744,12:50:06.070,13.6150,800
46206070284744,12:50:06.070,13.6150,200
46206070284744,12:50:06.070,13.6150,100
46206070284744,12:50:06.070,13.6100,100
46206070284744,12:50:06.070,13.6100,100
46206070284744,12:50:06.070,13.6100,100
46206070284744,12:50:06.070,13.6100,100
46206070284744,12:50:06.070,13.6100,110
46206070591032,12:50:06.070,13.6100,390
46206070591032,12:50:06.070,13.6100,100
46206072126560,12:50:06.072,13.6100,100
46206072126560,12:50:06.072,13.6100,100
46206072126560,12:50:06.072,13.6100,200
46210364392444,12:50:10.364,13.6150,100
46407816251961,12:53:27.816,13.6100,400
46407816251961,12:53:27.816,13.6100,86
46435756136447,12:53:55.756,13.6100,14
46435756136447,12:53:55.756,13.6100,100
46435756136447,12:53:55.756,13.6100,186
46435756210271,12:53:55.756,13.6100,314
46435756210271,12:53:55.756,13.6100,100
46435756210271,12:53:55.756,13.6100,100
46435756210271,12:53:55.756,13.6100,100
46435756210271,12:53:55.756,13.6100,1
46435756210271,12:53:55.756,13.6100,100
46438257837017,12:53:58.257,13.6000,100
46445464789207,12:54:05.464,13.6000,100
46498387525662,12:54:58.387,13.5900,100
46498387662993,12:54:58.387,13.5900,100
46560123586415,12:56:00.123,13.5800,1
46560123586415,12:56:00.123,13.5800,100
46624382147276,12:57:04.382,13.5700,100
46752451190228,12:59:12.451,13.5700,100
46752451190228,12:59:12.451,13.5700,100
46767477126066,12:59:27.477,13.5700,100
46773135326267,12:59:33.135,13.5700,200
46773135483615,12:59:33.135,13.5700,43
46897251394014,13:01:37.251,13.5700,100
46897251394014,13:01:37.251,13.5700,40
46897251433845,13:01:37.251,13.5700,60
46897252370649,13:01:37.252,13.5700,100
46898377539913,13:01:38.377,13.5700,100
46898377539913,13:01:38.377,13.5700,105
46980016725723,13:03:00.016,13.5700,100
46982336242541,13:03:02.336,13.5700,100
46982336242541,13:03:02.336,13.5700,100
46982336242541,13:03:02.336,13.5700,100
46987351432554,13:03:07.351,13.5600,100
47041342829022,13:04:01.342,13.5550,23
47095230510617,13:04:55.230,13.5600,300
47095230510617,13:04:55.230,13.5600,100
47095230510617,13:04:55.230,13.5600,108
47095230510617,13:04:55.230,13.5600,100
47095561261126,13:04:55.561,13.5600,100
47112087155957,13:05:12.087,13.5700,100
47129367864198,13:05:29.367,13.5800,100
47129367864198,13:05:29.367,13.5800,200
47132490348372,13:05:32.490,13.5800,4
47150255640989,13:05:50.255,13.5800,696
47150255640989,13:05:50.255,13.5800,500
47175400938624,13:06:15.400,13.5700,188
47186364559768,13:06:26.364,13.5750,48
47238369566982,13:07:18.369,13.5800,132
47246369742253,13:07:26.369,13.5800,114
47309413558236,13:08:29.413,13.5900,100
47310145322803,13:08:30.145,13.5900,100
47605055021423,13:13:25.055,13.5800,100
47605055021423,13:13:25.055,13.5800,100
47605055021423,13:13:25.055,13.5800,500
47605055021423,13:13:25.055,13.5800,100
47605055404765,13:13:25.055,13.5800,1
47610486859940,13:13:30.486,13.5700,100
47610486859940,13:13:30.486,13.5700,100
47610486859940,13:13:30.486,13.5700,100
47610486859940,13:13:30.486,13.5700,700
47612073735388,13:13:32.073,13.5650,100
47612073735388,13:13:32.073,13.5650,200
47612073735388,13:13:32.073,13.5650,200
47612073735388,13:13:32.073,13.5650,200
47612073735388,13:13:32.073,13.5650,200
47612073735388,13:13:32.073,13.5650,100
47612073735388,13:13:32.073,13.5600,100
47612073735388,13:13:32.073,13.5600,300
47619412860778,13:13:39.412,13.5800,100
47635280505020,13:13:55.280,13.5800,100
47641546584464,13:14:01.546,13.5750,11
47697366125681,13:14:57.366,13.5850,100
47817160776380,13:16:57.160,13.5800,7
47910948561564,13:18:30.948,13.5800,93
47910948561564,13:18:30.948,13.5800,7
47910948756433,13:18:30.948,13.5800,80
47910948996400,13:18:30.948,13.5800,13
48111670564300,13:21:51.670,13.5800,100
48111670564300,13:21:51.670,13.5800,100
48111670564300,13:21:51.670,13.5800,118
48111670564300,13:21:51.670,13.5800,100
48112842696896,13:21:52.842,13.5900,100
48131156520848,13:22:11.156,13.6000,312
48131156560937,13:22:11.156,13.6000,100
48131156749294,13:22:11.156,13.6000,88
48131156749294,13:22:11.156,13.6000,100
48131156749294,13:22:11.156,13.6000,100
48131156749294,13:22:11.156,13.6000,100
48131156749294,13:22:11.156,13.6000,100
48134367175850,13:22:14.367,13.6100,312
48134367212033,13:22:14.367,13.6100,76
48134367212513,13:22:14.367,13.6100,13
48142996377452,13:22:22.996,13.6000,600
48142996377452,13:22:22.996,13.6000,100
48142996377452,13:22:22.996,13.6000,100
48147916424199,13:22:27.916,13.6000,100
48160257178143,13:22:40.257,13.6000,100
48160257178143,13:22:40.257,13.6000,100
48174366943591,13:22:54.366,13.6100,100
48182780878122,13:23:02.780,13.6100,100
48183365193325,13:23:03.365,13.6050,100
48196537746200,13:23:16.537,13.6000,100
48196537746200,13:23:16.537,13.6000,100
48228380320753,13:23:48.380,13.5900,87
48228380320753,13:23:48.380,13.5900,13
48228380380489,13:23:48.380,13.5900,287
48247889009279,13:24:07.889,13.5850,100
48305703018337,13:25:05.703,13.5750,100
48347957428671,13:25:47.957,13.5700,100
48347957428671,13:25:47.957,13.5700,100
48441365057243,13:27:21.365,13.5650,100
48446365336929,13:27:26.365,13.5650,100
48451364917404,13:27:31.364,13.5650,100
48642876738416,13:30:42.876,13.5700,100
48642876738416,13:30:42.876,13.5700,100
48642876738416,13:30:42.876,13.5700,100
48834527193016,13:33:54.527,13.5600,100
48834527193016,13:33:54.527,13.5600,2
48834527193016,13:33:54.527,13.5600,600
48834527193016,13:33:54.527,13.5600,98
48834527407982,13:33:54.527,13.5600,300
48834527429292,13:33:54.527,13.5600,2
48834527429292,13:33:54.527,13.5600,100
48834527429292,13:33:54.527,13.5600,74
48834527434028,13:33:54.527,13.5600,26
48834527434028,13:33:54.527,13.5600,400
48954047626302,13:35:54.047,13.5600,136
48954047626302,13:35:54.047,13.5600,100
48954047626302,13:35:54.047,13.5600,64
48957367222460,13:35:57.367,13.5600,36
48957367222460,13:35:57.367,13.5600,200
48959331026687,13:35:59.331,13.5650,100
49065366874913,13:37:45.366,13.5700,100
49095796018273,13:38:15.796,13.5650,100
49137253097304,13:38:57.253,13.5600,100
49137253097304,13:38:57.253,13.5600,183
49339364326190,13:42:19.364,13.5600,82
49339364330286,13:42:19.364,13.5600,395
49339364433521,13:42:19.364,13.5600,40
49339364433521,13:42:19.364,13.5600,60
49339365429682,13:42:19.365,13.5600,40
49454439183966,13:44:14.439,13.5600,100
49454439183966,13:44:14.439,13.5600,100
49454439183966,13:44:14.439,13.5600,100
49454439183966,13:44:14.439,13.5600,180
49454439183966,13:44:14.439,13.5600,139
49454445346594,13:44:14.445,13.5700,100
49454445346594,13:44:14.445,13.5700,100
49454445346594,13:44:14.445,13.5700,100
49454445346594,13:44:14.445,13.5700,100
49454450506326,13:44:14.450,13.5800,400
49454450506326,13:44:14.450,13.5800,100
49454450506326,13:44:14.450,13.5800,100
49454450506326,13:44:14.450,13.5800,100
49454450506326,13:44:14.450,13.5800,100
49457457017748,13:44:17.457,13.5800,100
49457457017748,13:44:17.457,13.5800,100
49457587976373,13:44:17.587,13.5800,34
49555252736583,13:45:55.252,13.5700,100
49555252736583,13:45:55.252,13.5700,100
49555252736583,13:45:55.252,13.5700,96
49589808350112,13:46:29.808,13.5700,100
49720868526556,13:48:40.868,13.5600,200
49720868526556,13:48:40.868,13.5600,500
49720868557480,13:48:40.868,13.5600,200
49759374448157,13:49:19.374,13.5700,100
49759374448157,13:49:19.374,13.5700,100
49759374448157,13:49:19.374,13.5700,300
49759374448157,13:49:19.374,13.5700,100
49759374448157,13:49:19.374,13.5700,100
49759374619385,13:49:19.374,13.5700,100
49779651868373,13:49:39.651,13.5700,112
49779651893254,13:49:39.651,13.5700,588
49827493239261,13:50:27.493,13.5600,300
49855339040464,13:50:55.339,13.5550,200
49855348917527,13:50:55.348,13.5500,25
49855348917527,13:50:55.348,13.5500,100
49855353204016,13:50:55.353,13.5400,100
49855353204016,13:50:55.353,13.5400,100
49855353204016,13:50:55.353,13.5400,500
49855353204016,13:50:55.353,13.5400,100
49855353328411,13:50:55.353,13.5400,100
49873367659057,13:51:13.367,13.5400,100
49873367659057,13:51:13.367,13.5400,100
49878412461308,13:51:18.412,13.5500,100
49878414097602,13:51:18.414,13.5500,200
49878414097602,13:51:18.414,13.5500,400
49878414097602,13:51:18.414,13.5500,108
49878414182328,13:51:18.414,13.5500,100
49885238722624,13:51:25.238,13.5500,64
49906009406280,13:51:46.009,13.5500,100
49906009406280,13:51:46.009,13.5500,200
49906009406280,13:51:46.009,13.5500,300
49915604494810,13:51:55.604,13.5400,100
49983033578197,13:53:03.033,13.5400,80
49997376769568,13:53:17.376,13.5500,100
49997376769568,13:53:17.376,13.5500,100
50016368300945,13:53:36.368,13.5600,100
50016370062107,13:53:36.370,13.5600,100
50016379331479,13:53:36.379,13.5600,100
50016379331479,13:53:36.379,13.5600,100
50017148461534,13:53:37.148,13.5500,100
50017594152367,13:53:37.594,13.5500,100
50024366622826,13:53:44.366,13.5500,100
50230259029596,13:57:10.259,13.5450,200
50230259029596,13:57:10.259,13.5400,100
50230259029596,13:57:10.259,13.5400,12
50230259029596,13:57:10.259,13.5400,100
50230260283334,13:57:10.260,13.5400,200
50233292774664,13:57:13.292,13.5400,100
50306209157821,13:58:26.209,13.5350,200
50306209157821,13:58:26.209,13.5300,92
50321236689588,13:58:41.236,13.5300,8
50321236689588,13:58:41.236,13.5300,100
50323454548431,13:58:43.454,13.5300,100
50330780571505,13:58:50.780,13.5300,100
50330882896881,13:58:50.882,13.5300,50
50331320550992,13:58:51.320,13.5300,100
50331387361669,13:58:51.387,13.5300,100
50339000422683,13:58:59.000,13.5300,52
50340187698547,13:59:00.187,13.5300,7
50390024783302,13:59:50.024,13.5300,2
50397123772215,13:59:57.123,13.5300,7
50397965169760,13:59:57.965,13.5300,54
50397965238766,13:59:57.965,13.5300,100
50397965271268,13:59:57.965,13.5300,378
50397965271268,13:59:57.965,13.5300,100
50402706839012,14:00:02.706,13.5400,100
50402717936994,14:00:02.717,13.5400,200
50402717936994,14:00:02.717,13.5400,200
50402717936994,14:00:02.717,13.5400,100
50402717936994,14:00:02.717,13.5350,200
50402717936994,14:00:02.717,13.5300,100
50402717936994,14:00:02.717,13.5300,277
50402717936994,14:00:02.717,13.5300,100
50402724695395,14:00:02.724,13.5300,100
50405718634224,14:00:05.718,13.5300,100
50405731483981,14:00:05.731,13.5400,100
50409001347673,14:00:09.001,13.5450,100
50409001347673,14:00:09.001,13.5450,100
50409001347673,14:00:09.001,13.5500,969
50409001347673,14:00:09.001,13.5500,31
50409001447980,14:00:09.001,13.5500,100
50409001447980,14:00:09.001,13.5500,100
50409002278837,14:00:09.002,13.5500,100
50409003009094,14:00:09.003,13.5500,100
50409015052120,14:00:09.015,13.5500,100
50409042083184,14:00:09.042,13.5500,400
50409042083184,14:00:09.042,13.5500,100
50409042083184,14:00:09.042,13.5500,40
50409042523639,14:00:09.042,13.5500,198
50409042558370,14:00:09.042,13.5500,100
50409062912390,14:00:09.062,13.5500,62
50409723307340,14:00:09.723,13.5500,154
50409723307340,14:00:09.723,13.5500,300
50410036929583,14:00:10.036,13.5500,100
50410740439242,14:00:10.740,13.5600,100
50410740439242,14:00:10.740,13.5600,500
50410740439242,14:00:10.740,13.5600,100
50410740540334,14:00:10.740,13.5600,100
50410741218967,14:00:10.741,13.5600,200
50410750995039,14:00:10.750,13.5600,100
50410750995039,14:00:10.750,13.5600,200
50410752411081,14:00:10.752,13.5500,200
50410752411081,14:00:10.752,13.5500,200
50410853342173,14:00:10.853,13.5500,100
50411743377862,14:00:11.743,13.5600,200
50411743377862,14:00:11.743,13.5600,100
50411743482212,14:00:11.743,13.5600,100
50411743719820,14:00:11.743,13.5600,100
50411743969603,14:00:11.743,13.5600,200
50413016435262,14:00:13.016,13.5600,87
50413016514352,14:00:13.016,13.5600,121
50413576299748,14:00:13.576,13.5700,500
50413576322860,14:00:13.576,13.5800,62
50414007452393,14:00:14.007,13.5800,100
50430366545300,14:00:30.366,13.5900,100
50430366545300,14:00:30.366,13.5900,150
50430366545300,14:00:30.366,13.5900,350
50443010348330,14:00:43.010,13.5800,300
50451077143035,14:00:51.077,13.5800,100
50451077143035,14:00:51.077,13.5800,200
50465241362525,14:01:05.241,13.5900,100
50537826622992,14:02:17.826,13.5900,100
50537826622992,14:02:17.826,13.5900,100
50537827164315,14:02:17.827,13.5900,2
50537834959908,14:02:17.834,13.5800,78
50537835485243,14:02:17.835,13.5800,22
50537835485243,14:02:17.835,13.5800,100
50537835485243,14:02:17.835,13.5800,100
50538066809749,14:02:18.066,13.5800,100
50542850027267,14:02:22.850,13.5800,300
50543852677721,14:02:23.852,13.5800,100
50543852677721,14:02:23.852,13.5800,200
50548366695937,14:02:28.366,13.5900,100
50553366255244,14:02:33.366,13.5900,68
50553366255244,14:02:33.366,13.5900,32
50709133850255,14:05:09.133,13.5900,68
50709133850255,14:05:09.133,13.5900,83
50709134311943,14:05:09.134,13.6000,57
50709134311943,14:05:09.134,13.6000,100
50709134311943,14:05:09.134,13.6000,100
50709134311943,14:05:09.134,13.6000,400
50709134311943,14:05:09.134,13.6000,100
50709134314593,14:05:09.134,13.6000,100
50709234594762,14:05:09.234,13.6100,100
50716366497522,14:05:16.366,13.6300,100
50719927181829,14:05:19.927,13.6300,100
50721367012527,14:05:21.367,13.6300,100
50809749115237,14:06:49.749,13.6300,39
50809751079525,14:06:49.751,13.6300,70
50809751079525,14:06:49.751,13.6300,30
50809751114899,14:06:49.751,13.6300,70
50809751114899,14:06:49.751,13.6300,100
50813480983047,14:06:53.480,13.6450,200
50813480983047,14:06:53.480,13.6450,127
50818367060780,14:06:58.367,13.6500,100
50821367444009,14:07:01.367,13.6600,100
50821368031880,14:07:01.368,13.6600,200
50821368031880,14:07:01.368,13.6600,100
50821368031880,14:07:01.368,13.6600,15
50822937080841,14:07:02.937,13.6500,100
50822937108865,14:07:02.937,13.6500,100
50858431564110,14:07:38.431,13.6400,100
50858431942682,14:07:38.431,13.6400,100
50858432226353,14:07:38.432,13.6400,45
50858432331001,14:07:38.432,13.6400,55
50881592372633,14:08:01.592,13.6400,100
50881592458103,14:08:01.592,13.6400,100
50901137531115,14:08:21.137,13.6300,100
50901241397689,14:08:21.241,13.6200,400
50901241397689,14:08:21.241,13.6200,100
50901241397689,14:08:21.241,13.6200,100
50901241397689,14:08:21.241,13.6200,100
50941212207605,14:09:01.212,13.6000,100
50941212207605,14:09:01.212,13.6000,100
50941212207605,14:09:01.212,13.6000,300
50941212207605,14:09:01.212,13.6000,100
50941212525620,14:09:01.212,13.6100,100
50941212914340,14:09:01.212,13.6200,300
50941212914340,14:09:01.212,13.6200,100
50941222989600,14:09:01.222,13.6300,100
50941222989600,14:09:01.222,13.6300,100
50941223161976,14:09:01.223,13.6300,100
51001483484299,14:10:01.483,13.6100,100
51003982218585,14:10:03.982,13.6100,172
51003982218585,14:10:03.982,13.6100,1
51011296296096,14:10:11.296,13.6300,500
51011323808786,14:10:11.323,13.6300,100
51011323808786,14:10:11.323,13.6300,14
51011323808786,14:10:11.323,13.6300,100
51011323808786,14:10:11.323,13.6300,200
51011323808786,14:10:11.323,13.6300,100
51017273525739,14:10:17.273,13.6250,100
51019224550628,14:10:19.224,13.6200,100
51019226854787,14:10:19.226,13.6100,200
51019226854787,14:10:19.226,13.6100,100
51019226854787,14:10:19.226,13.6100,200
51023888303997,14:10:23.888,13.6100,200
51023888303997,14:10:23.888,13.6100,100
51023888303997,14:10:23.888,13.6100,100
51023888303997,14:10:23.888,13.6100,100
51023888303997,14:10:23.888,13.6100,400
51030953219751,14:10:30.953,13.6100,300
51030953219751,14:10:30.953,13.6100,300
51030953219751,14:10:30.953,13.6100,300
51030953219751,14:10:30.953,13.6100,400
51030953219751,14:10:30.953,13.6100,100
51030953219751,14:10:30.953,13.6100,100
51030953219751,14:10:30.953,13.6100,100
51030953219751,14:10:30.953,13.6100,300
51030953849979,14:10:30.953,13.6100,213
51031955208809,14:10:31.955,13.6100,100
51031961382545,14:10:31.961,13.6100,100
51031961382545,14:10:31.961,13.6100,100
51032958771731,14:10:32.958,13.6100,100
51032958771731,14:10:32.958,13.6100,100
51051194037755,14:10:51.194,13.6200,100
51051194869398,14:10:51.194,13.6200,200
51060979140442,14:11:00.979,13.6200,200
51102111195683,14:11:42.111,13.6200,100
51132099407856,14:12:12.099,13.6200,28
51132100480829,14:12:12.100,13.6200,188
51155351988072,14:12:35.351,13.6300,100
51155351988072,14:12:35.351,13.6300,100
51242931340939,14:14:02.931,13.6300,100
51248089338998,14:14:08.089,13.6300,100
51248089338998,14:14:08.089,13.6300,100
51249008500538,14:14:09.008,13.6200,100
51249009817769,14:14:09.009,13.6200,100
51249009817769,14:14:09.009,13.6200,100
51249009817769,14:14:09.009,13.6200,100
51249009817769,14:14:09.009,13.6200,100
51249009817769,14:14:09.009,13.6200,100
51249920134847,14:14:09.920,13.6300,200
51251166742750,14:14:11.166,13.6300,100
51303147241502,14:15:03.147,13.6300,200
51344718277258,14:15:44.718,13.6400,200
51344718277258,14:15:44.718,13.6400,100
51344718277258,14:15:44.718,13.6400,100
51344718277258,14:15:44.718,13.6400,200
51369644898716,14:16:09.644,13.6400,100
51429413650743,14:17:09.413,13.6400,100
51429413816480,14:17:09.413,13.6400,52
51429676071703,14:17:09.676,13.6400,100
51429676071703,14:17:09.676,13.6400,100
51429676071703,14:17:09.676,13.6400,200
51452707600764,14:17:32.707,13.6500,100
51452707600764,14:17:32.707,13.6500,100
51472276576916,14:17:52.276,13.6500,100
51472276576916,14:17:52.276,13.6500,100
51515844101509,14:18:35.844,13.6400,78
51515844101509,14:18:35.844,13.6400,218
51581040841378,14:19:41.040,13.6400,100
51581040841378,14:19:41.040,13.6400,200
51615902193649,14:20:15.902,13.6400,8
51626815350927,14:20:26.815,13.6400,92
51626815350927,14:20:26.815,13.6400,100
51626815350927,14:20:26.815,13.6400,8
51626815827170,14:20:26.815,13.6400,48
51627273472763,14:20:27.273,13.6400,44
51661259689321,14:21:01.259,13.6500,100
51661259726226,14:21:01.259,13.6500,100
51803816758190,14:23:23.816,13.6600,100
51803816758190,14:23:23.816,13.6600,100
51803816924036,14:23:23.816,13.6600,194
51803816924036,14:23:23.816,13.6600,100
51803816997431,14:23:23.816,13.6600,100
51848881681625,14:24:08.881,13.6700,200
51864749649048,14:24:24.749,13.6700,100
51865699163426,14:24:25.699,13.6700,100
51880436709030,14:24:40.436,13.6600,100
51898760417954,14:24:58.760,13.6600,100
51918761078329,14:25:18.761,13.6600,44
51918761163072,14:25:18.761,13.6600,156
51938148465200,14:25:38.148,13.6600,100
51974183597438,14:26:14.183,13.6500,100
51974183684016,14:26:14.183,13.6500,5
51974184032919,14:26:14.184,13.6500,7
51974958329193,14:26:14.958,13.6500,93
52021309882954,14:27:01.309,13.6400,100
52072548373891,14:27:52.548,13.6200,500
52079480411779,14:27:59.480,13.6200,100
52108909747937,14:28:28.909,13.6200,100
52113424326892,14:28:33.424,13.6100,100
52200591373351,14:30:00.591,13.6100,100
52200593355739,14:30:00.593,13.6100,100
52200593355739,14:30:00.593,13.6100,100
52200593355739,14:30:00.593,13.6100,100
52224042285725,14:30:24.042,13.6100,200
52224042285725,14:30:24.042,13.6100,100
52224042285725,14:30:24.042,13.6100,200
52230982214100,14:30:30.982,13.6200,100
52230982214100,14:30:30.982,13.6200,26
52230985113871,14:30:30.985,13.6200,6
52231483677568,14:30:31.483,13.6200,100
52298374075016,14:31:38.374,13.6200,100
52317616241548,14:31:57.616,13.6100,100
52320192554980,14:32:00.192,13.6050,200
52320192554980,14:32:00.192,13.6050,200
52320192554980,14:32:00.192,13.6000,300
52360942483168,14:32:40.942,13.6000,100
52360942483168,14:32:40.942,13.6000,100
52401332323425,14:33:21.332,13.6000,300
52401332323425,14:33:21.332,13.6000,100
52401332323425,14:33:21.332,13.6000,100
52401332323425,14:33:21.332,13.6000,400
52402334623729,14:33:22.334,13.6100,100
52402334623729,14:33:22.334,13.6100,100
52402334623729,14:33:22.334,13.6100,100
52402334623729,14:33:22.334,13.6100,500
52447660760394,14:34:07.660,13.6000,2
52526967574533,14:35:26.967,13.6000,200
52526967574533,14:35:26.967,13.6000,500
52526967574533,14:35:26.967,13.6000,100
52526967574533,14:35:26.967,13.6000,200
52526967574533,14:35:26.967,13.6000,200
52526967574533,14:35:26.967,13.6000,28
52526967574533,14:35:26.967,13.6000,400
52526967574533,14:35:26.967,13.6000,100
52527968729193,14:35:27.968,13.6100,100
52527968729193,14:35:27.968,13.6100,100
52527968729193,14:35:27.968,13.6100,100
52529408192272,14:35:29.408,13.6200,100
52529408192272,14:35:29.408,13.6200,400
52529408192272,14:35:29.408,13.6200,200
52529408192272,14:35:29.408,13.6200,100
52529408192272,14:35:29.408,13.6200,100
52529408192272,14:35:29.408,13.6200,200
52529408192272,14:35:29.408,13.6200,100
52529408192272,14:35:29.408,13.6200,100
52529408192272,14:35:29.408,13.6200,200
52529408192272,14:35:29.408,13.6200,800
52529415998701,14:35:29.415,13.6200,100
52529415998701,14:35:29.415,13.6200,800
52529415998701,14:35:29.415,13.6200,28
52529415998701,14:35:29.415,13.6200,100
52529415998701,14:35:29.415,13.6200,300
52529415998701,14:35:29.415,13.6200,100
52529415998701,14:35:29.415,13.6200,200
52529415998701,14:35:29.415,13.6200,100
52531741746351,14:35:31.741,13.6100,100
52531741771937,14:35:31.741,13.6100,100
52566202880020,14:36:06.202,13.6000,100
52566202917481,14:36:06.202,13.6000,100
52573472983947,14:36:13.472,13.5900,100
52580439522695,14:36:20.439,13.5900,100
52650354000677,14:37:30.354,13.5800,100
52652614373248,14:37:32.614,13.5800,300
52704885311366,14:38:24.885,13.5900,100
52704885311366,14:38:24.885,13.5900,100
52704885311366,14:38:24.885,13.5900,100
52704885418170,14:38:24.885,13.5900,100
52704885615620,14:38:24.885,13.5900,100
52704885789177,14:38:24.885,13.5900,100
52730731618301,14:38:50.731,13.6000,20
52730731618301,14:38:50.731,13.6000,100
52750069177304,14:39:10.069,13.5900,100
52857194840880,14:40:57.194,13.5900,1
52989052610328,14:43:09.052,13.5800,100
52989052610328,14:43:09.052,13.5800,200
52989052610328,14:43:09.052,13.5800,100
52989052610328,14:43:09.052,13.5800,100
52989053749514,14:43:09.053,13.5800,800
52989053749514,14:43:09.053,13.5800,100
52989053749514,14:43:09.053,13.5800,100
52989053749514,14:43:09.053,13.5800,300
52989053749514,14:43:09.053,13.5800,400
52989053749514,14:43:09.053,13.5800,49
52989053749514,14:43:09.053,13.5800,200
52989053749514,14:43:09.053,13.5800,100
52989053749514,14:43:09.053,13.5800,100
52989053749514,14:43:09.053,13.5800,100
52989053749514,14:43:09.053,13.5800,100
52989053749514,14:43:09.053,13.5800,100
53004370411089,14:43:24.370,13.5900,100
53028350600635,14:43:48.350,13.5900,100
53028350600635,14:43:48.350,13.5900,100
53028350600635,14:43:48.350,13.5900,25
53028350600635,14:43:48.350,13.5900,100
53028350600635,14:43:48.350,13.5900,400
53028350600635,14:43:48.350,13.5900,100
53028352301845,14:43:48.352,13.6000,100
53032789612322,14:43:52.789,13.6050,100
53070324359844,14:44:30.324,13.6050,200
53070324359844,14:44:30.324,13.6000,100
53109705399767,14:45:09.705,13.6000,200
53109705399767,14:45:09.705,13.6000,100
53109705399767,14:45:09.705,13.6000,100
53109705399767,14:45:09.705,13.6000,100
53109705399767,14:45:09.705,13.6000,100
53109753091018,14:45:09.753,13.6000,100
53109753091018,14:45:09.753,13.6000,100
53190652246639,14:46:30.652,13.6000,100
53190652246639,14:46:30.652,13.6000,100
53190652246639,14:46:30.652,13.6000,100
53193919007854,14:46:33.919,13.6050,200
53220831000993,14:47:00.831,13.6050,300
53221330996500,14:47:01.330,13.6050,300
53223458004692,14:47:03.458,13.6100,100
53228445562952,14:47:08.445,13.6100,29
53228445562952,14:47:08.445,13.6100,71
53228445589693,14:47:08.445,13.6100,29
53228445589693,14:47:08.445,13.6100,100
53228445589693,14:47:08.445,13.6100,30
53228445589693,14:47:08.445,13.6100,200
53228445589693,14:47:08.445,13.6100,200
53228445589693,14:47:08.445,13.6100,100
53228445589693,14:47:08.445,13.6100,100
53270363320491,14:47:50.363,13.6100,44
53329195450332,14:48:49.195,13.6100,100
53329197658276,14:48:49.197,13.6100,401
53330385066867,14:48:50.385,13.6100,100
53341599004342,14:49:01.599,13.6050,300
53388841275615,14:49:48.841,13.6050,200
53388841275615,14:49:48.841,13.6000,500
53426272735247,14:50:26.272,13.6000,40
53458972642071,14:50:58.972,13.5900,100
53459074377941,14:50:59.074,13.5900,100
53472103784380,14:51:12.103,13.5800,100
53472103784380,14:51:12.103,13.5800,100
53472103784380,14:51:12.103,13.5800,100
53472103784380,14:51:12.103,13.5800,100
53472103784380,14:51:12.103,13.5800,100
53472103993860,14:51:12.103,13.5800,100
53473634285038,14:51:13.634,13.5800,400
53511104231626,14:51:51.104,13.5900,100
53511104231626,14:51:51.104,13.5900,100
53511104231626,14:51:51.104,13.5900,200
53536265937683,14:52:16.265,13.6000,100
53536265976159,14:52:16.265,13.6000,30
53536265976159,14:52:16.265,13.6000,142
53536266174431,14:52:16.266,13.6000,58
53536266174431,14:52:16.266,13.6000,100
53543454304133,14:52:23.454,13.6100,100
53547514645071,14:52:27.514,13.6050,100
53547514645071,14:52:27.514,13.6050,200
53547514645071,14:52:27.514,13.6050,200
53547514645071,14:52:27.514,13.6000,200
53547514645071,14:52:27.514,13.6000,100
53555719814775,14:52:35.719,13.6100,100
53555720003132,14:52:35.720,13.6100,100
53558085242523,14:52:38.085,13.6100,100
53585555799276,14:53:05.555,13.6000,800
53585555799276,14:53:05.555,13.6000,100
53585555799276,14:53:05.555,13.6000,15
53585555912916,14:53:05.555,13.6000,100
53597081315023,14:53:17.081,13.6000,136
53597081315023,14:53:17.081,13.6000,64
53597081346140,14:53:17.081,13.6000,36
53627783649822,14:53:47.783,13.6050,200
53627783649822,14:53:47.783,13.6050,100
53627783649822,14:53:47.783,13.6050,200
53627783649822,14:53:47.783,13.6000,400
53692508006069,14:54:52.508,13.6000,100
53789713161563,14:56:29.713,13.6000,100
53789713161563,14:56:29.713,13.6000,500
53789713510042,14:56:29.713,13.6000,100
53829442612107,14:57:09.442,13.6000,100
53829442612107,14:57:09.442,13.6000,100
53862612920629,14:57:42.612,13.6100,200
53862612920629,14:57:42.612,13.6100,200
53905088819139,14:58:25.088,13.6200,500
53905088819139,14:58:25.088,13.6200,100
53905091919411,14:58:25.091,13.6300,400
53905091919411,14:58:25.091,13.6300,100
53905091919411,14:58:25.091,13.6300,699
53905091919411,14:58:25.091,13.6300,100
53905091919411,14:58:25.091,13.6300,100
53905091919411,14:58:25.091,13.6300,100
53905092053001,14:58:25.092,13.6300,100
53929434722403,14:58:49.434,13.6400,68
53929435121271,14:58:49.435,13.6400,32
53931048990543,14:58:51.048,13.6450,300
53931360690568,14:58:51.360,13.6450,200
53931360690568,14:58:51.360,13.6450,100
53986874907191,14:59:46.874,13.6450,200
53986874907191,14:59:46.874,13.6450,200
54007273518343,15:00:07.273,13.6400,200
54007273518343,15:00:07.273,13.6400,100
54007273518343,15:00:07.273,13.6400,2
54012701040162,15:00:12.701,13.6300,100
54015529062768,15:00:15.529,13.6400,500
54058453052124,15:00:58.453,13.6400,100
54174455790984,15:02:54.455,13.6200,54
54190664331589,15:03:10.664,13.6100,100
54190665305159,15:03:10.665,13.6000,100
54193080405976,15:03:13.080,13.6000,100
54246788800799,15:04:06.788,13.5900,100
54246788800799,15:04:06.788,13.5900,100
54295526585171,15:04:55.526,13.5800,25
54333414407124,15:05:33.414,13.5800,100
54333414863644,15:05:33.414,13.5800,25
54333414863644,15:05:33.414,13.5800,168
54481220599814,15:08:01.220,13.5750,2
54484841120637,15:08:04.841,13.5800,400
54484841163839,15:08:04.841,13.5800,252
54484841163839,15:08:04.841,13.5800,1000
54484841163839,15:08:04.841,13.5800,28
54484841163839,15:08:04.841,13.5800,100
54484841163839,15:08:04.841,13.5800,200
54484841163839,15:08:04.841,13.5800,100
54484842470394,15:08:04.842,13.5900,100
54484842549556,15:08:04.842,13.5900,100
54484842549556,15:08:04.842,13.5900,100
54484842962601,15:08:04.842,13.5900,100
54484842962601,15:08:04.842,13.5900,100
54484842962601,15:08:04.842,13.5900,200
54484842962601,15:08:04.842,13.5900,81
54489517016238,15:08:09.517,13.5950,100
54497771942593,15:08:17.771,13.5950,17
54591900906897,15:09:51.900,13.6000,100
54641243853860,15:10:41.243,13.5900,200
54641243853860,15:10:41.243,13.5900,100
54641243853860,15:10:41.243,13.5900,14
54643456906585,15:10:43.456,13.5900,86
54643456906585,15:10:43.456,13.5900,15
54643456906585,15:10:43.456,13.5900,99
54643457049695,15:10:43.457,13.5900,1
54670993817857,15:11:10.993,13.5800,100
54670993817857,15:11:10.993,13.5800,100
54671007954051,15:11:11.007,13.5800,300
54671008715419,15:11:11.008,13.5800,70
54732111713318,15:12:12.111,13.5900,100
54736677114193,15:12:16.677,13.5800,100
54768854028376,15:12:48.854,13.5900,800
54768854028376,15:12:48.854,13.5900,100
54768854028376,15:12:48.854,13.5900,100
54768854028376,15:12:48.854,13.5900,100
54768854028376,15:12:48.854,13.5900,100
54768854251298,15:12:48.854,13.5900,100
54768854251298,15:12:48.854,13.5900,100
54792545331485,15:13:12.545,13.6000,5
54792545331485,15:13:12.545,13.6000,89
54792548088230,15:13:12.548,13.6000,100
54792548088230,15:13:12.548,13.6000,100
54792548088230,15:13:12.548,13.6000,348
54792548131829,15:13:12.548,13.6000,52
54792549016015,15:13:12.549,13.6000,200
54792549016015,15:13:12.549,13.6000,35
54792549617466,15:13:12.549,13.6000,65
54835938032582,15:13:55.938,13.6050,100
54841074023241,15:14:01.074,13.6050,100
54850041469300,15:14:10.041,13.6000,100
54850041469300,15:14:10.041,13.6000,100
54851036321781,15:14:11.036,13.6000,100
54851036321781,15:14:11.036,13.6000,100
54900785110896,15:15:00.785,13.6100,100
54900785110896,15:15:00.785,13.6100,100
54900785110896,15:15:00.785,13.6100,22
54900785196930,15:15:00.785,13.6100,78
54900785196930,15:15:00.785,13.6100,54
54900785566824,15:15:00.785,13.6100,146
54924920502955,15:15:24.920,13.6100,100
54924951179452,15:15:24.951,13.6100,100
54948002456775,15:15:48.002,13.6100,100
54990978121831,15:16:30.978,13.6100,100
55000048939730,15:16:40.048,13.6000,100
55000048939730,15:16:40.048,13.6000,100
55015370991403,15:16:55.370,13.5950,100
55175525012347,15:19:35.525,13.6000,31
55175525044314,15:19:35.525,13.6000,169
55175525044314,15:19:35.525,13.6000,25
55175525044314,15:19:35.525,13.6000,94
55175525164948,15:19:35.525,13.6000,106
55175525164948,15:19:35.525,13.6000,25
55189722285302,15:19:49.722,13.6100,14
55189722285302,15:19:49.722,13.6100,86
55189722336001,15:19:49.722,13.6100,100
55218389844972,15:20:18.389,13.6100,5
55296673935336,15:21:36.673,13.6100,100
55296673935336,15:21:36.673,13.6100,400
55296673935336,15:21:36.673,13.6100,300
55296673935336,15:21:36.673,13.6100,100
55296674393082,15:21:36.674,13.6100,200
55296674393082,15:21:36.674,13.6100,100
55296674393082,15:21:36.674,13.6100,16
55296674451192,15:21:36.674,13.6100,384
55296674451192,15:21:36.674,13.6100,100
55340020227378,15:22:20.020,13.6000,100
55340020227378,15:22:20.020,13.6000,300
55340020227378,15:22:20.020,13.6000,2
55340020227378,15:22:20.020,13.6000,100
55340020385580,15:22:20.020,13.6000,100
55373943553835,15:22:53.943,13.5900,28
55393254417752,15:23:13.254,13.5900,100
55393254417752,15:23:13.254,13.5900,100
55393254784076,15:23:13.254,13.5900,100
55446021510206,15:24:06.021,13.5800,100
55446021510206,15:24:06.021,13.5800,63
55446021510206,15:24:06.021,13.5800,237
55446021591243,15:24:06.021,13.5800,163
55446021591243,15:24:06.021,13.5800,100
55460975277230,15:24:20.975,13.5800,100
55460975277230,15:24:20.975,13.5800,500
55460980196596,15:24:20.980,13.5900,100
55460980196596,15:24:20.980,13.5900,95
55502019401106,15:25:02.019,13.5800,100
55502019401106,15:25:02.019,13.5800,100
55502019401106,15:25:02.019,13.5800,100
55518781022942,15:25:18.781,13.5750,7
55602519477594,15:26:42.519,13.5700,45
55602519754117,15:26:42.519,13.5700,127
55602519754117,15:26:42.519,13.5700,100
55602519754117,15:26:42.519,13.5700,100
55602519754117,15:26:42.519,13.5700,100
55602519754117,15:26:42.519,13.5700,47
55602519754117,15:26:42.519,13.5700,100
55602519754117,15:26:42.519,13.5700,500
55650192522619,15:27:30.192,13.5600,30
55682341508219,15:28:02.341,13.5650,100
55682342325068,15:28:02.342,13.5650,100
55682342969370,15:28:02.342,13.5650,100
55682343235189,15:28:02.343,13.5650,100
55682343235189,15:28:02.343,13.5650,100
55747468518119,15:29:07.468,13.5600,19
55796875102011,15:29:56.875,13.5600,19
55797231106916,15:29:57.231,13.5600,32
55797231106916,15:29:57.231,13.5600,68
55803497848251,15:30:03.497,13.5600,32
55803497848251,15:30:03.497,13.5600,100
55803497848251,15:30:03.497,13.5600,100
55803497848251,15:30:03.497,13.5600,500
55803499448949,15:30:03.499,13.5600,100
55872407796557,15:31:12.407,13.5600,100
55872407796557,15:31:12.407,13.5600,120
55872408388845,15:31:12.408,13.5600,80
55872408388845,15:31:12.408,13.5600,20
55872408389787,15:31:12.408,13.5600,80
55885008582692,15:31:25.008,13.5700,100
55885008582692,15:31:25.008,13.5700,74
55885008582692,15:31:25.008,13.5700,100
55885008582692,15:31:25.008,13.5700,100
55885012706823,15:31:25.012,13.5750,100
55887476036175,15:31:27.476,13.5750,100
55919008209084,15:31:59.008,13.5800,100
55919008209084,15:31:59.008,13.5800,100
55919008209084,15:31:59.008,13.5800,198
55919008275920,15:31:59.008,13.5800,2
55919008275920,15:31:59.008,13.5800,100
55923008070771,15:32:03.008,13.5900,100
55923008070771,15:32:03.008,13.5900,300
55923008070771,15:32:03.008,13.5900,200
55923008070771,15:32:03.008,13.5900,100
55923008070771,15:32:03.008,13.5900,100
55923008070771,15:32:03.008,13.5900,100
55923008070771,15:32:03.008,13.5900,200
55924752020064,15:32:04.752,13.5950,100
55933209016327,15:32:13.209,13.5950,100
55934826024654,15:32:14.826,13.5950,100
55948161024321,15:32:28.161,13.5950,100
55997962364596,15:33:17.962,13.5900,150
55997962364596,15:33:17.962,13.5900,100
55997962364596,15:33:17.962,13.5900,100
55997962364596,15:33:17.962,13.5900,50
55997962391447,15:33:17.962,13.5900,50
55997962494004,15:33:17.962,13.5900,100
56025148096052,15:33:45.148,13.5800,100
56025698023878,15:33:45.698,13.5750,100
56043243594657,15:34:03.243,13.5700,18
56043254550458,15:34:03.254,13.5700,48
56045213834182,15:34:05.213,13.5700,34
56045213834182,15:34:05.213,13.5700,66
56045213972871,15:34:05.213,13.5700,34
56071021070132,15:34:31.021,13.5650,100
56077542415714,15:34:37.542,13.5600,32
56108651636883,15:35:08.651,13.5600,16
56166542717653,15:36:06.542,13.5650,30
56324066651517,15:38:44.066,13.5700,100
56324066651517,15:38:44.066,13.5700,400
56324066651517,15:38:44.066,13.5700,200
56324066651517,15:38:44.066,13.5700,100
56324066651517,15:38:44.066,13.5700,100
56324066651517,15:38:44.066,13.5700,200
56324066651517,15:38:44.066,13.5700,100
56324066651517,15:38:44.066,13.5700,100
56324066651517,15:38:44.066,13.5700,100
56324067040578,15:38:44.067,13.5700,400
56324845022205,15:38:44.845,13.5750,100
56341024064444,15:39:01.024,13.5750,100
56366225855050,15:39:26.225,13.5800,190
56366225855050,15:39:26.225,13.5800,100
56366225855050,15:39:26.225,13.5800,100
56366225855050,15:39:26.225,13.5800,100
56366225855050,15:39:26.225,13.5800,100
56403766812421,15:40:03.766,13.5800,200
56403767130152,15:40:03.767,13.5800,500
56403767130152,15:40:03.767,13.5800,200
56403767130152,15:40:03.767,13.5800,100
56403767130152,15:40:03.767,13.5800,200
56403767130152,15:40:03.767,13.5800,2
56403767130152,15:40:03.767,13.5800,100
56403790663151,15:40:03.790,13.5700,300
56403790663151,15:40:03.790,13.5700,200
56403790663151,15:40:03.790,13.5700,600
56403790663151,15:40:03.790,13.5700,200
56403790663151,15:40:03.790,13.5700,100
56405649670446,15:40:05.649,13.5700,100
56413665021265,15:40:13.665,13.5650,600
56427089643122,15:40:27.089,13.5650,100
56429515322037,15:40:29.515,13.5600,16
56480482140665,15:41:20.482,13.5600,84
56480482140665,15:41:20.482,13.5600,100
56480482140665,15:41:20.482,13.5600,10
56480482140665,15:41:20.482,13.5600,500
56480482140665,15:41:20.482,13.5600,100
56480482140665,15:41:20.482,13.5600,72
56480482140665,15:41:20.482,13.5600,100
56488837446690,15:41:28.837,13.5500,100
56488837474786,15:41:28.837,13.5500,900
56488837474786,15:41:28.837,13.5500,100
56488837474786,15:41:28.837,13.5500,100
56488837474786,15:41:28.837,13.5500,100
56488838873280,15:41:28.838,13.5500,100
56488838975060,15:41:28.838,13.5500,100
56488843096596,15:41:28.843,13.5500,100
56488853764461,15:41:28.853,13.5450,100
56488853764461,15:41:28.853,13.5500,700
56488853764461,15:41:28.853,13.5500,200
56488853764461,15:41:28.853,13.5500,100
56488853764461,15:41:28.853,13.5500,700
56488853764461,15:41:28.853,13.5500,1000
56488853764461,15:41:28.853,13.5500,100
56488853764461,15:41:28.853,13.5500,500
56488853764461,15:41:28.853,13.5500,100
56488853764461,15:41:28.853,13.5500,100
56488854568020,15:41:28.854,13.5500,100
56488854668699,15:41:28.854,13.5500,146
56489174781502,15:41:29.174,13.5550,200
56489174781502,15:41:29.174,13.5500,500
56490837393904,15:41:30.837,13.5500,100
56490845155244,15:41:30.845,13.5450,100
56490845155244,15:41:30.845,13.5500,100
56490845155244,15:41:30.845,13.5500,100
56490845155244,15:41:30.845,13.5500,100
56490845155244,15:41:30.845,13.5500,400
56490845155244,15:41:30.845,13.5500,100
56490845155244,15:41:30.845,13.5500,100
56490856428023,15:41:30.856,13.5500,100
56490856428023,15:41:30.856,13.5500,100
56491833923742,15:41:31.833,13.5550,100
56491833923742,15:41:31.833,13.5550,100
56491835253946,15:41:31.835,13.5550,100
56491835253946,15:41:31.835,13.5550,200
56491835253946,15:41:31.835,13.5550,200
56494833901476,15:41:34.833,13.5550,100
56494833901476,15:41:34.833,13.5550,100
56494835330484,15:41:34.835,13.5550,100
56496292943829,15:41:36.292,13.5550,100
56497835125363,15:41:37.835,13.5550,200
56506834620685,15:41:46.834,13.5550,100
56512956749470,15:41:52.956,13.5550,100
56522834380436,15:42:02.834,13.5600,100
56522834380436,15:42:02.834,13.5600,100
56522834380436,15:42:02.834,13.5600,100
56522834380436,15:42:02.834,13.5600,100
56524658244137,15:42:04.658,13.5650,100
56574045625173,15:42:54.045,13.5700,200
56574045625173,15:42:54.045,13.5700,64
56574045625173,15:42:54.045,13.5700,200
56574045625173,15:42:54.045,13.5700,100
56574045625173,15:42:54.045,13.5700,100
56574045625173,15:42:54.045,13.5700,100
56574045625173,15:42:54.045,13.5700,26
56583780192457,15:43:03.780,13.5800,100
56583887601048,15:43:03.887,13.5800,200
56667970853136,15:44:27.970,13.5800,19
56700021428762,15:45:00.021,13.5800,100
56700308367413,15:45:00.308,13.5800,300
56700308419333,15:45:00.308,13.5800,475
56700308419333,15:45:00.308,13.5800,12
56700308425946,15:45:00.308,13.5800,88
56700308425946,15:45:00.308,13.5800,100
56700308425946,15:45:00.308,13.5800,12
56700308477692,15:45:00.308,13.5800,148
56700308486986,15:45:00.308,13.5800,40
56700308486986,15:45:00.308,13.5800,60
56700308570752,15:45:00.308,13.5800,40
56700308570752,15:45:00.308,13.5800,100
56700308570752,15:45:00.308,13.5800,100
56706833352633,15:45:06.833,13.5750,100
56711144111479,15:45:11.144,13.5700,100
56711144111479,15:45:11.144,13.5700,100
56711144111479,15:45:11.144,13.5700,400
56711144111479,15:45:11.144,13.5700,100
56711144111479,15:45:11.144,13.5700,100
56725837922310,15:45:25.837,13.5700,90
56725838029639,15:45:25.838,13.5700,10
56725838029639,15:45:25.838,13.5700,100
56725838029639,15:45:25.838,13.5700,100
56725838029639,15:45:25.838,13.5700,300
56728776283136,15:45:28.776,13.5700,200
56728776283136,15:45:28.776,13.5700,100
56728833534135,15:45:28.833,13.5750,100
56731833206669,15:45:31.833,13.5750,100
56734833419859,15:45:34.833,13.5750,100
56739833192586,15:45:39.833,13.5750,200
56739833192586,15:45:39.833,13.5750,100
56742833187492,15:45:42.833,13.5750,100
56742833187492,15:45:42.833,13.5750,100
56745833235035,15:45:45.833,13.5750,100
56748833494354,15:45:48.833,13.5750,100
56751833101671,15:45:51.833,13.5750,100
56758508701700,15:45:58.508,13.5800,200
56758508701700,15:45:58.508,13.5800,100
56758508701700,15:45:58.508,13.5800,100
56758508701700,15:45:58.508,13.5800,100
56760776160942,15:46:00.776,13.5850,100
56763863088074,15:46:03.863,13.5800,100
56763863088074,15:46:03.863,13.5800,100
56768838450962,15:46:08.838,13.5800,100
56768838450962,15:46:08.838,13.5800,11
56768838568416,15:46:08.838,13.5800,389
56768838568416,15:46:08.838,13.5800,100
56768838568416,15:46:08.838,13.5800,100
56768838568416,15:46:08.838,13.5800,11
56771116697120,15:46:11.116,13.5800,89
56771116697120,15:46:11.116,13.5800,100
56773833604683,15:46:13.833,13.5750,100
56776834030272,15:46:16.834,13.5750,100
56782837202654,15:46:22.837,13.5700,100
56782837202654,15:46:22.837,13.5700,100
56782837202654,15:46:22.837,13.5700,100
56782837202654,15:46:22.837,13.5700,18
56782837202654,15:46:22.837,13.5700,100
56782837202654,15:46:22.837,13.5700,100
56812833332378,15:46:52.833,13.5750,100
56812833332378,15:46:52.833,13.5750,100
56812834810982,15:46:52.834,13.5750,100
56817833285795,15:46:57.833,13.5750,100
56820833907401,15:47:00.833,13.5750,100
56823833881989,15:47:03.833,13.5750,100
56826833917811,15:47:06.833,13.5750,100
56853990418806,15:47:33.990,13.5700,100
56857187850413,15:47:37.187,13.5700,100
56857187850413,15:47:37.187,13.5700,200
56857187850413,15:47:37.187,13.5700,100
56858833696515,15:47:38.833,13.5650,100
56861833714868,15:47:41.833,13.5650,100
56891020519935,15:48:11.020,13.5600,190
56891020519935,15:48:11.020,13.5600,100
56891020519935,15:48:11.020,13.5600,10
56905484802989,15:48:25.484,13.5600,100
56905484972472,15:48:25.484,13.5600,100
56905484972472,15:48:25.484,13.5600,100
56907154656253,15:48:27.154,13.5600,100
56907833936511,15:48:27.833,13.5550,100
56908781667765,15:48:28.781,13.5600,300
56908781667765,15:48:28.781,13.5600,100
56974195609340,15:49:34.195,13.5600,100
56974969027492,15:49:34.969,13.5600,200
56974969027492,15:49:34.969,13.5600,100
56974969027492,15:49:34.969,13.5600,500
56974969027492,15:49:34.969,13.5600,100
56992022831669,15:49:52.022,13.5500,70
56992022831669,15:49:52.022,13.5500,100
56992022831669,15:49:52.022,13.5500,100
56992022831669,15:49:52.022,13.5500,100
56992022831669,15:49:52.022,13.5500,30
56993144134796,15:49:53.144,13.5500,2
56993144134796,15:49:53.144,13.5500,100
56993144134796,15:49:53.144,13.5500,98
56994862963795,15:49:54.862,13.5500,2
57004253429538,15:50:04.253,13.5400,100
57006206583312,15:50:06.206,13.5400,34
57006837246340,15:50:06.837,13.5400,66
57009834263945,15:50:09.834,13.5350,100
57021833482321,15:50:21.833,13.5350,100
57024833703037,15:50:24.833,13.5350,100
57042204617964,15:50:42.204,13.5300,16
57050266829726,15:50:50.266,13.5300,100
57051494059691,15:50:51.494,13.5300,84
57051494059691,15:50:51.494,13.5300,16
57056344399816,15:50:56.344,13.5300,84
57056344399816,15:50:56.344,13.5300,16
57066368420616,15:51:06.368,13.5300,100
57076480703394,15:51:16.480,13.5300,17
57078145414600,15:51:18.145,13.5300,35
57078145414600,15:51:18.145,13.5300,65
57078501819299,15:51:18.501,13.5300,100
57079374989669,15:51:19.374,13.5300,35
57079374989669,15:51:19.374,13.5300,65
57081390874297,15:51:21.390,13.5300,35
57081390874297,15:51:21.390,13.5300,100
57086833402447,15:51:26.833,13.5250,100
57109425908365,15:51:49.425,13.5200,16
57116681307291,15:51:56.681,13.5200,184
57116681307291,15:51:56.681,13.5200,16
57126708190329,15:52:06.708,13.5200,100
57126708705583,15:52:06.708,13.5200,77
57127145049582,15:52:07.145,13.5200,7
57127145049582,15:52:07.145,13.5200,93
57136757582906,15:52:16.757,13.5200,29
57136757582906,15:52:16.757,13.5200,100
57136757582906,15:52:16.757,13.5200,71
57136891996586,15:52:16.891,13.5200,100
57137303943635,15:52:17.303,13.5200,29
57137303943635,15:52:17.303,13.5200,71
57137310340432,15:52:17.310,13.5200,29
57137310393430,15:52:17.310,13.5200,100
57137310393430,15:52:17.310,13.5200,100
57137310393430,15:52:17.310,13.5200,5
57137310602417,15:52:17.310,13.5200,200
57151790919562,15:52:31.790,13.5200,100
57166813961606,15:52:46.813,13.5200,200
57170514364153,15:52:50.514,13.5200,100
57175842328022,15:52:55.842,13.5200,100
57199309813994,15:53:19.309,13.5200,100
57199418293059,15:53:19.418,13.5200,100
57200886567286,15:53:20.886,13.5200,100
57200886567286,15:53:20.886,13.5200,100
57202018515366,15:53:22.018,13.5200,100
57230089968450,15:53:50.089,13.5100,178
57230089968450,15:53:50.089,13.5100,22
57230090837015,15:53:50.090,13.5100,89
57230090837015,15:53:50.090,13.5100,11
57230091747884,15:53:50.091,13.5100,89
57230091747884,15:53:50.091,13.5100,11
57230092521135,15:53:50.092,13.5100,89
57230776451011,15:53:50.776,13.5100,11
57230776451011,15:53:50.776,13.5100,189
57236655540414,15:53:56.655,13.5100,100
57246565627079,15:54:06.565,13.5100,16
57251071498017,15:54:11.071,13.5100,84
57251071498017,15:54:11.071,13.5100,16
57270706367763,15:54:30.706,13.5100,100
57300936089102,15:55:00.936,13.5100,500
57300936089102,15:55:00.936,13.5100,100
57300936089102,15:55:00.936,13.5100,200
57300936348339,15:55:00.936,13.5100,1400
57300936348339,15:55:00.936,13.5100,100
57300936348339,15:55:00.936,13.5100,200
57300936348339,15:55:00.936,13.5100,3500
57300936348339,15:55:00.936,13.5100,100
57300936348339,15:55:00.936,13.5100,81
57300936348339,15:55:00.936,13.5100,200
57300936348339,15:55:00.936,13.5100,100
57300936348339,15:55:00.936,13.5100,200
57300998498564,15:55:00.998,13.5200,34
57300998541787,15:55:00.998,13.5200,150
57300998603822,15:55:00.998,13.5200,16
57301487578414,15:55:01.487,13.5250,200
57305059276509,15:55:05.059,13.5250,100
57310780797375,15:55:10.780,13.5300,100
57310780797375,15:55:10.780,13.5300,94
57310780960843,15:55:10.780,13.5300,100
57310780982135,15:55:10.780,13.5300,100
57310781234912,15:55:10.781,13.5300,41
57310781395132,15:55:10.781,13.5300,149
57310781480792,15:55:10.781,13.5300,212
57311334756074,15:55:11.334,13.5300,404
57311334756074,15:55:11.334,13.5300,1700
57311334756074,15:55:11.334,13.5300,200
57311334756074,15:55:11.334,13.5300,96
57311334802349,15:55:11.334,13.5300,4
57311334802349,15:55:11.334,13.5300,100
57313264467284,15:55:13.264,13.5400,100
57313264467284,15:55:13.264,13.5400,100
57313264467284,15:55:13.264,13.5400,100
57313264467284,15:55:13.264,13.5400,100
57316280996449,15:55:16.280,13.5450,100
57316280997145,15:55:16.280,13.5450,100
57316814995875,15:55:16.814,13.5450,100
57317418995520,15:55:17.418,13.5450,100
57318022994478,15:55:18.022,13.5450,100
57348639281801,15:55:48.639,13.5450,1
57422819160197,15:57:02.819,13.5400,100
57423275937237,15:57:03.275,13.5400,59
57429775989833,15:57:09.775,13.5450,100
57433841091768,15:57:13.841,13.5400,200
57448863342974,15:57:28.863,13.5400,100
57449616497056,15:57:29.616,13.5400,100
57452905606029,15:57:32.905,13.5400,36
57463776733149,15:57:43.776,13.5450,100
57463887193809,15:57:43.887,13.5400,105
57463887193809,15:57:43.887,13.5400,100
57463887193809,15:57:43.887,13.5400,100
57463887193809,15:57:43.887,13.5400,100
57463887193809,15:57:43.887,13.5400,100
57463887193809,15:57:43.887,13.5400,85
57469350371625,15:57:49.350,13.5400,79
57470992275421,15:57:50.992,13.5400,21
57470992275421,15:57:50.992,13.5400,125
57470992275421,15:57:50.992,13.5400,100
57470992275421,15:57:50.992,13.5400,100
57470992275421,15:57:50.992,13.5400,100
57470992275421,15:57:50.992,13.5400,59
57471005538916,15:57:51.005,13.5400,2
57472203116975,15:57:52.203,13.5400,100
57472745589210,15:57:52.745,13.5400,700
57472745642216,15:57:52.745,13.5400,100
57476776094537,15:57:56.776,13.5450,100
57476776094537,15:57:56.776,13.5450,100
57478910446193,15:57:58.910,13.5400,39
57478910446193,15:57:58.910,13.5400,100
57478910446193,15:57:58.910,13.5400,100
57478910446193,15:57:58.910,13.5400,260
57478910446193,15:57:58.910,13.5400,100
57478910446193,15:57:58.910,13.5400,1
57478910515305,15:57:58.910,13.5400,99
57478910515305,15:57:58.910,13.5400,100
57478910515305,15:57:58.910,13.5400,92
57478910515305,15:57:58.910,13.5400,100
57478910515305,15:57:58.910,13.5400,100
57478910515305,15:57:58.910,13.5400,100
57478910515305,15:57:58.910,13.5400,100
57483276748281,15:58:03.276,13.5400,100
57483276748281,15:58:03.276,13.5400,100
57483276748281,15:58:03.276,13.5400,600
57483276748281,15:58:03.276,13.5400,1600
57483276748281,15:58:03.276,13.5400,200
57506524003443,15:58:26.524,13.5450,100
57539779024788,15:58:59.779,13.5500,100
57539779024788,15:58:59.779,13.5500,400
57539779024788,15:58:59.779,13.5500,100
57539779024788,15:58:59.779,13.5500,100
57539779024788,15:58:59.779,13.5500,100
57539779024788,15:58:59.779,13.5500,100
57539779024788,15:58:59.779,13.5500,100
57539779024788,15:58:59.779,13.5500,900
57539779024788,15:58:59.779,13.5500,100
57539779024788,15:58:59.779,13.5500,100
57539779024788,15:58:59.779,13.5500,100
57539779024788,15:58:59.779,13.5500,100
57539779024788,15:58:59.779,13.5500,100
57539779024788,15:58:59.779,13.5500,100
57539779024788,15:58:59.779,13.5500,200
57539779024788,15:58:59.779,13.5500,400
57539779024788,15:58:59.779,13.5500,300
57539779024788,15:58:59.779,13.5500,36
57539779024788,15:58:59.779,13.5500,200
57539779024788,15:58:59.779,13.5500,200
57539779024788,15:58:59.779,13.5500,300
57539779172492,15:58:59.779,13.5500,200
57539779250004,15:58:59.779,13.5550,100
57539779252541,15:58:59.779,13.5550,200
57544365967229,15:59:04.365,13.5600,300
57544365967229,15:59:04.365,13.5600,37
57548244762989,15:59:08.244,13.5600,389
57553511905462,15:59:13.511,13.5600,37
57553778888879,15:59:13.778,13.5600,100
57556999945729,15:59:16.999,13.5600,737
57556999945729,15:59:16.999,13.5600,4100
57556999945729,15:59:16.999,13.5600,100
57556999945729,15:59:16.999,13.5600,100
57556999945729,15:59:16.999,13.5600,400
57556999945729,15:59:16.999,13.5600,563
57556999982526,15:59:16.999,13.5600,37
57556999982526,15:59:16.999,13.5600,11
57556999982526,15:59:16.999,13.5600,20
57560114956782,15:59:20.114,13.5700,106
57566778440438,15:59:26.778,13.5700,100
57566784908795,15:59:26.784,13.5700,47
57571132486261,15:59:31.132,13.5700,47
57571132486261,15:59:31.132,13.5700,51
57571651330839,15:59:31.651,13.5700,100
57574739909889,15:59:34.739,13.5700,207
57574740033177,15:59:34.740,13.5700,100
57575432922867,15:59:35.432,13.5700,84
57575538668225,15:59:35.538,13.5700,100
57575541005320,15:59:35.541,13.5700,6
57575778512721,15:59:35.778,13.5700,100
57585349121313,15:59:45.349,13.5700,691
57585778655192,15:59:45.778,13.5700,61
57585778655192,15:59:45.778,13.5700,39
57585993844486,15:59:45.993,13.5700,461
57585993844486,15:59:45.993,13.5700,139
57585994076150,15:59:45.994,13.5700,100
57586494268859,15:59:46.494,13.5700,148
57588496600048,15:59:48.496,13.5700,4
57588506858421,15:59:48.506,13.5700,100
57590002495768,15:59:50.002,13.5700,109
57590002495768,15:59:50.002,13.5700,100
57590002495768,15:59:50.002,13.5700,100
57590002495768,15:59:50.002,13.5700,300
57590002495768,15:59:50.002,13.5700,40
57590002495768,15:59:50.002,13.5700,1
57590028741251,15:59:50.028,13.5700,24
57590085266549,15:59:50.085,13.5700,35
57590778559559,15:59:50.778,13.5700,100
57590779312402,15:59:50.779,13.5700,82
57590973747778,15:59:50.973,13.5700,10
57590973875654,15:59:50.973,13.5700,10
57591832498930,15:59:51.832,13.5700,40
57592786916670,15:59:52.786,13.5700,40
57593174885382,15:59:53.174,13.5700,5
57594459898911,15:59:54.459,13.5700,26
57594459898911,15:59:54.459,13.5700,74
57594800788752,15:59:54.800,13.5800,100
57595509881017,15:59:55.509,13.5700,926
57595509881017,15:59:55.509,13.5700,1500
57595509881017,15:59:55.509,13.5700,100
57595509881017,15:59:55.509,13.5700,300
57596799541444,15:59:56.799,13.5800,100
57596799541444,15:59:56.799,13.5800,100
57597800750592,15:59:57.800,13.5800,200
57598013454765,15:59:58.013,13.5700,20
57598800825617,15:59:58.800,13.5750,100
57598800825617,15:59:58.800,13.5800,100
57599909318612,15:59:59.909,13.5800,100
57599909318612,15:59:59.909,13.5800,100
57599909318612,15:59:59.909,13.5800,100
57599954797648,15:59:59.954,13.5700,100
57599954797648,15:59:59.954,13.5700,700
57599954797648,15:59:59.954,13.5700,100
57600377118601,16:00:00.377,13.5700,121372
