timestamp,time,price,volume
16846433042099,04:40:46.433,77.9500,100
28262410243487,07:51:02.410,79.2100,20
30380411921975,08:26:20.411,79.0000,100
31283809446739,08:41:23.809,78.6700,200
31394319487932,08:43:14.319,78.5300,2
31401236632422,08:43:21.236,78.4400,100
31416313331865,08:43:36.313,78.4100,100
31461185805323,08:44:21.185,78.4100,100
31605631955246,08:46:45.631,78.6600,20
31707740762833,08:48:27.740,78.4200,100
31707742701709,08:48:27.742,78.4100,20
32303625129105,08:58:23.625,78.5000,10
32402250451965,09:00:02.250,78.4800,2
32402250520827,09:00:02.250,78.4900,10
32402250826507,09:00:02.250,78.4800,10
32429212941780,09:00:29.212,78.5000,1
32430624831755,09:00:30.624,79.3300,100
32430769509871,09:00:30.769,79.3300,100
32430890053095,09:00:30.890,79.3300,100
32431014690177,09:00:31.014,79.3300,100
32431168649682,09:00:31.168,79.3300,100
32431205745962,09:00:31.205,79.3300,100
32431258815488,09:00:31.258,79.3300,100
32431343124200,09:00:31.343,79.3300,100
32431343251123,09:00:31.343,79.3300,100
32431409784660,09:00:31.409,79.3300,100
32431488625426,09:00:31.488,79.3300,100
32431488719875,09:00:31.488,79.3300,100
32431488915223,09:00:31.488,79.3300,100
32431488920574,09:00:31.488,79.3300,20
32431488991121,09:00:31.488,79.3300,100
32431489189332,09:00:31.489,79.3300,100
32431489451898,09:00:31.489,79.3300,20
32431489463698,09:00:31.489,79.3300,80
32431489463698,09:00:31.489,79.3300,20
32431489732233,09:00:31.489,79.3300,100
32431490005120,09:00:31.490,79.3300,11
32433954411007,09:00:33.954,79.3300,89
32433954411007,09:00:33.954,79.3300,11
32434046038310,09:00:34.046,79.3300,89
32434046038310,09:00:34.046,79.3300,11
32434160518995,09:00:34.160,79.3300,49
32526414658953,09:02:06.414,79.1100,100
32546819538808,09:02:26.819,79.0000,40
32966572230196,09:09:26.572,78.5500,5
33581776841969,09:19:41.776,78.7700,50
33581776841969,09:19:41.776,78.7700,100
34080020751084,09:28:00.020,78.7700,1
34080020751084,09:28:00.020,78.7700,4
34080020751084,09:28:00.020,78.7700,2
34080020751084,09:28:00.020,78.7500,50
34080020751084,09:28:00.020,78.5000,1
34080020751084,09:28:00.020,78.5000,1
34080020751084,09:28:00.020,78.5000,1
34117941758994,09:28:37.941,78.5000,22
34195036195392,09:29:55.036,78.7700,23
34200438585011,09:30:00.438,78.0900,1664
34200438585011,09:30:00.438,78.0900,1664
34200438585011,09:30:00.438,78.0900,27009
34200438670100,09:30:00.438,78.4500,50
34200438670100,09:30:00.438,78.4800,10
34200438670100,09:30:00.438,78.4800,2
34200964950781,09:30:00.964,78.1000,10
34202626662677,09:30:02.626,78.1000,100
34203440777590,09:30:03.440,78.1000,80
34203440777590,09:30:03.440,78.1000,20
34203441513168,09:30:03.441,78.0600,127
34203441513168,09:30:03.441,78.0000,20
34203441513168,09:30:03.441,78.0000,51
34203441681836,09:30:03.441,78.0000,49
34203441681836,09:30:03.441,78.0000,165
34203441681836,09:30:03.441,78.0000,40
34203441681836,09:30:03.441,78.0000,7
34203441681836,09:30:03.441,78.0000,20
34203441681836,09:30:03.441,78.0000,10
34203441681836,09:30:03.441,78.0000,22
34203441681836,09:30:03.441,78.0000,40
34203441681836,09:30:03.441,78.0000,38
34203441681836,09:30:03.441,78.0000,1
34203441681836,09:30:03.441,78.0000,1
34203441681836,09:30:03.441,78.0000,2
34203441681836,09:30:03.441,78.0000,32
34203441681836,09:30:03.441,78.0000,1
34203441681836,09:30:03.441,77.9500,11
34203442215167,09:30:03.442,77.8800,1
34203442215167,09:30:03.442,77.8700,1
34203442215167,09:30:03.442,77.8500,48
34203442320152,09:30:03.442,77.8500,100
34203442321588,09:30:03.442,77.8500,100
34203442665204,09:30:03.442,77.8500,252
34203443247553,09:30:03.443,77.8000,20
34203443679984,09:30:03.443,77.8000,30
34203445375613,09:30:03.445,77.7700,9
34203445375613,09:30:03.445,77.7700,50
34203447142394,09:30:03.447,77.6000,10
34203447142394,09:30:03.447,77.6000,50
34203448795966,09:30:03.448,77.5600,4
34203450523317,09:30:03.450,77.5600,11
34203451672573,09:30:03.451,77.5600,7
34203453009337,09:30:03.453,77.5300,100
34203454073857,09:30:03.454,77.5100,100
34203454641630,09:30:03.454,77.5000,34
34203455025317,09:30:03.455,77.5000,66
34203455068031,09:30:03.455,77.4500,10
34204051802080,09:30:04.051,77.6500,76
34259614554105,09:30:59.614,77.7200,100
34259614554105,09:30:59.614,77.7200,100
34259614554105,09:30:59.614,77.7300,100
34259614554105,09:30:59.614,77.7300,100
34259614632616,09:30:59.614,77.7300,405
34259614633793,09:30:59.614,77.7300,100
34259614697403,09:30:59.614,77.9000,15
34259614697403,09:30:59.614,77.9000,85
34259614742217,09:30:59.614,77.9000,100
34259615271263,09:30:59.615,77.7300,153
34259615291860,09:30:59.615,77.7300,144
34259615300610,09:30:59.615,77.7300,76
34259615300610,09:30:59.615,77.7300,72
34259615310562,09:30:59.615,77.7300,28
34259615310562,09:30:59.615,77.7300,85
34259615319527,09:30:59.615,77.7300,69
34259618412608,09:30:59.618,77.9000,149
34259618415035,09:30:59.618,77.9000,149
34259618479263,09:30:59.618,77.9000,2
34271861386554,09:31:11.861,77.7700,2
34271861386554,09:31:11.861,77.7700,3
34271861394066,09:31:11.861,77.7700,2
34284622963170,09:31:24.622,77.7000,4
34288101202430,09:31:28.101,77.9200,100
34288207534697,09:31:28.207,78.2500,50
34299962834524,09:31:39.962,78.2400,100
34299962834524,09:31:39.962,78.2500,100
34309593486500,09:31:49.593,78.2700,2
34309593718649,09:31:49.593,78.2700,48
34311895755340,09:31:51.895,78.5000,4
34311895755340,09:31:51.895,78.5000,150
34311895755340,09:31:51.895,78.5000,200
34311895818560,09:31:51.895,78.5100,7
34311897658776,09:31:51.897,78.6000,3
34311898123478,09:31:51.898,78.6300,1
34319100348293,09:31:59.100,78.7600,5
34319100422436,09:31:59.100,78.7800,5
34367215077276,09:32:47.215,78.6800,26
34374015313744,09:32:54.015,78.8000,5
34374015355426,09:32:54.015,78.8500,100
34374015355426,09:32:54.015,78.8500,100
34374015441796,09:32:54.015,78.9000,26
34374015441796,09:32:54.015,78.9000,3
34378803089550,09:32:58.803,78.9500,100
34378803283227,09:32:58.803,78.9500,10
34381997578152,09:33:01.997,78.9000,99
34381997591857,09:33:01.997,78.9000,1
34384534925141,09:33:04.534,79.0000,3
34384534925141,09:33:04.534,79.0000,30
34384534925141,09:33:04.534,79.0000,50
34384534925141,09:33:04.534,79.0000,56
34384534925141,09:33:04.534,79.0000,100
34384534925141,09:33:04.534,79.0000,68
34384534931381,09:33:04.534,79.0000,132
34384534931381,09:33:04.534,79.0000,120
34384534931381,09:33:04.534,79.0000,1
34384534931381,09:33:04.534,79.0000,6
34384534931381,09:33:04.534,79.0000,1
34384534954767,09:33:04.534,79.0700,4
34384535334994,09:33:04.535,79.1000,4
34384535337148,09:33:04.535,79.1000,96
34385678225649,09:33:05.678,79.1400,4
34387947335613,09:33:07.947,79.3000,1
34387947659301,09:33:07.947,79.3100,22
34387947663552,09:33:07.947,79.3100,28
34387949298476,09:33:07.949,79.3500,20
34387988423006,09:33:07.988,79.4000,45
34391757094582,09:33:11.757,79.3700,40
34397771086241,09:33:17.771,79.2700,4
34399565591064,09:33:19.565,79.3300,20
34414876656054,09:33:34.876,79.1000,100
34420120517810,09:33:40.120,79.1300,75
34420120517810,09:33:40.120,79.1000,60
34420120529948,09:33:40.120,79.1000,190
34420120541236,09:33:40.120,79.0400,12
34420120670573,09:33:40.120,78.8500,10
34420120670573,09:33:40.120,78.8500,1
34420139384246,09:33:40.139,78.7100,100
34425761396616,09:33:45.761,78.9300,100
34430879626405,09:33:50.879,79.0000,10
34432725539106,09:33:52.725,79.0600,13
34445038468401,09:34:05.038,79.3800,55
34445038468401,09:34:05.038,79.3800,45
34445038475161,09:34:05.038,79.3800,17
34445038531358,09:34:05.038,79.4000,35
34445038839619,09:34:05.038,79.4400,1
34445038839619,09:34:05.038,79.4400,14
34445039578361,09:34:05.039,79.4800,20
34449378150138,09:34:09.378,79.5000,20
34449378150138,09:34:09.378,79.5000,80
34449378276199,09:34:09.378,79.5000,120
34449378816626,09:34:09.378,79.5500,25
34461334910450,09:34:21.334,79.4700,2
34461334910450,09:34:21.334,79.4700,61
34461334910450,09:34:21.334,79.5600,100
34461334910450,09:34:21.334,79.6000,87
34461336371679,09:34:21.336,79.4500,100
34461336422014,09:34:21.336,79.3900,100
34461336425702,09:34:21.336,79.3600,100
34461336471714,09:34:21.336,79.3600,100
34461336474851,09:34:21.336,79.3500,100
34461336483410,09:34:21.336,79.3300,100
34477663391384,09:34:37.663,79.3300,100
34482451773109,09:34:42.451,79.3300,100
34482513953907,09:34:42.513,79.5000,15
34490397623072,09:34:50.397,79.2000,8
34490397659766,09:34:50.397,79.2000,52
34497461530577,09:34:57.461,79.3000,24
34518508259003,09:35:18.508,79.0000,100
34528329004461,09:35:28.329,79.0000,3
34529406968682,09:35:29.406,78.9600,100
34529564614730,09:35:29.564,78.8500,100
34529713333651,09:35:29.713,78.8400,20
34529713333651,09:35:29.713,78.8400,80
34530490747306,09:35:30.490,78.7300,99
34530490747306,09:35:30.490,78.6900,100
34530490747306,09:35:30.490,78.6100,1
34530648645817,09:35:30.648,78.5400,100
34530648645817,09:35:30.648,78.5200,20
34530648645817,09:35:30.648,78.5200,80
34536626377492,09:35:36.626,78.9600,25
34559353397913,09:35:59.353,78.6000,30
34559353397913,09:35:59.353,78.6000,70
34560528872585,09:36:00.528,78.6200,20
34583571341688,09:36:23.571,78.8000,1
34629693233205,09:37:09.693,78.7300,100
34629693239136,09:37:09.693,78.7300,50
34629693239136,09:37:09.693,78.8500,100
34629693239136,09:37:09.693,78.8500,50
34636078924415,09:37:16.078,78.7100,50
34637905873948,09:37:17.905,78.7750,100
34637911875202,09:37:17.911,78.8500,100
34652607092662,09:37:32.607,78.6600,173
34652607102528,09:37:32.607,78.6600,27
34652607102528,09:37:32.607,78.6600,100
34661957289325,09:37:41.957,78.6000,200
34661957289325,09:37:41.957,78.6000,25
34661957289325,09:37:41.957,78.6000,98
34661957298262,09:37:41.957,78.6000,102
34661957298262,09:37:41.957,78.6000,1
34661957317801,09:37:41.957,78.5800,45
34661957320900,09:37:41.957,78.5800,45
34661957348789,09:37:41.957,78.5800,103
34661957357412,09:37:41.957,78.5800,149
34661957366509,09:37:41.957,78.5800,105
34661957728873,09:37:41.957,78.6000,12
34661957909496,09:37:41.957,78.5000,30
34661957909496,09:37:41.957,78.5000,75
34661957909496,09:37:41.957,78.5000,57
34661957919066,09:37:41.957,78.4700,100
34675797787919,09:37:55.797,78.1800,12
34677857159739,09:37:57.857,78.4600,10
34729851442786,09:38:49.851,78.1800,84
34731114652886,09:38:51.114,78.0200,100
34731114652886,09:38:51.114,78.0100,1
34731115045491,09:38:51.115,78.0100,91
34737085872787,09:38:57.085,78.2400,150
34748822312353,09:39:08.822,78.0600,100
34765833488698,09:39:25.833,78.2400,1
34774514913290,09:39:34.514,78.2400,8
34784636071611,09:39:44.636,78.5000,9
34784636360672,09:39:44.636,78.6000,86
34789387216302,09:39:49.387,78.4700,100
34791446785416,09:39:51.446,78.4700,20
34833443106167,09:40:33.443,78.5300,6
34850261475642,09:40:50.261,78.5300,19
34850261475642,09:40:50.261,78.5000,6
34850261548843,09:40:50.261,78.5000,19
34850261857481,09:40:50.261,78.5400,100
34850261857481,09:40:50.261,78.5400,100
34850261857481,09:40:50.261,78.5400,100
34850261857481,09:40:50.261,78.5400,100
34850261857481,09:40:50.261,78.5500,100
34854677945749,09:40:54.677,78.5500,100
34854678371237,09:40:54.678,78.5500,300
34878103553795,09:41:18.103,78.6900,2
34880776603187,09:41:20.776,78.5200,30
34880776603187,09:41:20.776,78.5000,200
34880776603187,09:41:20.776,78.5000,77
34880776643791,09:41:20.776,78.5000,23
34906060753455,09:41:46.060,78.5000,5
34974296758477,09:42:54.296,78.5000,15
34983796599491,09:43:03.796,78.4900,1
34983796599491,09:43:03.796,78.4200,100
34983796599491,09:43:03.796,78.4100,58
34999333084096,09:43:19.333,78.5400,2
35035679876368,09:43:55.679,78.7400,200
35035680467444,09:43:55.680,78.7500,100
35035681089970,09:43:55.681,78.8500,1
35035681106041,09:43:55.681,78.8500,1
35044401396390,09:44:04.401,78.9900,94
35044401568352,09:44:04.401,79.0000,17
35044401568352,09:44:04.401,79.0000,51
35044401568352,09:44:04.401,79.0000,15
35044401568352,09:44:04.401,79.0000,11
35044401600764,09:44:04.401,79.0000,94
35046507265695,09:44:06.507,79.0000,1
35077248557442,09:44:37.248,78.6800,3
35077248598830,09:44:37.248,78.7400,22
35131416498028,09:45:31.416,78.7500,97
35131416833615,09:45:31.416,78.7500,40
35147353337585,09:45:47.353,78.8100,4
35181072153324,09:46:21.072,78.8500,225
35181073325041,09:46:21.073,78.8500,100
35181073333263,09:46:21.073,78.8500,98
35181073373468,09:46:21.073,78.8500,77
35212953497616,09:46:52.953,78.8000,5
35212953541153,09:46:52.953,78.8000,5
35220410452890,09:47:00.410,78.8400,30
35258357559262,09:47:38.357,78.7600,4
35289089446950,09:48:09.089,78.6000,15
35289089456207,09:48:09.089,78.5900,100
35289089821428,09:48:09.089,78.5500,85
35289089852840,09:48:09.089,78.5500,15
35291616632456,09:48:11.616,78.5000,4
35364834246829,09:49:24.834,78.3600,100
35364835279383,09:49:24.835,78.3600,50
35364870364115,09:49:24.870,78.3600,27
35368920144140,09:49:28.920,78.5400,7
35475776851197,09:51:15.776,78.6400,100
35475776851197,09:51:15.776,78.6400,100
35475776851197,09:51:15.776,78.6500,21
35475776894577,09:51:15.776,78.6500,79
35475776894577,09:51:15.776,78.6500,21
35475776902032,09:51:15.776,78.6500,25
35475776903679,09:51:15.776,78.6500,54
35475776903679,09:51:15.776,78.6500,21
35475776903679,09:51:15.776,78.6500,25
35475776930859,09:51:15.776,78.6500,19
35475776955280,09:51:15.776,78.6500,56
35477166204367,09:51:17.166,78.7000,7
35565843453052,09:52:45.843,78.7100,21
35565843546557,09:52:45.843,78.7300,21
35565844720079,09:52:45.844,78.8000,2
35565844720079,09:52:45.844,78.8000,2
35617571660994,09:53:37.571,78.8700,8
35668078288279,09:54:28.078,78.9100,8
35680371889931,09:54:40.371,78.9300,8
35696176547608,09:54:56.176,78.9400,60
35696176547608,09:54:56.176,78.9400,40
35698577708814,09:54:58.577,78.9900,1
35698577708814,09:54:58.577,78.9900,68
35698577708814,09:54:58.577,78.9900,100
35698577708814,09:54:58.577,78.9900,108
35698577751736,09:54:58.577,78.9900,215
35698577765792,09:54:58.577,78.9900,45
35698577773444,09:54:58.577,78.9900,27
35698577782118,09:54:58.577,78.9900,204
35698578371570,09:54:58.578,79.0000,10
35698578371570,09:54:58.578,79.0000,13
35698578407999,09:54:58.578,79.0000,27
35698578453116,09:54:58.578,79.0000,100
35698578819991,09:54:58.578,79.0000,495
35698578923398,09:54:58.578,79.0000,865
35698578923398,09:54:58.578,79.0000,100
35698578923398,09:54:58.578,79.0000,107
35698579382964,09:54:58.579,79.0200,21
35700343692690,09:55:00.343,79.0500,100
35700343768247,09:55:00.343,79.0500,185
35700343768247,09:55:00.343,79.0500,10
35700344656199,09:55:00.344,79.0700,100
35700741951956,09:55:00.741,79.1400,100
35714548438822,09:55:14.548,79.2000,200
35714548438822,09:55:14.548,79.2000,99
35714548438822,09:55:14.548,79.2000,901
35714548488620,09:55:14.548,79.2000,99
35714548870689,09:55:14.548,79.2500,50
35715310702868,09:55:15.310,79.2100,30
35730798736550,09:55:30.798,79.2500,40
35734115725279,09:55:34.115,79.2500,60
35740599370798,09:55:40.599,79.1800,50
35757388846119,09:55:57.388,79.1700,100
35757388846119,09:55:57.388,79.1800,100
35769189852485,09:56:09.189,79.1800,6
35783656261270,09:56:23.656,79.2100,2
35783657524323,09:56:23.657,79.3000,1
35783657524323,09:56:23.657,79.3300,5
35812062896181,09:56:52.062,79.2700,50
35812062913314,09:56:52.062,79.2700,90
35812062913314,09:56:52.062,79.2600,10
35812062965443,09:56:52.062,79.2600,90
35812062965443,09:56:52.062,79.2500,10
35812062985742,09:56:52.062,79.2500,90
35812062985742,09:56:52.062,79.2500,10
35812063020563,09:56:52.063,79.2500,100
35812063031362,09:56:52.063,79.2500,90
35812063053561,09:56:52.063,79.2900,50
35812063053561,09:56:52.063,79.2500,40
35813139821304,09:56:53.139,79.2100,100
35813139821304,09:56:53.139,79.2000,200
35813139861755,09:56:53.139,79.2000,100
35813139862320,09:56:53.139,79.2000,100
35813139870065,09:56:53.139,79.2000,100
35813139870606,09:56:53.139,79.2000,100
35813139890328,09:56:53.139,79.2000,100
35813140057429,09:56:53.140,79.2000,100
35813140066319,09:56:53.140,79.2000,200
35813140137781,09:56:53.140,79.2000,300
35821571987688,09:57:01.571,79.2700,1
35821572215862,09:57:01.572,79.2700,5
35821572232005,09:57:01.572,79.2700,45
35821572486734,09:57:01.572,79.3000,1
35821572486734,09:57:01.572,79.3100,19
35821572523638,09:57:01.572,79.3100,26
35821649382296,09:57:01.649,79.3700,100
35821649442754,09:57:01.649,79.3800,89
35821649481073,09:57:01.649,79.3800,111
35821649481073,09:57:01.649,79.3800,63
35821649493092,09:57:01.649,79.3800,197
35821649493092,09:57:01.649,79.3800,21
35821649560204,09:57:01.649,79.4000,30
35821650188904,09:57:01.650,79.4300,100
35823917723278,09:57:03.917,79.4600,88
35823917806882,09:57:03.917,79.4600,12
35831726089816,09:57:11.726,79.5000,70
35831726089816,09:57:11.726,79.5000,100
35831726089816,09:57:11.726,79.5000,200
35831726089816,09:57:11.726,79.5000,18
35831726089816,09:57:11.726,79.5000,150
35831726089816,09:57:11.726,79.5000,29
35831726089816,09:57:11.726,79.5000,45
35831726904077,09:57:11.726,79.5800,50
35831726955742,09:57:11.726,79.6000,15
35831812814231,09:57:11.812,79.5600,1
35831884603018,09:57:11.884,79.6300,10
35831885107923,09:57:11.885,79.6300,140
35836590980958,09:57:16.590,79.6500,300
35836591003663,09:57:16.591,79.6500,148
35836591087678,09:57:16.591,79.6600,100
35836591087678,09:57:16.591,79.6500,200
35836591089261,09:57:16.591,79.6500,40
35836591134794,09:57:16.591,79.6500,60
35836591134794,09:57:16.591,79.6500,2
35839880936874,09:57:19.880,79.6400,100
35839882046462,09:57:19.882,79.6400,50
35839882046462,09:57:19.882,79.6500,50
35839882169699,09:57:19.882,79.6500,50
35839906288477,09:57:19.906,79.6500,500
35839906373444,09:57:19.906,79.6500,250
35846453186175,09:57:26.453,79.6200,100
35846453327834,09:57:26.453,79.6200,100
35846453368878,09:57:26.453,79.6200,50
35848195144411,09:57:28.195,79.6350,100
35849782793626,09:57:29.782,79.7000,50
35849782793626,09:57:29.782,79.7000,1
35849823713633,09:57:29.823,79.7500,10
35849823713633,09:57:29.823,79.7500,18
35849823901591,09:57:29.823,79.7500,482
35849823901591,09:57:29.823,79.7500,100
35849823982893,09:57:29.823,79.7600,200
35849824789113,09:57:29.824,79.7800,120
35849825185769,09:57:29.825,79.8000,1
35849825185769,09:57:29.825,79.8000,5
35855158776852,09:57:35.158,79.8300,30
35855159950962,09:57:35.159,79.8600,100
35855160037297,09:57:35.160,79.9100,50
35871258875571,09:57:51.258,79.9150,100
35872052100128,09:57:52.052,79.9000,50
35872052109398,09:57:52.052,79.9000,44
35872052329359,09:57:52.052,79.9000,6
35872052329359,09:57:52.052,79.8900,20
35872052329359,09:57:52.052,79.8700,24
35872052343302,09:57:52.052,79.9150,100
35872052344673,09:57:52.052,79.8700,26
35872052344673,09:57:52.052,79.8500,74
35872052352419,09:57:52.052,79.8500,26
35872059068442,09:57:52.059,79.8400,100
35872154096434,09:57:52.154,79.6700,66
35912469189599,09:58:32.469,79.8500,100
35912469189599,09:58:32.469,79.8500,100
35912469285305,09:58:32.469,79.8500,100
35912469494316,09:58:32.469,79.8500,100
35912469558773,09:58:32.469,79.8800,100
35919256305637,09:58:39.256,79.9000,100
35922192040831,09:58:42.192,79.9500,100
35922192060610,09:58:42.192,79.9600,100
35922192060610,09:58:42.192,79.9800,200
35922192069956,09:58:42.192,79.9800,200
35922192098361,09:58:42.192,79.9800,52
35922192098361,09:58:42.192,79.9800,87
35922192109876,09:58:42.192,79.9800,13
35922192139660,09:58:42.192,79.9900,23
35922192154924,09:58:42.192,79.9900,12
35922192325981,09:58:42.192,79.9900,65
35922192905762,09:58:42.192,80.0000,4
35922192905762,09:58:42.192,80.0000,1
35922192905762,09:58:42.192,80.0000,2
35922192905762,09:58:42.192,80.0000,45
35922192905762,09:58:42.192,80.0000,1
35922192905762,09:58:42.192,80.0000,1
35922192905762,09:58:42.192,80.0000,94
35922192905762,09:58:42.192,80.0000,1
35922192905762,09:58:42.192,80.0000,300
35922192905762,09:58:42.192,80.0000,1
35922192905762,09:58:42.192,80.0000,250
35922192905762,09:58:42.192,80.0000,5
35922192905762,09:58:42.192,80.0000,1
35922192905762,09:58:42.192,80.0000,94
35922193100776,09:58:42.193,80.0000,6
35922193100776,09:58:42.193,80.0000,1
35922193100776,09:58:42.193,80.0000,93
35922193107344,09:58:42.193,80.0000,7
35922193107344,09:58:42.193,80.0000,3
35922193107344,09:58:42.193,80.0000,50
35922193107344,09:58:42.193,80.0000,50
35922193107344,09:58:42.193,80.0000,400
35922193107344,09:58:42.193,80.0000,1
35922193107344,09:58:42.193,80.0000,200
35922193107344,09:58:42.193,80.0000,1
35922194266944,09:58:42.194,80.0700,35
35922194800427,09:58:42.194,80.0700,35
35922194800427,09:58:42.194,80.1000,465
35922194967055,09:58:42.194,80.1000,135
35924996814630,09:58:44.996,80.2000,100
35924996814630,09:58:44.996,80.2500,20
35924996814630,09:58:44.996,80.2500,150
35924996814630,09:58:44.996,80.2500,30
35924996865790,09:58:44.996,80.2500,100
35924996866309,09:58:44.996,80.2500,63
35925104045701,09:58:45.104,80.2200,100
35932383973335,09:58:52.383,80.1200,100
35932494443996,09:58:52.494,80.1000,100
35933918539596,09:58:53.918,80.1300,50
35936249756581,09:58:56.249,79.9800,122
35936249762234,09:58:56.249,79.9800,100
35936249787612,09:58:56.249,79.9800,28
35939983220173,09:58:59.983,80.1400,100
35939983220173,09:58:59.983,80.1600,100
35939983220173,09:58:59.983,80.1700,100
35939983220173,09:58:59.983,80.1800,50
35939983220173,09:58:59.983,80.1800,150
35941930099509,09:59:01.930,80.0800,150
35941930099509,09:59:01.930,80.0600,30
35941930099509,09:59:01.930,80.0600,100
35941930099509,09:59:01.930,80.0600,100
35941930099509,09:59:01.930,80.0500,150
35941930099509,09:59:01.930,80.0500,70
35941930536674,09:59:01.930,80.0400,100
35941930541027,09:59:01.930,80.0400,50
35943298051433,09:59:03.298,79.9700,100
35943298051433,09:59:03.298,80.0200,100
35943298051433,09:59:03.298,80.0400,100
35943298051433,09:59:03.298,80.1100,145
35943298051433,09:59:03.298,80.1500,150
35943298051433,09:59:03.298,80.1500,5
35952835569869,09:59:12.835,80.0500,100
35952835569869,09:59:12.835,80.1200,100
35952835569869,09:59:12.835,80.1200,100
35952835569869,09:59:12.835,80.1300,100
35952835569869,09:59:12.835,80.1400,120
35952835569869,09:59:12.835,80.1400,100
35952835569869,09:59:12.835,80.1500,100
35952835569869,09:59:12.835,80.1500,280
35952835659885,09:59:12.835,80.1500,20
35952835659885,09:59:12.835,80.1500,100
35952835690472,09:59:12.835,80.1100,100
35954404660845,09:59:14.404,80.1100,100
35959556600625,09:59:19.556,80.1100,100
35959556600625,09:59:19.556,80.1100,100
35959560285834,09:59:19.560,80.1500,100
35959560285834,09:59:19.560,80.1500,100
35959561149620,09:59:19.561,80.1900,100
35959561201804,09:59:19.561,80.1900,100
35959562084493,09:59:19.562,80.2000,100
35966434729415,09:59:26.434,80.2600,100
35966434827561,09:59:26.434,80.2900,100
35966435738757,09:59:26.435,80.3000,50
35966435738757,09:59:26.435,80.3000,25
35966435738757,09:59:26.435,80.3000,1
35972457479835,09:59:32.457,80.3700,100
35972459479929,09:59:32.459,80.3700,100
35972890312541,09:59:32.890,80.3800,18
35974468848472,09:59:34.468,80.3300,36
35974468861058,09:59:34.468,80.3300,264
35974993459283,09:59:34.993,80.2100,100
35974993498659,09:59:34.993,80.2000,17
35974993511300,09:59:34.993,80.2000,83
35991534631135,09:59:51.534,80.2500,85
36000255812135,10:00:00.255,80.1700,12
36010868122504,10:00:10.868,80.1600,100
36010868122504,10:00:10.868,80.1600,64
36010868193876,10:00:10.868,80.1300,27
36010868199123,10:00:10.868,80.1300,23
36025924117297,10:00:25.924,80.1000,50
36041607362059,10:00:41.607,80.1500,100
36050400905478,10:00:50.400,80.0100,100
36050692890219,10:00:50.692,80.1000,100
36051869990559,10:00:51.869,80.1000,1
36053108712838,10:00:53.108,80.0200,60
36055265304953,10:00:55.265,80.1500,20
36055265391641,10:00:55.265,80.1500,100
36057256668278,10:00:57.256,80.1000,100
36057256681606,10:00:57.256,80.1000,100
36057256749645,10:00:57.256,80.1000,100
36057256755907,10:00:57.256,80.1000,12
36057256758018,10:00:57.256,80.1000,13
36057256773878,10:00:57.256,80.1000,100
36057256942240,10:00:57.256,80.1000,100
36057257031645,10:00:57.257,80.1000,94
36058215633594,10:00:58.215,80.1000,6
36058215633594,10:00:58.215,80.1000,94
36058215700535,10:00:58.215,80.1000,6
36058287836703,10:00:58.287,80.1000,100
36058287850693,10:00:58.287,80.1000,100
36058287944629,10:00:58.287,80.1000,75
36059530099271,10:00:59.530,80.0200,200
36081537382940,10:01:21.537,80.1800,100
36081537904577,10:01:21.537,80.1800,100
36092182635704,10:01:32.182,80.1200,5
36092182698857,10:01:32.182,80.1800,100
36092182698857,10:01:32.182,80.1800,90
36098878679123,10:01:38.878,80.2000,600
36098878679123,10:01:38.878,80.2000,156
36098878719657,10:01:38.878,80.2000,244
36098878719657,10:01:38.878,80.2000,39
36098878722936,10:01:38.878,80.2000,61
36098878722936,10:01:38.878,80.2000,100
36098878722936,10:01:38.878,80.2000,100
36098878722936,10:01:38.878,80.2000,43
36098878733556,10:01:38.878,80.2000,13
36098878735638,10:01:38.878,80.2000,44
36098878735638,10:01:38.878,80.2000,30
36098879216114,10:01:38.879,80.2800,100
36098879216114,10:01:38.879,80.2800,76
36098879364386,10:01:38.879,80.2800,131
36098879399261,10:01:38.879,80.2800,66
36098879471972,10:01:38.879,80.2400,100
36098879512497,10:01:38.879,80.2800,100
36098879544801,10:01:38.879,80.2800,27
36098879544801,10:01:38.879,80.3000,73
36098879550420,10:01:38.879,80.3000,26
36098879656721,10:01:38.879,80.3000,1
36103087352790,10:01:43.087,80.3200,100
36103087352790,10:01:43.087,80.3400,100
36103087352790,10:01:43.087,80.3500,7
36103087352790,10:01:43.087,80.3500,93
36103087589515,10:01:43.087,80.3500,27
36103087589515,10:01:43.087,80.3500,100
36103087589515,10:01:43.087,80.3500,15
36103087654063,10:01:43.087,80.3500,85
36103147472116,10:01:43.147,80.3600,100
36103147472116,10:01:43.147,80.3600,100
36105824124750,10:01:45.824,80.3600,100
36105958394771,10:01:45.958,80.3600,100
36109906970518,10:01:49.906,80.3200,100
36112885948492,10:01:52.885,80.3600,100
36112885948492,10:01:52.885,80.4000,100
36113054462668,10:01:53.054,80.4000,200
36113054601878,10:01:53.054,80.4000,200
36113054601878,10:01:53.054,80.4000,10
36113054601878,10:01:53.054,80.4000,100
36116060735777,10:01:56.060,80.4000,5
36116064386297,10:01:56.064,80.4000,1
36116465431556,10:01:56.465,80.3500,100
36121410609624,10:02:01.410,80.2600,100
36125735795628,10:02:05.735,80.4200,150
36125735795628,10:02:05.735,80.4400,100
36125735795628,10:02:05.735,80.4400,50
36126917181045,10:02:06.917,80.4700,30
36126917181045,10:02:06.917,80.4700,34
36126918176682,10:02:06.918,80.4700,66
36126918176682,10:02:06.918,80.4700,100
36126923996270,10:02:06.923,80.4400,59
36129262462942,10:02:09.262,80.4800,100
36129263047319,10:02:09.263,80.5000,100
36129263047319,10:02:09.263,80.5000,100
36129263047319,10:02:09.263,80.5000,6
36129263047319,10:02:09.263,80.5000,100
36129263047319,10:02:09.263,80.5000,125
36129263047319,10:02:09.263,80.5000,234
36129263086867,10:02:09.263,80.5000,266
36129263086867,10:02:09.263,80.5000,100
36129264458717,10:02:09.264,80.4800,100
36130833254317,10:02:10.833,80.5400,2
36132673573841,10:02:12.673,80.5300,100
36133605831841,10:02:13.605,80.5200,100
36133744753808,10:02:13.744,80.5100,300
36133744815405,10:02:13.744,80.5100,200
36139658282884,10:02:19.658,80.5900,50
36141010946693,10:02:21.010,80.6000,12
36144603605920,10:02:24.603,80.6000,10
36155945292664,10:02:35.945,80.5200,100
36158970567067,10:02:38.970,80.5200,100
36159310346932,10:02:39.310,80.5200,100
36160337241593,10:02:40.337,80.5200,100
36161034710961,10:02:41.034,80.5100,100
36161034752441,10:02:41.034,80.5000,600
36161034752441,10:02:41.034,80.5000,1
36161034752441,10:02:41.034,80.5000,102
36161034753720,10:02:41.034,80.5000,98
36161034764951,10:02:41.034,80.4700,20
36161034809896,10:02:41.034,80.4500,1
36161034995634,10:02:41.034,80.3600,12
36161035000965,10:02:41.035,80.3600,88
36161035000965,10:02:41.035,80.3600,47
36161035006543,10:02:41.035,80.3600,53
36161089459523,10:02:41.089,80.3600,100
36168376859064,10:02:48.376,80.3800,100
36168376859064,10:02:48.376,80.4500,150
36168376859064,10:02:48.376,80.4700,150
36168376859064,10:02:48.376,80.4700,150
36168376859064,10:02:48.376,80.4700,15
36168376859064,10:02:48.376,80.5000,35
36168377237977,10:02:48.377,80.4800,100
36168377930625,10:02:48.377,80.5600,51
36168378028835,10:02:48.378,80.4700,100
36168378068015,10:02:48.378,80.4300,100
36168378143654,10:02:48.378,80.4300,100
36168378146488,10:02:48.378,80.4300,100
36168378864902,10:02:48.378,80.4300,100
36168378864902,10:02:48.378,80.4300,100
36169770654111,10:02:49.770,80.5500,100
36170417980487,10:02:50.417,80.5800,100
36171294363784,10:02:51.294,80.5200,24
36171294376108,10:02:51.294,80.5200,24
36171294400064,10:02:51.294,80.5200,24
36171294420028,10:02:51.294,80.5200,24
36171294421328,10:02:51.294,80.5200,4
36171294421328,10:02:51.294,80.5000,20
36171294461268,10:02:51.294,80.5000,24
36171294465987,10:02:51.294,80.5000,24
36171294501850,10:02:51.294,80.5000,24
36171294504402,10:02:51.294,80.5000,8
36171294504402,10:02:51.294,80.4800,16
36171294545197,10:02:51.294,80.4800,8
36171294545679,10:02:51.294,80.4800,8
36171294550021,10:02:51.294,80.4800,24
36172770597249,10:02:52.770,80.5000,100
36172770597249,10:02:52.770,80.5000,100
36172770901529,10:02:52.770,80.5100,100
36173760289152,10:02:53.760,80.3800,56
36174255810701,10:02:54.255,80.5000,366
36174255815821,10:02:54.255,80.5000,41
36174255820928,10:02:54.255,80.5000,93
36201095704997,10:03:21.095,80.4000,10
36214594309445,10:03:34.594,80.3000,50
36224130212105,10:03:44.130,80.4000,100
36224131763456,10:03:44.131,80.4600,18
36229973805191,10:03:49.973,80.5000,50
36229974040289,10:03:49.974,80.5300,10
36229974079863,10:03:49.974,80.5400,100
36229974107489,10:03:49.974,80.5400,100
36229974668951,10:03:49.974,80.5500,10
36229974726251,10:03:49.974,80.5500,2
36229974726251,10:03:49.974,80.5500,100
36229974726251,10:03:49.974,80.5500,100
36230977774533,10:03:50.977,80.5000,1
36232939982966,10:03:52.939,80.5800,100
36234121906284,10:03:54.121,80.5900,52
36237180165693,10:03:57.180,80.5100,3
36243930197920,10:04:03.930,80.4200,5
36246173236556,10:04:06.173,80.4200,26
36246173326016,10:04:06.173,80.4200,100
36264183194598,10:04:24.183,80.3700,10
36272844205686,10:04:32.844,80.4200,12
36274008310418,10:04:34.008,80.5000,1
36274009286710,10:04:34.009,80.5200,100
36274009337611,10:04:34.009,80.5400,30
36287183329378,10:04:47.183,80.4200,1
36288204303076,10:04:48.204,80.4100,8
36288204303076,10:04:48.204,80.4200,92
36288204347557,10:04:48.204,80.4200,8
36294951847752,10:04:54.951,80.4200,7
36294952554432,10:04:54.952,80.3450,150
36294952593841,10:04:54.952,80.3450,150
36294952921367,10:04:54.952,80.3450,150
36311928382835,10:05:11.928,80.2900,80
36311928472592,10:05:11.928,80.2800,26
36311928623229,10:05:11.928,80.2700,142
36311928623761,10:05:11.928,80.2700,142
36311928627409,10:05:11.928,80.2700,16
36331861825063,10:05:31.861,80.3000,100
36331861837245,10:05:31.861,80.3000,100
36331861858175,10:05:31.861,80.3000,100
36331861881307,10:05:31.861,80.3000,100
36331861888619,10:05:31.861,80.3000,100
36331861941187,10:05:31.861,80.3000,100
36331862127464,10:05:31.862,80.3000,100
36331862141794,10:05:31.862,80.3200,100
36331862177357,10:05:31.862,80.3300,100
36336738307535,10:05:36.738,80.2600,150
36348117246118,10:05:48.117,80.2900,100
36353068198437,10:05:53.068,80.3350,100
36353068212011,10:05:53.068,80.3350,100
36353068382457,10:05:53.068,80.3800,57
36353068386259,10:05:53.068,80.3800,84
36353068388958,10:05:53.068,80.3550,100
36353068388958,10:05:53.068,80.3800,42
36353068422092,10:05:53.068,80.3800,17
36353068422092,10:05:53.068,80.4000,47
36353068481279,10:05:53.068,80.4000,53
36353068481279,10:05:53.068,80.4500,6
36353068552157,10:05:53.068,80.3700,15
36353068975532,10:05:53.068,80.4300,35
36353068975532,10:05:53.068,80.4300,20
36353068975532,10:05:53.068,80.4500,3
36354332945645,10:05:54.332,80.3800,100
36354333309932,10:05:54.333,80.3800,20
36354333376486,10:05:54.333,80.3800,55
36354333386605,10:05:54.333,80.3800,45
36354333567730,10:05:54.333,80.3700,10
36361142939312,10:06:01.142,80.4300,5
36373093960367,10:06:13.093,80.4000,10
36373093960367,10:06:13.093,80.4000,67
36373093971020,10:06:13.093,80.4000,33
36377991594812,10:06:17.991,80.4500,50
36377991631757,10:06:17.991,80.4500,5
36378206577950,10:06:18.206,80.4000,50
36380636683585,10:06:20.636,80.3900,100
36383360350027,10:06:23.360,80.3500,50
36392062710226,10:06:32.062,80.3700,100
36392062710226,10:06:32.062,80.3700,100
36392063074530,10:06:32.063,80.3400,100
36392063127305,10:06:32.063,80.3300,100
36392063178152,10:06:32.063,80.3300,100
36395640791552,10:06:35.640,80.3000,150
36395640890236,10:06:35.640,80.2900,200
36398961159317,10:06:38.961,80.3100,30
36398961201697,10:06:38.961,80.3100,70
36399260785971,10:06:39.260,80.3400,100
36399260809298,10:06:39.260,80.3400,100
36399466321925,10:06:39.466,80.3100,100
36403387319254,10:06:43.387,80.3050,200
36414631389495,10:06:54.631,80.2200,100
36414631741251,10:06:54.631,80.2000,20
36414631741251,10:06:54.631,80.2000,80
36414631806175,10:06:54.631,80.2000,20
36431084494770,10:07:11.084,80.0500,100
36431088386135,10:07:11.088,80.0100,11
36431088627787,10:07:11.088,80.0000,5
36431088627787,10:07:11.088,80.0000,4
36431088627787,10:07:11.088,80.0000,82
36431088629553,10:07:11.088,80.0000,3
36431088629553,10:07:11.088,80.0000,100
36431088629553,10:07:11.088,80.0000,10
36431088629553,10:07:11.088,80.0000,30
36431089391449,10:07:11.089,79.8500,100
36431089391449,10:07:11.089,79.8500,100
36431099286280,10:07:11.099,79.8000,150
36431099286280,10:07:11.099,79.8000,50
36431099337975,10:07:11.099,79.8000,50
36447329767995,10:07:27.329,79.8100,100
36447329791890,10:07:27.329,79.8100,50
36451973057057,10:07:31.973,79.8200,100
36456666413496,10:07:36.666,79.6400,200
36456675494286,10:07:36.675,79.6000,100
36464062274641,10:07:44.062,79.7200,15
36464062274641,10:07:44.062,79.7300,3
36481427112300,10:08:01.427,79.5300,61
36481427137700,10:08:01.427,79.5300,39
36481427137700,10:08:01.427,79.5000,101
36481427141125,10:08:01.427,79.5000,141
36481427147439,10:08:01.427,79.5000,8
36481427147439,10:08:01.427,79.5000,70
36481427611171,10:08:01.427,79.5000,61
36481427615721,10:08:01.427,79.5000,5
36481427644545,10:08:01.427,79.5000,34
36481441518104,10:08:01.441,79.2300,150
36481441518104,10:08:01.441,79.2300,50
36481460206599,10:08:01.460,79.2200,20
36491649756382,10:08:11.649,79.4200,20
36491649756382,10:08:11.649,79.4500,30
36491649801167,10:08:11.649,79.4500,20
36491717456895,10:08:11.717,79.5700,44
36491721620287,10:08:11.721,79.5900,42
36491721662488,10:08:11.721,79.5900,58
36491721662488,10:08:11.721,79.5900,42
36491721665739,10:08:11.721,79.5900,58
36491722486388,10:08:11.722,79.7000,2
36491722578559,10:08:11.722,79.7000,98
36491722667797,10:08:11.722,79.6400,100
36491735081804,10:08:11.735,79.6800,100
36508877314866,10:08:28.877,79.6200,10
36524797197957,10:08:44.797,79.6400,6
36525441163207,10:08:45.441,79.7000,100
36525441228814,10:08:45.441,79.7100,100
36525441675279,10:08:45.441,79.7500,18
36525441675279,10:08:45.441,79.7500,100
36531795517919,10:08:51.795,79.8500,100
36540408445876,10:09:00.408,79.7600,12
36544610333726,10:09:04.610,79.9200,100
36544610333726,10:09:04.610,79.9400,100
36544610333726,10:09:04.610,79.9400,100
36544616572334,10:09:04.616,79.9700,25
36544616572334,10:09:04.616,80.0000,2
36544616572334,10:09:04.616,80.0000,10
36544616572334,10:09:04.616,80.0000,13
36544616750207,10:09:04.616,80.0000,171
36544616750207,10:09:04.616,80.0000,4
36544616787722,10:09:04.616,80.0000,46
36544616787722,10:09:04.616,80.0000,40
36640472608055,10:10:40.472,79.8700,100
36640649563902,10:10:40.649,79.8700,50
36640649563902,10:10:40.649,79.8600,50
36640797570725,10:10:40.797,79.8600,50
36640797570725,10:10:40.797,79.8500,50
36640807479790,10:10:40.807,79.8400,14
36640807563335,10:10:40.807,79.8400,520
36640807599288,10:10:40.807,79.8400,235
36640807601168,10:10:40.807,79.8400,231
36640808479184,10:10:40.808,79.8400,178
36640808484019,10:10:40.808,79.8400,100
36640808491024,10:10:40.808,79.8400,100
36640808541029,10:10:40.808,79.8400,322
36640808545915,10:10:40.808,79.8200,70
36640809366099,10:10:40.809,79.8200,230
36640809366099,10:10:40.809,79.7300,67
36640935245775,10:10:40.935,79.7300,100
36640935305265,10:10:40.935,79.7300,33
36686421585428,10:11:26.421,79.7000,10
36722436765347,10:12:02.436,79.7900,8
36731495150424,10:12:11.495,79.6800,100
36731495858473,10:12:11.495,79.7300,30
36739590772621,10:12:19.590,79.6800,160
36739590772621,10:12:19.590,79.8000,40
36762255870596,10:12:42.255,79.8100,49
36762255874601,10:12:42.255,79.7050,100
36762255874601,10:12:42.255,79.8100,51
36762255874601,10:12:42.255,79.8100,49
36762255884899,10:12:42.255,79.8100,51
36762255884899,10:12:42.255,79.8200,240
36762255884899,10:12:42.255,79.8200,49
36762255888035,10:12:42.255,79.8200,51
36784126718304,10:13:04.126,79.9600,100
36784126786948,10:13:04.126,79.9700,50
36784126786948,10:13:04.126,80.0000,50
36784126836702,10:13:04.126,80.0000,9
36784126846761,10:13:04.126,80.0000,391
36784126846761,10:13:04.126,80.0000,12
36784126846761,10:13:04.126,80.0000,100
36784126846761,10:13:04.126,80.0000,11
36784126849602,10:13:04.126,80.0000,89
36784126849602,10:13:04.126,80.0000,35
36791273677663,10:13:11.273,80.1100,21
36800065355895,10:13:20.065,80.0600,4
36809846961287,10:13:29.846,80.1100,100
36809846961287,10:13:29.846,80.1200,100
36809853017132,10:13:29.853,80.1200,100
36809853245316,10:13:29.853,80.1200,385
36809853255848,10:13:29.853,80.1200,136
36809853265640,10:13:29.853,80.1200,1
36809853267630,10:13:29.853,80.1200,278
36810486271021,10:13:30.486,80.0400,12
36817870723882,10:13:37.870,79.9800,33
36872709508030,10:14:32.709,80.1200,50
36872709508030,10:14:32.709,80.1300,75
36872711413425,10:14:32.711,80.1400,125
36872712849072,10:14:32.712,80.1500,125
36872713444459,10:14:32.713,80.1900,50
36872714384526,10:14:32.714,80.1900,50
36872719306562,10:14:32.719,80.2000,50
36872719306562,10:14:32.719,80.2000,100
36872719306562,10:14:32.719,80.2000,10
36909852951292,10:15:09.852,80.2000,3
36910194117987,10:15:10.194,80.2000,1
36910796630438,10:15:10.796,80.2000,15
36911276951987,10:15:11.276,80.2000,7
36918224862116,10:15:18.224,80.1200,5
36918224862116,10:15:18.224,80.1200,95
36918224877145,10:15:18.224,80.2000,4
36924582516783,10:15:24.582,80.1000,100
36924582529108,10:15:24.582,80.0600,45
36924582529108,10:15:24.582,80.0200,50
36924582545329,10:15:24.582,80.0200,50
36924582545329,10:15:24.582,80.0100,50
36924582545329,10:15:24.582,80.0000,100
36924582548558,10:15:24.582,80.0000,100
36924582569792,10:15:24.582,79.9500,100
36924582574593,10:15:24.582,79.9200,40
36924582578882,10:15:24.582,79.9200,60
36924582741766,10:15:24.582,80.0100,100
36924583237368,10:15:24.583,79.8900,100
36924583276367,10:15:24.583,79.8700,100
36924583288916,10:15:24.583,79.8700,3
36928895812468,10:15:28.895,79.6600,150
36928895812468,10:15:28.895,79.6200,50
36950607814858,10:15:50.607,79.8800,20
37001861939893,10:16:41.861,79.9500,1
37012320197239,10:16:52.320,79.9500,100
37012320197239,10:16:52.320,79.9500,25
37012320197239,10:16:52.320,79.9500,15
37014072770178,10:16:54.072,79.8100,100
37014072770178,10:16:54.072,79.7700,18
37014072770178,10:16:54.072,79.7600,82
37026086579175,10:17:06.086,79.8100,2
37039842981048,10:17:19.842,79.7500,2
37039994387856,10:17:19.994,79.7000,100
37039996311705,10:17:19.996,79.6000,10
37039996311705,10:17:19.996,79.6000,190
37039996347528,10:17:19.996,79.6000,30
37039996347528,10:17:19.996,79.6000,52
37039996349558,10:17:19.996,79.6000,48
37039996365277,10:17:19.996,79.5500,100
37040111759150,10:17:20.111,79.5500,50
37040111808738,10:17:20.111,79.5500,29
37040111818394,10:17:20.111,79.5500,50
37040162278276,10:17:20.162,79.5500,50
37040217876614,10:17:20.217,79.5500,50
37040494520447,10:17:20.494,79.5500,50
37040744748034,10:17:20.744,79.5500,21
37040744748034,10:17:20.744,79.5000,29
37040860800076,10:17:20.860,79.5000,21
37052527248715,10:17:32.527,79.5700,10
37064360656010,10:17:44.360,79.4100,150
37064360656010,10:17:44.360,79.4100,63
37064360656010,10:17:44.360,79.4100,150
37064360656010,10:17:44.360,79.4000,100
37064360997407,10:17:44.360,79.3800,100
37064363356768,10:17:44.363,79.4000,67
37064363368655,10:17:44.363,79.4000,33
37064363390697,10:17:44.363,79.3800,100
37064703919293,10:17:44.703,79.3900,80
37070210619859,10:17:50.210,79.4000,100
37070210802920,10:17:50.210,79.4000,100
37120671315501,10:18:40.671,79.4800,26
37131249300784,10:18:51.249,79.5000,15
37132210810606,10:18:52.210,79.5000,1
37149566623121,10:19:09.566,79.3800,7
37149692618038,10:19:09.692,79.3800,33
37149693112692,10:19:09.693,79.3800,110
37149693112692,10:19:09.693,79.3700,114
37149693625119,10:19:09.693,79.3600,100
37180756913813,10:19:40.756,79.5700,100
37180756913813,10:19:40.756,79.5900,100
37180756940429,10:19:40.756,79.5900,50
37180756961584,10:19:40.756,79.6000,100
37180756961584,10:19:40.756,79.6000,13
37180756973184,10:19:40.756,79.6000,87
37180789093253,10:19:40.789,79.6900,12
37180789615373,10:19:40.789,79.7500,100
37180789628997,10:19:40.789,79.7500,100
37180790650442,10:19:40.790,79.7400,100
37180790746833,10:19:40.790,79.7400,50
37180790746833,10:19:40.790,79.7100,50
37195742993327,10:19:55.742,79.8400,5
37221824374665,10:20:21.824,79.8800,50
37266779502020,10:21:06.779,79.8700,50
37278554258314,10:21:18.554,79.8100,69
37299908562913,10:21:39.908,79.9100,150
37299908562913,10:21:39.908,79.9200,50
37350634589303,10:22:30.634,79.9000,12
37352847671177,10:22:32.847,79.9100,58
37352850551411,10:22:32.850,79.9100,8
37352850575601,10:22:32.850,79.9100,14
37368882428170,10:22:48.882,79.9600,5
37368882428170,10:22:48.882,79.9800,70
37368882459683,10:22:48.882,80.0000,25
37368882459683,10:22:48.882,80.0000,10
37368882459683,10:22:48.882,80.0000,59
37368882464816,10:22:48.882,80.0000,100
37368882477657,10:22:48.882,80.0000,75
37368882483166,10:22:48.882,80.0000,16
37368882483166,10:22:48.882,80.0000,2
37368882483166,10:22:48.882,80.0000,2
37368882570541,10:22:48.882,80.0100,35
37368882570541,10:22:48.882,80.0100,3
37368883371633,10:22:48.883,80.1000,100
37368883375294,10:22:48.883,80.1000,25
37368883375294,10:22:48.883,80.1000,63
37368883424093,10:22:48.883,80.1000,37
37368884527710,10:22:48.884,80.0900,200
37368884796120,10:22:48.884,80.0900,100
37398479529774,10:23:18.479,80.0500,2
37429102555652,10:23:49.102,80.0800,100
37429102555652,10:23:49.102,80.1000,100
37429102594902,10:23:49.102,80.1000,71
37429102597566,10:23:49.102,80.1000,29
37429102597566,10:23:49.102,80.1000,30
37437265029750,10:23:57.265,80.1600,100
37437265029750,10:23:57.265,80.1800,100
37437265029750,10:23:57.265,80.1900,150
37437265029750,10:23:57.265,80.2000,80
37437265029750,10:23:57.265,80.2200,70
37437400859121,10:23:57.400,80.2500,2
37437401038830,10:23:57.401,80.2700,5
37437401038830,10:23:57.401,80.3000,78
37437401707739,10:23:57.401,80.3000,40
37437401760566,10:23:57.401,80.3000,32
37437406395718,10:23:57.406,80.2400,100
37437406395718,10:23:57.406,80.2400,100
37453811426543,10:24:13.811,80.2800,100
37453811439189,10:24:13.811,80.2800,10
37453811439189,10:24:13.811,80.3000,90
37502279392407,10:25:02.279,80.1600,100
37502279392407,10:25:02.279,80.1500,100
37502279433066,10:25:02.279,80.1500,100
37502281282348,10:25:02.281,80.0900,100
37502281287278,10:25:02.281,80.0800,1
37505288073535,10:25:05.288,80.1000,100
37505288073535,10:25:05.288,80.1100,100
37505288127590,10:25:05.288,80.1200,99
37505288149151,10:25:05.288,80.1200,1
37536500444286,10:25:36.500,79.9800,100
37539500037040,10:25:39.500,80.0000,100
37572735787314,10:26:12.735,80.0700,10
37573012069636,10:26:13.012,80.0700,10
37575782553023,10:26:15.782,80.0700,10
37575782560974,10:26:15.782,80.0900,10
37575782560974,10:26:15.782,80.1000,100
37575782560974,10:26:15.782,80.1000,70
37575782605051,10:26:15.782,80.1000,30
37575782605051,10:26:15.782,80.1000,100
37575782605051,10:26:15.782,80.1000,11
37575782616955,10:26:15.782,80.1000,10
37576073153351,10:26:16.073,80.0600,1
37583073557852,10:26:23.073,80.0200,1
37616591431322,10:26:56.591,80.1300,43
37621323586607,10:27:01.323,80.0900,1
37622796307422,10:27:02.796,80.0900,9
37622796348259,10:27:02.796,80.1000,563
37622796355169,10:27:02.796,80.1000,21
37622796358822,10:27:02.796,80.1000,274
37622796370054,10:27:02.796,80.1000,14
37622796371489,10:27:02.796,80.1000,119
37636560007156,10:27:16.560,79.9500,400
37636560007156,10:27:16.560,79.9500,150
37636560007156,10:27:16.560,79.9500,22
37636560072671,10:27:16.560,79.9000,15
37636560074067,10:27:16.560,79.9000,85
37639591187917,10:27:19.591,79.9200,47
37641263994896,10:27:21.263,79.8700,100
37641263994896,10:27:21.263,79.8500,150
37641263994896,10:27:21.263,79.8400,100
37641266691225,10:27:21.266,79.8300,25
37641266691225,10:27:21.266,79.8300,100
37641266750956,10:27:21.266,79.8000,30
37641278374015,10:27:21.278,79.7700,200
37641278663906,10:27:21.278,79.7500,1
37641278663906,10:27:21.278,79.7300,16
37641278733801,10:27:21.278,79.7300,100
37641278740506,10:27:21.278,79.7300,14
37642116788504,10:27:22.116,79.6900,100
37642116867599,10:27:22.116,79.6600,40
37642116910439,10:27:22.116,79.6200,100
37642116939516,10:27:22.116,79.6200,120
37642116941126,10:27:22.116,79.6200,20
37642117296567,10:27:22.117,79.6000,500
37642117296567,10:27:22.117,79.6000,500
37642117558863,10:27:22.117,79.5800,136
37642117647874,10:27:22.117,79.5800,64
37644568070255,10:27:24.568,79.6000,26
37644574209702,10:27:24.574,79.5100,100
37654182768482,10:27:34.182,79.5600,100
37654182768482,10:27:34.182,79.5400,100
37654182847534,10:27:34.182,79.5200,150
37654182847534,10:27:34.182,79.5200,100
37654182847534,10:27:34.182,79.5100,50
37672783395220,10:27:52.783,79.5400,100
37717780243992,10:28:37.780,79.7000,20
37717781530495,10:28:37.781,79.7000,206
37742575655983,10:29:02.575,79.8000,100
37745781511148,10:29:05.781,79.8400,100
37812617453345,10:30:12.617,79.9100,5
37812617462015,10:30:12.617,79.9100,100
37812617500874,10:30:12.617,79.9100,100
37812617543129,10:30:12.617,79.9100,86
37812617715032,10:30:12.617,79.9500,116
37812617719366,10:30:12.617,79.9500,19
37812617722563,10:30:12.617,79.9500,65
37812617854851,10:30:12.617,79.9500,35
37812617857432,10:30:12.617,79.9500,65
37812617857432,10:30:12.617,79.9500,35
37812617858422,10:30:12.617,79.9500,33
37812617864742,10:30:12.617,79.9500,32
37812618710783,10:30:12.618,79.9300,100
37812625239531,10:30:12.625,79.9200,100
37812625239531,10:30:12.625,79.9200,100
37812632420387,10:30:12.632,79.9100,209
37845121547341,10:30:45.121,79.9100,250
37845121591473,10:30:45.121,79.9100,95
37872308785617,10:31:12.308,79.8600,79
37897155435557,10:31:37.155,79.9100,150
37897155435557,10:31:37.155,79.9100,150
37897155693816,10:31:37.155,79.9200,12
37897155761916,10:31:37.155,79.9300,12
37902801491800,10:31:42.801,79.9400,1
37902801552115,10:31:42.801,79.9400,1
37902801578702,10:31:42.801,79.9400,99
37918374980027,10:31:58.374,79.8600,4
37918827198830,10:31:58.827,79.9200,50
37919585793008,10:31:59.585,79.8400,600
37919585836771,10:31:59.585,79.8300,100
37919588087580,10:31:59.588,79.7400,1
37920689139571,10:32:00.689,79.7100,100
37929159421556,10:32:09.159,79.7200,1
37929160802404,10:32:09.160,79.7100,100
37929160802404,10:32:09.160,79.7100,2
37929162814571,10:32:09.162,79.7000,24
37929162890043,10:32:09.162,79.6700,100
37929943689318,10:32:09.943,79.6100,7
37929953142744,10:32:09.953,79.6000,100
37929953179506,10:32:09.953,79.5900,33
37929953186144,10:32:09.953,79.5900,100
37929953219162,10:32:09.953,79.5900,67
37929953710561,10:32:09.953,79.5500,100
37929953710561,10:32:09.953,79.5400,199
37929953717673,10:32:09.953,79.5400,116
37929954230775,10:32:09.954,79.5000,150
37929954230775,10:32:09.954,79.5000,218
37929954232487,10:32:09.954,79.5000,282
37929954232487,10:32:09.954,79.5000,100
37929954232487,10:32:09.954,79.5000,9
37972183229498,10:32:52.183,79.5000,7
38089768141546,10:34:49.768,79.4900,100
38089780775445,10:34:49.780,79.4800,12
38089795118708,10:34:49.795,79.4600,3
38089810301197,10:34:49.810,79.4500,1000
38089810338447,10:34:49.810,79.4500,1
38089810392122,10:34:49.810,79.4200,100
38089810426001,10:34:49.810,79.4200,100
38089816308845,10:34:49.816,79.3500,24
38089816452548,10:34:49.816,79.3500,40
38089816485574,10:34:49.816,79.3500,150
38089816494198,10:34:49.816,79.3500,100
38089816494806,10:34:49.816,79.3500,73
38089816500997,10:34:49.816,79.3500,113
38089816500997,10:34:49.816,79.3400,9
38089816501797,10:34:49.816,79.3400,91
38089816501797,10:34:49.816,79.3300,31
38089816511075,10:34:49.816,79.3300,66
38089816512818,10:34:49.816,79.3300,103
38089847229368,10:34:49.847,79.2500,12
38089847455047,10:34:49.847,79.2500,31
38089879030711,10:34:49.879,79.2500,57
38089879030711,10:34:49.879,79.2500,25
38089879030711,10:34:49.879,79.2500,5
38090008972386,10:34:50.008,79.2100,100
38090017829966,10:34:50.017,79.1700,200
38090017829966,10:34:50.017,79.1700,100
38093698228747,10:34:53.698,79.1300,30
38096551342296,10:34:56.551,79.1000,100
38097654061822,10:34:57.654,79.0800,100
38101062301624,10:35:01.062,79.0900,100
38101064266669,10:35:01.064,79.0900,100
38101064465226,10:35:01.064,79.0800,2
38101064465226,10:35:01.064,79.0800,98
38101064518811,10:35:01.064,79.0800,2
38114769613683,10:35:14.769,79.0900,100
38114770108843,10:35:14.770,79.1000,50
38114770108843,10:35:14.770,79.0900,162
38122925742760,10:35:22.925,79.0900,38
38122925782708,10:35:22.925,79.0900,62
38146062917119,10:35:46.062,79.2500,50
38146062989858,10:35:46.062,79.2500,13
38154556133517,10:35:54.556,79.2700,35
38169860809043,10:36:09.860,79.3200,100
38169860833475,10:36:09.860,79.3200,50
38169860833475,10:36:09.860,79.3300,50
38169860877660,10:36:09.860,79.3400,40
38169860877660,10:36:09.860,79.3500,12
38169860877660,10:36:09.860,79.3500,6
38169860888130,10:36:09.860,79.3500,57
38169860889596,10:36:09.860,79.3500,37
38169860889596,10:36:09.860,79.3500,3
38169863990770,10:36:09.863,79.3800,100
38169864794810,10:36:09.864,79.3500,100
38227613039064,10:37:07.613,79.4000,260
38227613049308,10:37:07.613,79.4000,103
38227613051025,10:37:07.613,79.4000,134
38227613054157,10:37:07.613,79.4000,103
38227613054157,10:37:07.613,79.4000,67
38227613684970,10:37:07.613,79.4900,21
38227613796114,10:37:07.613,79.4800,89
38227613828907,10:37:07.613,79.4800,11
38227613830450,10:37:07.613,79.5000,44
38227613832200,10:37:07.613,79.5000,56
38227613832200,10:37:07.613,79.5000,44
38227613835550,10:37:07.613,79.5000,56
38227613835550,10:37:07.613,79.5000,44
38227613893927,10:37:07.613,79.5000,56
38227613893927,10:37:07.613,79.5000,100
38227618289501,10:37:07.618,79.5100,14
38227618308993,10:37:07.618,79.5100,17
38227618448100,10:37:07.618,79.5100,169
38286789062587,10:38:06.789,79.6400,100
38298620669564,10:38:18.620,79.6600,5
38298620669564,10:38:18.620,79.6600,95
38298620737524,10:38:18.620,79.6600,5
38325456583841,10:38:45.456,79.7900,40
38331648605158,10:38:51.648,79.7350,100
38355258958042,10:39:15.258,79.7400,200
38355258958042,10:39:15.258,79.6900,50
38355258958042,10:39:15.258,79.6700,50
38355259004226,10:39:15.259,79.6700,50
38355259004226,10:39:15.259,79.6700,50
38355259008007,10:39:15.259,79.6700,13
38355259016883,10:39:15.259,79.6700,100
38355259024373,10:39:15.259,79.6700,37
38355259073981,10:39:15.259,79.6600,9
38355259214735,10:39:15.259,79.6100,10
38355259714442,10:39:15.259,79.6100,100
38355259820720,10:39:15.259,79.5100,93
38368887996975,10:39:28.887,79.5100,200
38368887996975,10:39:28.887,79.4800,800
38368888038904,10:39:28.888,79.4800,200
38368888038904,10:39:28.888,79.4800,200
38368888045113,10:39:28.888,79.4700,95
38368888051018,10:39:28.888,79.4700,100
38368888058702,10:39:28.888,79.4700,105
38368888081199,10:39:28.888,79.4500,100
38368888084110,10:39:28.888,79.4300,100
38368888227236,10:39:28.888,79.4900,200
38381865523248,10:39:41.865,79.5000,17
38381865527510,10:39:41.865,79.5000,33
38390150249846,10:39:50.150,79.4600,100
38425882650323,10:40:25.882,79.5000,233
38425882652403,10:40:25.882,79.5000,119
38425882664387,10:40:25.882,79.5000,134
38425882672991,10:40:25.882,79.5000,14
38446099750872,10:40:46.099,79.3300,100
38446099808044,10:40:46.099,79.3300,50
38446099808044,10:40:46.099,79.3000,50
38464722602011,10:41:04.722,79.5000,100
38464722640250,10:41:04.722,79.5200,12
38475503240549,10:41:15.503,79.6400,6
38533938969071,10:42:13.938,79.6100,100
38533938984424,10:42:13.938,79.6100,56
38533939067589,10:42:13.939,79.6100,100
38533939086715,10:42:13.939,79.6300,50
38533939663145,10:42:13.939,79.6100,100
38533961752264,10:42:13.961,79.6100,93
38533961820871,10:42:13.961,79.6100,7
38533962293751,10:42:13.962,79.6100,100
38534964822589,10:42:14.964,79.6100,100
38534964937310,10:42:14.964,79.6100,100
38534965207842,10:42:14.965,79.6100,100
38534965249556,10:42:14.965,79.6100,100
38534965274945,10:42:14.965,79.6100,100
38534968388008,10:42:14.968,79.6100,24
38534970385468,10:42:14.970,79.6100,76
38534970385468,10:42:14.970,79.6100,100
38534970385468,10:42:14.970,79.6100,244
38560638053181,10:42:40.638,79.6500,35
38569506727304,10:42:49.506,79.6500,35
38571590142999,10:42:51.590,79.6500,30
38571590142999,10:42:51.590,79.6900,5
38571590181494,10:42:51.590,79.6900,30
38597129708273,10:43:17.129,79.7600,150
38597129708273,10:43:17.129,79.7700,50
38638473861726,10:43:58.473,79.8200,100
38638474806629,10:43:58.474,79.8500,29
38638475148646,10:43:58.475,79.8500,71
38638475210195,10:43:58.475,79.8600,19
38638475254114,10:43:58.475,79.9000,100
38638475388412,10:43:58.475,79.9000,1000
38638475423267,10:43:58.475,79.9000,50
38638475423267,10:43:58.475,79.9000,100
38638475423267,10:43:58.475,79.9000,100
38638475423267,10:43:58.475,79.9000,100
38638476542761,10:43:58.476,79.8900,100
38638895153272,10:43:58.895,79.9300,100
38639481540534,10:43:59.481,79.9500,67
38639481540534,10:43:59.481,79.9500,33
38640488371810,10:44:00.488,79.9400,33
38640488371810,10:44:00.488,79.9600,67
38641513176965,10:44:01.513,79.9600,83
38641513176965,10:44:01.513,79.9600,17
38642668572763,10:44:02.668,79.9600,28
38642668572763,10:44:02.668,79.9600,72
38643670980794,10:44:03.670,79.9700,8
38644578072699,10:44:04.578,79.9700,92
38644578072699,10:44:04.578,80.0000,50
38644578072699,10:44:04.578,80.0000,20
38644578072699,10:44:04.578,80.0000,10
38644578072699,10:44:04.578,80.0000,1
38644578072699,10:44:04.578,80.0000,40
38644578072699,10:44:04.578,80.0000,100
38644578072699,10:44:04.578,80.0000,8
38644578131099,10:44:04.578,80.0000,42
38644578131099,10:44:04.578,80.0000,1
38644578449659,10:44:04.578,80.0500,15
38644582578728,10:44:04.582,80.0900,150
38644582578728,10:44:04.582,80.1000,41
38644582736817,10:44:04.582,80.1000,29
38644582736817,10:44:04.582,80.1000,100
38644582736817,10:44:04.582,80.1000,21
38650122652613,10:44:10.122,80.0600,100
38650122652613,10:44:10.122,80.1200,100
38650289274620,10:44:10.289,80.1000,100
38650289274620,10:44:10.289,80.1500,100
38656591317598,10:44:16.591,80.1500,600
38656591317598,10:44:16.591,80.1500,250
38656591766066,10:44:16.591,80.1900,100
38656591789354,10:44:16.591,80.2000,35
38656591789354,10:44:16.591,80.2000,41
38656591789354,10:44:16.591,80.2000,24
38656591825444,10:44:16.591,80.2000,36
38656591908349,10:44:16.591,80.2200,100
38656591971046,10:44:16.591,80.2200,30
38656592181678,10:44:16.592,80.2400,10
38656592326060,10:44:16.592,80.2400,90
38656592432569,10:44:16.592,80.2400,86
38657614979358,10:44:17.614,80.1600,100
38662297540506,10:44:22.297,80.2500,284
38662297566051,10:44:22.297,80.2500,16
38662297566051,10:44:22.297,80.2500,1
38662297628847,10:44:22.297,80.2600,2
38662297628847,10:44:22.297,80.2600,98
38662297659936,10:44:22.297,80.2600,100
38662297752049,10:44:22.297,80.2600,17
38662297752049,10:44:22.297,80.2600,21
38662615953374,10:44:22.615,80.2800,101
38662615967334,10:44:22.615,80.2800,99
38662615972824,10:44:22.615,80.2900,50
38662616026676,10:44:22.616,80.3000,100
38662616026676,10:44:22.616,80.3000,1
38662631870353,10:44:22.631,80.3300,100
38662994258078,10:44:22.994,80.3000,100
38667229914377,10:44:27.229,80.2700,100
38667229914377,10:44:27.229,80.2600,3
38667229928120,10:44:27.229,80.2500,3
38667230351932,10:44:27.230,80.1200,100
38667230351932,10:44:27.230,80.2200,100
38667230389562,10:44:27.230,80.2500,200
38667230600777,10:44:27.230,80.1000,100
38667230600777,10:44:27.230,80.0900,13
38675328562401,10:44:35.328,79.9700,15
38687089417751,10:44:47.089,79.9900,100
38689748683681,10:44:49.748,79.9900,100
38702630955530,10:45:02.630,80.0500,100
38702633939838,10:45:02.633,80.1000,12
38712089688677,10:45:12.089,80.2700,66
38712089707983,10:45:12.089,80.2700,34
38721103446936,10:45:21.103,80.3700,100
38721103446936,10:45:21.103,80.3700,100
38721107890210,10:45:21.107,80.4000,75
38721112192400,10:45:21.112,80.4500,200
38730136155411,10:45:30.136,80.4800,100
38730136155411,10:45:30.136,80.4900,2
38730136164126,10:45:30.136,80.4900,98
38730136164126,10:45:30.136,80.4900,2
38730136173918,10:45:30.136,80.4900,15
38730136218681,10:45:30.136,80.5000,5
38730136317293,10:45:30.136,80.5000,95
38730136317293,10:45:30.136,80.5000,59
38730136317293,10:45:30.136,80.5000,1000
38730136317293,10:45:30.136,80.5000,30
38730136317293,10:45:30.136,80.5000,35
38730136317293,10:45:30.136,80.5000,200
38730136317293,10:45:30.136,80.5000,100
38730136317293,10:45:30.136,80.5000,100
38730137323194,10:45:30.137,80.5500,200
38730137323194,10:45:30.137,80.5500,125
38730137323194,10:45:30.137,80.5500,50
38730137323194,10:45:30.137,80.5500,25
38730137377139,10:45:30.137,80.5500,75
38730137713298,10:45:30.137,80.5700,100
38730137713298,10:45:30.137,80.5700,75
38730138309349,10:45:30.138,80.5600,100
38730138414941,10:45:30.138,80.5600,50
38730138414941,10:45:30.138,80.5700,25
38730138966286,10:45:30.138,80.5100,100
38730205496882,10:45:30.205,80.4400,100
38740020746860,10:45:40.020,80.4000,100
38740554524091,10:45:40.554,80.4000,100
38740708300591,10:45:40.708,80.3400,50
38740708300591,10:45:40.708,80.3400,1
38740708657834,10:45:40.708,80.3400,50
38740708657834,10:45:40.708,80.3300,1
38740709008145,10:45:40.709,80.3500,49
38749501698871,10:45:49.501,80.4000,100
38749501977194,10:45:49.501,80.4600,50
38749502287510,10:45:49.502,80.4600,50
38749502317501,10:45:49.502,80.4100,100
38754558363100,10:45:54.558,80.3750,150
38754558406519,10:45:54.558,80.3750,1
38754558416996,10:45:54.558,80.3750,49
38754558427712,10:45:54.558,80.3500,1
38754558427712,10:45:54.558,80.3400,1
38754558427712,10:45:54.558,80.3300,3
38754558456241,10:45:54.558,80.3300,47
38754558456241,10:45:54.558,80.3200,53
38754558483133,10:45:54.558,80.3300,46
38754558489025,10:45:54.558,80.3300,54
38754558499199,10:45:54.558,80.3200,47
38754558499199,10:45:54.558,80.3100,54
38754558516101,10:45:54.558,80.3100,46
38754558920326,10:45:54.558,80.3200,200
38767276191072,10:46:07.276,80.1800,100
38771958463236,10:46:11.958,80.0500,100
38771958463236,10:46:11.958,80.0300,100
38771958463236,10:46:11.958,80.0200,100
38771958463236,10:46:11.958,80.0000,100
38822842110673,10:47:02.842,80.1300,100
38822842110673,10:47:02.842,80.1200,300
38822842110673,10:47:02.842,80.1200,100
38822842158636,10:47:02.842,80.1200,100
38822842174416,10:47:02.842,80.1200,100
38822842192406,10:47:02.842,80.1200,46
38822842193865,10:47:02.842,80.1200,100
38822842194608,10:47:02.842,80.1200,100
38822842215701,10:47:02.842,80.1200,100
38822842219026,10:47:02.842,80.1200,100
38822842276806,10:47:02.842,80.1200,49
38822842313391,10:47:02.842,80.1300,100
38822842537151,10:47:02.842,80.0900,100
38850088564797,10:47:30.088,80.2300,100
38859590221811,10:47:39.590,80.1500,1
38860950343855,10:47:40.950,80.2500,4
38887951518634,10:48:07.951,80.2900,2
38893865668740,10:48:13.865,80.2900,98
38907170012864,10:48:27.170,80.3000,100
38927167307405,10:48:47.167,80.1400,150
38927167307405,10:48:47.167,80.1400,150
38927167307405,10:48:47.167,80.1400,95
38927167307405,10:48:47.167,80.1300,100
38927167307405,10:48:47.167,80.1300,100
38927167307405,10:48:47.167,80.1200,12
38932114245619,10:48:52.114,80.2500,18
38932114280969,10:48:52.114,80.2500,82
38935568618620,10:48:55.568,80.2500,100
38971077575015,10:49:31.077,80.2600,5
38975316829220,10:49:35.316,80.1700,2
38975317034779,10:49:35.317,80.1700,2
38975317034779,10:49:35.317,80.1700,100
38975317034779,10:49:35.317,80.1700,200
38975317043645,10:49:35.317,80.1600,100
38975317043645,10:49:35.317,80.1600,100
38975317056626,10:49:35.317,80.1500,4
38975317056626,10:49:35.317,80.1400,68
38975317058127,10:49:35.317,80.1400,32
38975317066922,10:49:35.317,80.1200,88
38975317085429,10:49:35.317,80.1000,24
38975317098408,10:49:35.317,80.1000,76
38975354947106,10:49:35.354,80.0600,48
38975355484987,10:49:35.355,80.0600,32
38975355484987,10:49:35.355,80.0600,48
38975355484987,10:49:35.355,80.0500,2
38975355821926,10:49:35.355,80.0500,80
38975355956481,10:49:35.355,80.0000,42
38975355960866,10:49:35.355,80.0000,100
38975356057949,10:49:35.356,80.0000,60
38975356092615,10:49:35.356,80.0000,43
38975374374086,10:49:35.374,79.9500,25
38975374374086,10:49:35.374,79.9500,40
38976232845864,10:49:36.232,80.0000,100
38993908665628,10:49:53.908,79.9000,12
38994817624192,10:49:54.817,79.8900,1
39009710296430,10:50:09.710,79.9000,2
39012086211059,10:50:12.086,79.9400,1
39012086249005,10:50:12.086,79.9400,11
39021959940691,10:50:21.959,80.0000,1
39025934117950,10:50:25.934,80.1000,150
39025934117950,10:50:25.934,80.1200,150
39025934117950,10:50:25.934,80.1200,50
39045245386050,10:50:45.245,80.1000,100
39045246791641,10:50:45.246,80.1000,4
39089389637876,10:51:29.389,79.9650,100
39108118901853,10:51:48.118,80.0000,3
39130865114262,10:52:10.865,80.0600,50
39130865127781,10:52:10.865,80.1000,1
39130865127781,10:52:10.865,80.1000,1
39130970915660,10:52:10.970,80.1600,100
39130970915660,10:52:10.970,80.1600,400
39130970956255,10:52:10.970,80.1600,100
39130971768632,10:52:10.971,80.2000,50
39130971768632,10:52:10.971,80.2000,6
39130988256635,10:52:10.988,80.2600,7
39130991567537,10:52:10.991,80.2500,150
39130991567537,10:52:10.991,80.2600,150
39130991567537,10:52:10.991,80.2800,100
39130991567537,10:52:10.991,80.2800,93
39143425223053,10:52:23.425,80.2700,10
39150080464227,10:52:30.080,80.2700,21
39154618294525,10:52:34.618,80.1900,100
39154618493112,10:52:34.618,80.1900,100
39154620690721,10:52:34.620,80.2500,150
39158220451146,10:52:38.220,80.2500,100
39158220451146,10:52:38.220,80.2300,100
39158558138441,10:52:38.558,80.2100,200
39167340472834,10:52:47.340,80.2050,100
39167340734606,10:52:47.340,80.2050,100
39170499284272,10:52:50.499,80.2050,100
39170499365620,10:52:50.499,80.2050,400
39170505006697,10:52:50.505,80.2050,250
39174887168759,10:52:54.887,80.2200,900
39174909336510,10:52:54.909,80.2200,400
39200189851984,10:53:20.189,80.2500,1
39200190020843,10:53:20.190,80.2200,100
39200190595665,10:53:20.190,80.2300,100
39201790410406,10:53:21.790,80.2000,50
39229425581831,10:53:49.425,80.3000,100
39229425581831,10:53:49.425,80.3000,2
39229425581831,10:53:49.425,80.3000,1
39229425598036,10:53:49.425,80.3000,100
39229426175525,10:53:49.426,80.3500,250
39229427041236,10:53:49.427,80.4000,50
39229427041236,10:53:49.427,80.4000,79
39229427105045,10:53:49.427,80.4000,21
39229445488078,10:53:49.445,80.4400,100
39229445488078,10:53:49.445,80.4100,100
39241156450813,10:54:01.156,80.3800,5
39241156450813,10:54:01.156,80.3800,7
39246493580781,10:54:06.493,80.4400,100
39246493580781,10:54:06.493,80.4800,100
39246493583760,10:54:06.493,80.5000,200
39246493583760,10:54:06.493,80.5000,90
39246493589739,10:54:06.493,80.5000,10
39246493589739,10:54:06.493,80.5000,1
39246493589739,10:54:06.493,80.5000,1
39246493589739,10:54:06.493,80.5000,100
39246493589739,10:54:06.493,80.5000,100
39246779207065,10:54:06.779,80.5700,50
39246779411948,10:54:06.779,80.6000,20
39246779411948,10:54:06.779,80.6000,88
39246779411948,10:54:06.779,80.6000,8
39246779411948,10:54:06.779,80.6000,35
39246779411948,10:54:06.779,80.6000,45
39246779411948,10:54:06.779,80.6000,100
39246779411948,10:54:06.779,80.6000,80
39246779411948,10:54:06.779,80.6000,100
39246780075958,10:54:06.780,80.6100,58
39246780077250,10:54:06.780,80.6100,42
39246780077250,10:54:06.780,80.6100,58
39246780170796,10:54:06.780,80.6100,100
39246780204936,10:54:06.780,80.6100,92
39246780612513,10:54:06.780,80.6400,100
39246781049849,10:54:06.781,80.6900,300
39246781075342,10:54:06.781,80.6900,150
39246781257401,10:54:06.781,80.6900,50
39247479184123,10:54:07.479,80.6800,150
39247479184123,10:54:07.479,80.7000,50
39251765479930,10:54:11.765,80.7100,100
39251765479930,10:54:11.765,80.7200,110
39251765550240,10:54:11.765,80.7200,9
39251765550240,10:54:11.765,80.7300,27
39251769951305,10:54:11.769,80.7500,10
39251769951305,10:54:11.769,80.7500,81
39251770567665,10:54:11.770,80.7500,19
39251771268721,10:54:11.771,80.7500,100
39251772146333,10:54:11.772,80.7900,130
39251776710970,10:54:11.776,80.7900,23
39251776944060,10:54:11.776,80.7900,5
39252702846721,10:54:12.702,80.7300,16
39252702890182,10:54:12.702,80.7300,84
39252702911601,10:54:12.702,80.7300,84
39253388535723,10:54:13.388,80.6300,100
39253388591145,10:54:13.388,80.6300,100
39253388906882,10:54:13.388,80.6200,100
39259151074583,10:54:19.151,80.7200,100
39259151074583,10:54:19.151,80.7400,1
39259159399135,10:54:19.159,80.8000,1
39259159399135,10:54:19.159,80.8000,99
39277255069802,10:54:37.255,80.6300,25
39280423394801,10:54:40.423,80.7300,100
39301955570709,10:55:01.955,80.6300,100
39301955570709,10:55:01.955,80.6000,2
39302508301940,10:55:02.508,80.7500,100
39303455438488,10:55:03.455,80.6500,100
39313287979044,10:55:13.287,80.7700,50
39313975990806,10:55:13.975,80.6400,50
39321837129113,10:55:21.837,80.8200,12
39321837141491,10:55:21.837,80.8200,88
39321837520903,10:55:21.837,80.8500,100
39321837728505,10:55:21.837,80.8500,159
39321837789834,10:55:21.837,80.8500,188
39321837836657,10:55:21.837,80.8500,53
39321837951233,10:55:21.837,80.8600,9
39321837951233,10:55:21.837,80.8700,191
39321837969332,10:55:21.837,80.8700,42
39321837982639,10:55:21.837,80.8700,1067
39321837982639,10:55:21.837,80.8700,100
39321838034784,10:55:21.838,80.8800,50
39323450202736,10:55:23.450,80.8900,100
39323450244773,10:55:23.450,80.8900,37
39323450313557,10:55:23.450,80.9000,25
39323450405847,10:55:23.450,80.8900,100
39323450572522,10:55:23.450,80.8900,100
39323450573767,10:55:23.450,80.8900,97
39323450582317,10:55:23.450,80.8900,100
39323509184483,10:55:23.509,80.8800,2
39323512136477,10:55:23.512,80.8800,1
39324015688174,10:55:24.015,80.8800,1
39324664116775,10:55:24.664,80.7750,100
39324682573260,10:55:24.682,80.8300,124
39324682608689,10:55:24.682,80.8300,76
39324682931417,10:55:24.682,80.8300,25
39324682938059,10:55:24.682,80.8300,57
39324683112607,10:55:24.683,80.8300,18
39324683112607,10:55:24.683,80.8300,9
39324727439071,10:55:24.727,80.8300,91
39324727439071,10:55:24.727,80.8200,9
39327454420674,10:55:27.454,80.7300,200
39329975569950,10:55:29.975,80.7100,1
39334072494648,10:55:34.072,80.8000,100
39334072494648,10:55:34.072,80.8000,200
39334072570686,10:55:34.072,80.8100,2
39334090999577,10:55:34.090,80.9100,100
39334090999577,10:55:34.090,80.9200,400
39334090999577,10:55:34.090,80.9200,100
39336454000822,10:55:36.454,80.8700,100
39336454000822,10:55:36.454,80.8500,150
39336454000822,10:55:36.454,80.8400,100
39336454000822,10:55:36.454,80.8300,150
39336454000822,10:55:36.454,80.8300,288
39337118730297,10:55:37.118,80.8800,18
39339854372895,10:55:39.854,80.8800,1
39339854742481,10:55:39.854,80.9400,100
39343419326003,10:55:43.419,80.9400,153
39343419326003,10:55:43.419,80.9400,1
39343419326003,10:55:43.419,80.9500,42
39343419326003,10:55:43.419,80.9600,1
39343419337795,10:55:43.419,80.9800,300
39343419337795,10:55:43.419,80.9800,193
39343419344921,10:55:43.419,80.9800,134
39343419377673,10:55:43.419,80.9800,73
39343419438713,10:55:43.419,81.0000,500
39343419438713,10:55:43.419,81.0000,2
39343419438713,10:55:43.419,81.0000,6
39343419448568,10:55:43.419,81.0000,44
39343419448568,10:55:43.419,81.0000,50
39343419448568,10:55:43.419,81.0000,206
39343419615787,10:55:43.419,80.9900,100
39343419616421,10:55:43.419,80.9900,100
39343419627329,10:55:43.419,80.9900,100
39343419646969,10:55:43.419,80.9900,198
39343419998130,10:55:43.419,80.9900,2702
39343420079375,10:55:43.420,80.9900,700
39343420209297,10:55:43.420,80.9900,171
39343482706078,10:55:43.482,80.9800,81
39344227199517,10:55:44.227,80.9000,100
39344227256977,10:55:44.227,80.8900,25
39344227260916,10:55:44.227,80.8900,75
39352668538220,10:55:52.668,80.8400,69
39352668580932,10:55:52.668,80.9000,100
39352669002899,10:55:52.669,80.8950,100
39352680883042,10:55:52.680,80.7800,41
39352684062849,10:55:52.684,80.8000,10
39352684062849,10:55:52.684,80.7800,27
39352688986747,10:55:52.688,80.7800,12
39352688986747,10:55:52.688,80.7800,22
39352689185971,10:55:52.689,80.7800,78
39353994276896,10:55:53.994,80.7400,150
39353994276896,10:55:53.994,80.7400,200
39353994276896,10:55:53.994,80.7400,150
39353994276896,10:55:53.994,80.7300,350
39353994319757,10:55:53.994,80.7300,100
39353994319757,10:55:53.994,80.7300,103
39353994328918,10:55:53.994,80.7300,133
39353994331837,10:55:53.994,80.7300,164
39353994373337,10:55:53.994,80.6600,97
39353994389375,10:55:53.994,80.6600,3
39353994575188,10:55:53.994,80.6600,5
39353995075491,10:55:53.995,80.6600,8
39353995078216,10:55:53.995,80.6600,87
39353995283529,10:55:53.995,80.6300,100
39370784740274,10:56:10.784,80.6000,100
39370784740274,10:56:10.784,80.5900,50
39370784740274,10:56:10.784,80.5800,50
39372381925588,10:56:12.381,80.6800,100
39384342062757,10:56:24.342,80.6700,150
39384342062757,10:56:24.342,80.6600,50
39384351761933,10:56:24.351,80.6600,100
39384351761933,10:56:24.351,80.6500,50
39384351761933,10:56:24.351,80.6400,172
39386145606808,10:56:26.145,80.7700,100
39386145606808,10:56:26.145,80.7800,100
39386145608509,10:56:26.145,80.7800,100
39386146013229,10:56:26.146,80.7700,100
39396884151674,10:56:36.884,80.9200,30
39396884473429,10:56:36.884,80.9200,70
39398634016844,10:56:38.634,80.8400,1
39398647299033,10:56:38.647,80.7900,100
39398647299033,10:56:38.647,80.7900,200
39414462216362,10:56:54.462,80.7000,5
39414463598036,10:56:54.463,80.6800,200
39414463631327,10:56:54.463,80.6600,1
39414463683433,10:56:54.463,80.6300,100
39415258991861,10:56:55.258,80.5100,100
39415259001048,10:56:55.259,80.5000,40
39415259001048,10:56:55.259,80.5000,47
39415259003074,10:56:55.259,80.5000,53
39415259573786,10:56:55.259,80.4200,45
39419113486391,10:56:59.113,80.5300,3
39420218466273,10:57:00.218,80.5600,3
39421230181279,10:57:01.230,80.5600,3
39422292546002,10:57:02.292,80.5600,3
39422579801359,10:57:02.579,80.5700,100
39422579801359,10:57:02.579,80.5800,3
39422579801359,10:57:02.579,80.6300,100
39422579801359,10:57:02.579,80.6500,100
39422579801359,10:57:02.579,80.6700,30
39422579861294,10:57:02.579,80.7000,162
39422579862607,10:57:02.579,80.7000,306
39422579869908,10:57:02.579,80.7000,133
39422579889308,10:57:02.579,80.7000,66
39434010122142,10:57:14.010,80.6500,100
39454837120564,10:57:34.837,80.6100,100
39454837174864,10:57:34.837,80.6100,100
39455649649166,10:57:35.649,80.6600,200
39455649649166,10:57:35.649,80.6600,50
39455649736286,10:57:35.649,80.6600,50
39473934261169,10:57:53.934,80.5000,50
39473934261169,10:57:53.934,80.5000,150
39473934263141,10:57:53.934,80.5000,33
39473934266290,10:57:53.934,80.5000,17
39474083967878,10:57:54.083,80.4100,200
39491274908903,10:58:11.274,80.4300,8
39491274938011,10:58:11.274,80.4200,8
39491275084000,10:58:11.275,80.4200,8
39491275246169,10:58:11.275,80.4200,84
39511231598989,10:58:31.231,80.4500,12
39520607659814,10:58:40.607,80.5000,5
39520607798491,10:58:40.607,80.5200,100
39520607916873,10:58:40.607,80.5400,100
39528635412617,10:58:48.635,80.5500,100
39528635447240,10:58:48.635,80.5500,100
39537363856783,10:58:57.363,80.5400,1
39569993792897,10:59:29.993,80.7000,100
39569994165442,10:59:29.994,80.7400,200
39569994167223,10:59:29.994,80.7400,70
39569994177906,10:59:29.994,80.7400,80
39569994180949,10:59:29.994,80.7400,23
39569994184471,10:59:29.994,80.7500,107
39569994186873,10:59:29.994,80.7500,55
39569994211983,10:59:29.994,80.7500,21
39569994410888,10:59:29.994,80.7500,34
39569994527409,10:59:29.994,80.7500,36
39569994712471,10:59:29.994,80.7500,247
39569994712471,10:59:29.994,80.7500,1
39569994712471,10:59:29.994,80.7500,1
39569996160712,10:59:29.996,80.7600,100
39570021209986,10:59:30.021,80.7500,74
39585626146699,10:59:45.626,80.8500,75
39587236568455,10:59:47.236,80.9600,100
39587236568455,10:59:47.236,80.9700,4
39587236568455,10:59:47.236,80.9700,200
39587236568455,10:59:47.236,80.9700,100
39587236568455,10:59:47.236,80.9700,96
39587236665644,10:59:47.236,80.9800,100
39587236678052,10:59:47.236,80.9800,50
39587236678052,10:59:47.236,80.9800,200
39587244486799,10:59:47.244,81.0000,794
39587244486799,10:59:47.244,81.0000,200
39587244486799,10:59:47.244,81.0000,184
39587244486799,10:59:47.244,81.0000,75
39587244486799,10:59:47.244,81.0000,1
39587244486799,10:59:47.244,81.0000,10
39587244486799,10:59:47.244,81.0000,20
39587244486799,10:59:47.244,81.0000,700
39587244486799,10:59:47.244,81.0000,25
39587244486799,10:59:47.244,81.0000,40
39587244486799,10:59:47.244,81.0000,7
39587244486799,10:59:47.244,81.0000,50
39587244486799,10:59:47.244,81.0000,5
39587244486799,10:59:47.244,81.0000,1
39587244486799,10:59:47.244,81.0000,100
39587244486799,10:59:47.244,81.0000,100
39587244486799,10:59:47.244,81.0000,1
39587244486799,10:59:47.244,81.0000,20
39587244486799,10:59:47.244,81.0000,15
39587244486799,10:59:47.244,81.0000,15
39587244486799,10:59:47.244,81.0000,1
39587244486799,10:59:47.244,81.0000,130
39587244486799,10:59:47.244,81.0000,360
39587244486799,10:59:47.244,81.0000,100
39587244486799,10:59:47.244,81.0000,800
39587244486799,10:59:47.244,81.0000,200
39587244486799,10:59:47.244,81.0000,1
39587244486799,10:59:47.244,81.0000,1
39587244486799,10:59:47.244,81.0000,200
39587244486799,10:59:47.244,81.0000,800
39587244486799,10:59:47.244,81.0000,100
39587244486799,10:59:47.244,81.0000,3
39587244486799,10:59:47.244,81.0000,10
39587244486799,10:59:47.244,81.0000,95
39587244486799,10:59:47.244,81.0000,2
39587244486799,10:59:47.244,81.0000,50
39587244486799,10:59:47.244,81.0000,475
39587244486799,10:59:47.244,81.0000,100
39587244486799,10:59:47.244,81.0000,99
39587244486799,10:59:47.244,81.0000,45
39587244486799,10:59:47.244,81.0000,3
39587244486799,10:59:47.244,81.0000,2
39587245038340,10:59:47.245,81.0100,280
39587245038340,10:59:47.245,81.0400,23
39587246152610,10:59:47.246,81.0400,177
39587249837119,10:59:47.249,80.9800,3
39587250469505,10:59:47.250,80.9600,3
39587250735469,10:59:47.250,80.9500,3
39597494662997,10:59:57.494,80.8400,1
39603512910232,11:00:03.512,80.8100,100
39603512910232,11:00:03.512,80.8100,60
39603512910232,11:00:03.512,80.8100,134
39603512910232,11:00:03.512,80.8100,6
39603514277678,11:00:03.514,80.8000,300
39603514277678,11:00:03.514,80.8000,229
39603514315605,11:00:03.514,80.8000,171
39603515011422,11:00:03.515,80.7300,100
39603515670174,11:00:03.515,80.7200,150
39635864032724,11:00:35.864,80.6700,94
39635864032724,11:00:35.864,80.6600,156
39635864074654,11:00:35.864,80.6600,94
39635864074654,11:00:35.864,80.6600,200
39635864216709,11:00:35.864,80.6200,100
39646501572459,11:00:46.501,80.7200,100
39646501572459,11:00:46.501,80.7200,100
39646501572459,11:00:46.501,80.7200,100
39646501648930,11:00:46.501,80.7200,100
39646501967136,11:00:46.501,80.7600,50
39660244067351,11:01:00.244,80.7000,3
39739717293949,11:02:19.717,80.6100,10
39742719950393,11:02:22.719,80.6500,100
39742719987935,11:02:22.719,80.6500,100
39742720184593,11:02:22.720,80.6900,100
39742720459805,11:02:22.720,80.6900,100
39742720477838,11:02:22.720,80.6900,100
39742720708035,11:02:22.720,80.6900,100
39742720827488,11:02:22.720,80.6900,100
39742720978923,11:02:22.720,80.6900,100
39756152507254,11:02:36.152,80.7600,95
39763893334530,11:02:43.893,80.7400,1
39770012204456,11:02:50.012,80.6800,73
39770012211246,11:02:50.012,80.6800,27
39770012211246,11:02:50.012,80.6100,226
39770012214269,11:02:50.012,80.6100,174
39770926252188,11:02:50.926,80.5000,81
39770926794782,11:02:50.926,80.4700,32
39770927028937,11:02:50.927,80.4000,100
39801810683659,11:03:21.810,80.3900,150
39801810683659,11:03:21.810,80.3800,1
39801810683659,11:03:21.810,80.3800,150
39801810729002,11:03:21.810,80.3800,100
39801810732250,11:03:21.810,80.3800,50
39801810770517,11:03:21.810,80.3700,100
39801810777280,11:03:21.810,80.3700,100
39801810777280,11:03:21.810,80.3700,1
39801810897591,11:03:21.810,80.3500,50
39801811558232,11:03:21.811,80.2600,50
39801811592824,11:03:21.811,80.2600,200
39801811592824,11:03:21.811,80.2500,60
39801918582310,11:03:21.918,80.2200,200
39805381151795,11:03:25.381,80.2000,500
39805381527462,11:03:25.381,80.1500,100
39806313979835,11:03:26.313,80.0000,130
39806313979835,11:03:26.313,80.0000,60
39806313979835,11:03:26.313,80.0000,100
39806313979835,11:03:26.313,80.0000,5
39806314517175,11:03:26.314,79.9000,23
39806314525569,11:03:26.314,79.9000,24
39806314548816,11:03:26.314,79.9000,33
39806314582323,11:03:26.314,79.8800,74
39806314590678,11:03:26.314,79.8800,125
39806314671352,11:03:26.314,79.8800,100
39806314878387,11:03:26.314,79.8800,201
39806981918182,11:03:26.981,79.8800,100
39806982438536,11:03:26.982,79.8000,98
39806982994892,11:03:26.982,79.8000,89
39813090622252,11:03:33.090,79.9800,100
39813178705048,11:03:33.178,79.9900,10
39813178779058,11:03:33.178,79.9900,90
39813178779058,11:03:33.178,79.9900,37
39864344053073,11:04:24.344,80.3000,25
39884003223590,11:04:44.003,80.2200,65
39884003354999,11:04:44.003,80.1700,100
39884003399140,11:04:44.003,80.1700,100
39884003405336,11:04:44.003,80.1700,100
39884003737917,11:04:44.003,80.1700,100
39884003790673,11:04:44.003,80.1700,100
39884003791870,11:04:44.003,80.1600,174
39884003825324,11:04:44.003,80.1600,12
39908121909203,11:05:08.121,80.0900,100
39913235393171,11:05:13.235,80.0000,60
39913235393171,11:05:13.235,80.0000,1
39953600361054,11:05:53.600,79.9000,100
39984019709778,11:06:24.019,79.8900,100
39984019709778,11:06:24.019,79.8800,1
39984019709778,11:06:24.019,79.8800,100
39984019709778,11:06:24.019,79.8800,99
40004442448876,11:06:44.442,79.9300,25
40008264872452,11:06:48.264,79.8800,1
40008264934945,11:06:48.264,79.8600,2
40019342566054,11:06:59.342,79.8800,1
40019342600207,11:06:59.342,79.8900,90
40019342600207,11:06:59.342,79.9000,800
40019342600207,11:06:59.342,79.9000,100
40019342600207,11:06:59.342,79.9000,10
40019342641670,11:06:59.342,79.9000,90
40019342642988,11:06:59.342,79.9000,90
40019342643431,11:06:59.342,79.9000,10
40019342768199,11:06:59.342,79.9200,1
40019342865459,11:06:59.342,79.9200,1
40020504835713,11:07:00.504,80.0000,100
40020504835713,11:07:00.504,80.0000,21
40020504835713,11:07:00.504,80.0000,10
40020504835713,11:07:00.504,80.0000,369
40020513658284,11:07:00.513,80.0500,100
40020513658284,11:07:00.513,80.0500,31
40020513658284,11:07:00.513,80.0500,100
40051379327871,11:07:31.379,80.0400,12
40102813917061,11:08:22.813,80.2400,18
40102813927492,11:08:22.813,80.2400,82
40102813927492,11:08:22.813,80.2600,91
40102813933461,11:08:22.813,80.2600,9
40102813933461,11:08:22.813,80.2900,36
40102813934671,11:08:22.813,80.2900,109
40102813935302,11:08:22.813,80.2900,155
40102813935302,11:08:22.813,80.2900,45
40102813936081,11:08:22.813,80.2900,5
40102813940071,11:08:22.813,80.2900,50
40102814553801,11:08:22.814,80.3700,100
40102815752995,11:08:22.815,80.3700,100
40102817094215,11:08:22.817,80.4100,30
40102817098867,11:08:22.817,80.4100,32
40102817103922,11:08:22.817,80.4100,38
40169544676562,11:09:29.544,80.4400,100
40240817310152,11:10:40.817,80.3700,100
40240817310152,11:10:40.817,80.3700,21
40240817313182,11:10:40.817,80.3700,1
40240817356170,11:10:40.817,80.3700,5
40240817382341,11:10:40.817,80.3700,3
40240817382931,11:10:40.817,80.3700,1
40240817386613,11:10:40.817,80.3700,5
40240817412398,11:10:40.817,80.3700,5
40240817455512,11:10:40.817,80.4100,1
40240817488880,11:10:40.817,80.4200,1
40291278901019,11:11:31.278,80.3150,200
40291465772262,11:11:31.465,80.2700,100
40291465772262,11:11:31.465,80.2600,100
40291465811926,11:11:31.465,80.2600,200
40291465811926,11:11:31.465,80.2600,100
40291466203230,11:11:31.466,80.2600,1
40291466203230,11:11:31.466,80.2700,100
40291466203230,11:11:31.466,80.2800,99
40310592309204,11:11:50.592,80.2600,1
40319313418122,11:11:59.313,80.2400,2
40325123002584,11:12:05.123,80.2400,3
40372169424885,11:12:52.169,80.2600,100
40372169479707,11:12:52.169,80.2500,100
40422653115807,11:13:42.653,80.2000,11
40427248507571,11:13:47.248,80.2800,5
40427248507571,11:13:47.248,80.3000,100
40427248507571,11:13:47.248,80.3000,21
40427248517012,11:13:47.248,80.3000,79
40427248954699,11:13:47.248,80.3400,12
40439011002301,11:13:59.011,80.3700,44
40439011070465,11:13:59.011,80.3800,77
40439011076199,11:13:59.011,80.3800,180
40439011082368,11:13:59.011,80.3800,43
40440198208282,11:14:00.198,80.4500,100
40440198208282,11:14:00.198,80.4500,100
40440198710448,11:14:00.198,80.4900,100
40440198757353,11:14:00.198,80.5000,1
40440198757353,11:14:00.198,80.5000,4
40443283323291,11:14:03.283,80.6400,100
40469344776418,11:14:29.344,80.5200,49
40486271951382,11:14:46.271,80.5500,50
40486271951382,11:14:46.271,80.5200,100
40486271951382,11:14:46.271,80.5200,50
40506213429239,11:15:06.213,80.6400,150
40511040621094,11:15:11.040,80.6500,50
40517616681391,11:15:17.616,80.5400,100
40517616681391,11:15:17.616,80.5200,200
40517616681391,11:15:17.616,80.5200,100
40517616727289,11:15:17.616,80.5100,100
40517616729803,11:15:17.616,80.5000,100
40517616729803,11:15:17.616,80.5000,1
40517616729803,11:15:17.616,80.5000,100
40517616746611,11:15:17.616,80.4900,196
40517616749870,11:15:17.616,80.4900,4
40517616752375,11:15:17.616,80.4800,100
40517616762413,11:15:17.616,80.4500,100
40517616774819,11:15:17.616,80.4300,100
40517616774819,11:15:17.616,80.4200,68
40517616780670,11:15:17.616,80.4200,32
40517616784851,11:15:17.616,80.4200,32
40517616789387,11:15:17.616,80.4200,68
40623404340050,11:17:03.404,80.3200,10
40665709248736,11:17:45.709,80.2700,10
40665709297586,11:17:45.709,80.2800,10
40665709604931,11:17:45.709,80.2800,10
40665709606063,11:17:45.709,80.3000,10
40686792877184,11:18:06.792,80.3000,10
40690785112595,11:18:10.785,80.3500,3
40690787726359,11:18:10.787,80.3500,21
40690819286774,11:18:10.819,80.3500,14
40691653626201,11:18:11.653,80.3500,5
40691656232111,11:18:11.656,80.3500,7
40722321050821,11:18:42.321,80.4000,40
40723888992367,11:18:43.888,80.4900,200
40723889031374,11:18:43.889,80.4900,100
40723889031374,11:18:43.889,80.4900,83
40723889033151,11:18:43.889,80.4900,25
40723889048713,11:18:43.889,80.4900,125
40723889049369,11:18:43.889,80.4900,267
40723889049369,11:18:43.889,80.4900,333
40723889062167,11:18:43.889,80.4900,267
40723889112451,11:18:43.889,80.5000,1
40723889112451,11:18:43.889,80.5000,99
40723889116907,11:18:43.889,80.5000,100
40723889120591,11:18:43.889,80.5000,100
40723889126156,11:18:43.889,80.5000,1
40723889126156,11:18:43.889,80.5000,4
40723889226282,11:18:43.889,80.5100,127
40723889497777,11:18:43.889,80.5100,16
40723889680423,11:18:43.889,80.5100,30
40723889690466,11:18:43.889,80.5100,21
40723889704541,11:18:43.889,80.5100,9
40723889805234,11:18:43.889,80.5100,5
40723889811101,11:18:43.889,80.5100,62
40723890359761,11:18:43.890,80.5500,12
40724012566914,11:18:44.012,80.5100,1
40730022282782,11:18:50.022,80.4900,150
40730022282782,11:18:50.022,80.4900,150
40730022282782,11:18:50.022,80.4900,50
40730022282782,11:18:50.022,80.4800,100
40730022282782,11:18:50.022,80.4800,100
40730022344342,11:18:50.022,80.4700,7
40732025402104,11:18:52.025,80.4800,64
40732025410857,11:18:52.025,80.4800,36
40732025482427,11:18:52.025,80.4800,100
40732025491986,11:18:52.025,80.4800,26
40732025494927,11:18:52.025,80.4800,72
40732025608891,11:18:52.025,80.4800,64
40732025662575,11:18:52.025,80.4800,36
40732025663065,11:18:52.025,80.4800,36
40732025674624,11:18:52.025,80.4800,64
40732025674624,11:18:52.025,80.4800,36
40732025964141,11:18:52.025,80.4700,100
40732027867730,11:18:52.027,80.4600,7
40734867684880,11:18:54.867,80.4800,100
40751304991893,11:19:11.304,80.4200,15
40796641692416,11:19:56.641,80.4000,70
40831087154957,11:20:31.087,80.4100,100
40831087261861,11:20:31.087,80.4100,4
40833974140743,11:20:33.974,80.3300,10
40833974213543,11:20:33.974,80.3100,100
40833974247627,11:20:33.974,80.3000,86
40833974282138,11:20:33.974,80.3000,314
40833974282138,11:20:33.974,80.3000,200
40833974839792,11:20:33.974,80.2600,128
40833974848421,11:20:33.974,80.2600,200
40833974849643,11:20:33.974,80.2600,172
40833974899161,11:20:33.974,80.2100,40
40833974899161,11:20:33.974,80.2100,4
40833974899161,11:20:33.974,80.2100,56
40833975081058,11:20:33.975,80.2100,44
40834036216402,11:20:34.036,80.1600,50
40834036484931,11:20:34.036,80.1200,100
40871072482456,11:21:11.072,80.1200,84
40873137250636,11:21:13.137,80.0000,172
40873137283365,11:21:13.137,80.0000,125
40873137330261,11:21:13.137,80.0000,3
40873137330261,11:21:13.137,80.0000,10
40873137330261,11:21:13.137,80.0000,10
40873137348587,11:21:13.137,79.9300,10
40873137376327,11:21:13.137,79.9300,19
40873137381729,11:21:13.137,79.9300,21
40873137381729,11:21:13.137,79.9300,2
40873137473071,11:21:13.137,79.9300,5
40873137504688,11:21:13.137,79.9300,5
40873137632148,11:21:13.137,79.9300,47
40873137634609,11:21:13.137,79.9300,41
40873137730570,11:21:13.137,79.9000,50
40873138126885,11:21:13.138,79.8800,5
40873138167031,11:21:13.138,79.8800,227
40873138168287,11:21:13.138,79.8800,68
40873138863524,11:21:13.138,79.8000,10
40873138925149,11:21:13.138,79.8000,90
40876364800407,11:21:16.364,79.8000,100
40876364800407,11:21:16.364,79.8000,38
40876364882308,11:21:16.364,79.8000,62
40876365442886,11:21:16.365,79.7500,60
40876365736482,11:21:16.365,79.8000,57
40876365751392,11:21:16.365,79.8000,43
40876366916362,11:21:16.366,79.8000,100
40933344513417,11:22:13.344,79.9100,18
40933347552755,11:22:13.347,79.8200,100
40933347552755,11:22:13.347,79.8100,200
40933366609036,11:22:13.366,79.8100,80
40933366620388,11:22:13.366,79.8100,20
40933366620999,11:22:13.366,79.8100,20
40933366621398,11:22:13.366,79.8100,20
40933366658085,11:22:13.366,79.8100,100
40933366682514,11:22:13.366,79.8100,20
40933366691008,11:22:13.366,79.8100,100
40933366813444,11:22:13.366,79.8100,20
40933366815872,11:22:13.366,79.8100,20
40933366856961,11:22:13.366,79.8100,60
40933366856961,11:22:13.366,79.8100,20
40933366866734,11:22:13.366,79.8100,80
40933366882051,11:22:13.366,79.8100,70
40933436013881,11:22:13.436,79.9300,100
40987108619152,11:23:07.108,79.9800,100
41055133898727,11:24:15.133,79.9900,150
41055133898727,11:24:15.133,80.0000,1
41057394977830,11:24:17.394,80.0200,15
41057394977830,11:24:17.394,80.0300,53
41057394977830,11:24:17.394,80.0500,152
41057395026777,11:24:17.395,80.0500,48
41057395026777,11:24:17.395,80.0500,20
41057395055780,11:24:17.395,80.0500,10
41057396676088,11:24:17.396,80.0900,500
41057396676088,11:24:17.396,80.0900,100
41057397758114,11:24:17.397,80.1000,100
41057549642825,11:24:17.549,80.1400,150
41057549642825,11:24:17.549,80.1500,50
41057654689926,11:24:17.654,80.1500,50
41057654689926,11:24:17.654,80.1500,100
41077437794469,11:24:37.437,80.2800,12
41118415119628,11:25:18.415,80.1800,100
41118415119628,11:25:18.415,80.1700,391
41118415165588,11:25:18.415,80.1700,109
41118416092703,11:25:18.416,80.0900,3
41131676479332,11:25:31.676,80.1100,12
41138408888025,11:25:38.408,80.1100,12
41190981262107,11:26:30.981,80.0000,5
41324672990430,11:28:44.672,79.9700,100
41324672990430,11:28:44.672,79.9300,100
41324672990430,11:28:44.672,79.9300,25
41324672990430,11:28:44.672,79.9200,2
41324672990430,11:28:44.672,79.9200,15
41324672990430,11:28:44.672,79.9200,100
41324672990430,11:28:44.672,79.9200,100
41324672990430,11:28:44.672,79.9100,1
41324672990430,11:28:44.672,79.9100,100
41324672990430,11:28:44.672,79.9000,1
41324672990430,11:28:44.672,79.9000,100
41324673341067,11:28:44.673,79.9000,50
41324673355869,11:28:44.673,79.9000,50
41324673384968,11:28:44.673,79.8800,50
41324673402749,11:28:44.673,79.8800,50
41324673406284,11:28:44.673,79.8800,100
41325774976331,11:28:45.774,79.8700,15
41384942322002,11:29:44.942,79.8600,2
41384944512039,11:29:44.944,79.8500,2
41437188407197,11:30:37.188,79.8200,100
41469241159400,11:31:09.241,79.8300,1
41488452947405,11:31:28.452,79.9100,100
41488454117496,11:31:28.454,79.8400,100
41488454167625,11:31:28.454,79.8400,100
41488454533986,11:31:28.454,79.7500,1
41555872179163,11:32:35.872,79.7200,71
41555872214503,11:32:35.872,79.7200,429
41555872252025,11:32:35.872,79.7000,19
41555872252025,11:32:35.872,79.7000,127
41555872260452,11:32:35.872,79.7000,73
41555872260452,11:32:35.872,79.7000,40
41555894274052,11:32:35.894,79.6700,100
41574721748452,11:32:54.721,79.7400,15
41575748558427,11:32:55.748,79.7400,15
41576913293584,11:32:56.913,79.7400,15
41578340204063,11:32:58.340,79.7400,15
41579358475980,11:32:59.358,79.7400,15
41580450404940,11:33:00.450,79.7400,15
41582632826503,11:33:02.632,79.7500,15
41616777626080,11:33:36.777,79.9000,100
41662193974920,11:34:22.193,79.9100,195
41662194017673,11:34:22.194,79.9300,12
41662194021521,11:34:22.194,79.9400,21
41662194035933,11:34:22.194,79.9600,200
41662209332861,11:34:22.209,80.0000,20
41662209332861,11:34:22.209,80.0000,100
41662209332861,11:34:22.209,80.0000,112
41662209334784,11:34:22.209,80.0000,88
41662209334784,11:34:22.209,80.0000,30
41662209335566,11:34:22.209,80.0000,70
41662209335566,11:34:22.209,80.0000,130
41662209337251,11:34:22.209,80.0000,143
41662209338062,11:34:22.209,80.0000,123
41662209343830,11:34:22.209,80.0000,4
41662209369895,11:34:22.209,80.0100,72
41662209371228,11:34:22.209,80.0100,28
41662209799488,11:34:22.209,80.0400,80
41662209926533,11:34:22.209,80.0000,75
41667367980795,11:34:27.367,80.0600,5
41667367980795,11:34:27.367,80.0600,95
41671823113214,11:34:31.823,80.0100,10
41717129963043,11:35:17.129,80.0000,100
41727729921899,11:35:27.729,80.0000,100
41727729954962,11:35:27.729,80.0000,200
41727730206338,11:35:27.730,79.9500,80
41727730206338,11:35:27.730,79.9500,20
41727730213814,11:35:27.730,79.9500,80
41727730859583,11:35:27.730,79.8600,100
41727730907767,11:35:27.730,79.8400,100
41727731849492,11:35:27.731,79.8300,20
41727733170990,11:35:27.733,79.8300,10
41727733217622,11:35:27.733,79.8300,70
41727733217622,11:35:27.733,79.8300,100
41750464317814,11:35:50.464,79.8500,100
41750838284226,11:35:50.838,79.9400,4
41760404391927,11:36:00.404,79.9400,2
41763053054797,11:36:03.053,79.9600,10
41820720673828,11:37:00.720,79.9200,1
41827032985366,11:37:07.032,80.0000,20
41827032985366,11:37:07.032,80.0700,80
41827613519181,11:37:07.613,80.0700,100
41842643400139,11:37:22.643,79.9400,2
41893356026057,11:38:13.356,79.9800,13
41910564387106,11:38:30.564,80.0000,400
41910564424719,11:38:30.564,80.0000,300
41910564425266,11:38:30.564,80.0000,140
41910564432756,11:38:30.564,80.0000,100
41910564440363,11:38:30.564,80.0000,114
41910564442710,11:38:30.564,80.0000,114
41910564450171,11:38:30.564,80.0000,15
41910564461730,11:38:30.564,80.0000,19
41910564473160,11:38:30.564,80.0000,100
41910564473754,11:38:30.564,80.0000,100
41910564476448,11:38:30.564,80.0000,100
41910564616507,11:38:30.564,80.0000,169
41910564626262,11:38:30.564,80.0000,618
41910564836371,11:38:30.564,80.0000,100
41910564895161,11:38:30.564,80.0000,611
41912152590929,11:38:32.152,80.0700,100
41914083562708,11:38:34.083,80.0000,100
41914083641471,11:38:34.083,80.0000,100
41933637498700,11:38:53.637,80.0000,100
41933637538804,11:38:53.637,80.0000,4
41933638852125,11:38:53.638,79.9500,4
41933639917503,11:38:53.639,80.0000,2
41940685059345,11:39:00.685,79.9100,50
41952747913976,11:39:12.747,79.9100,100
41952748338026,11:39:12.748,79.9100,20
41952748338026,11:39:12.748,79.9000,67
41952748338026,11:39:12.748,79.8800,13
41952748383757,11:39:12.748,79.8800,100
41952748384299,11:39:12.748,79.8800,100
41952748391962,11:39:12.748,79.8800,100
41952748392492,11:39:12.748,79.8800,100
41952748409316,11:39:12.748,79.8800,87
41952748409316,11:39:12.748,79.8800,13
41952748421409,11:39:12.748,79.8800,87
41952748424911,11:39:12.748,79.8700,56
41952748435021,11:39:12.748,79.8700,44
41952748463171,11:39:12.748,79.8500,100
41952749952768,11:39:12.749,79.8000,40
41952749952768,11:39:12.749,79.8000,60
41952749998338,11:39:12.749,79.8000,100
41952750009216,11:39:12.750,79.8000,2
41952750009216,11:39:12.750,79.8000,98
41952750034810,11:39:12.750,79.8000,100
41952750041473,11:39:12.750,79.8000,100
41952750049233,11:39:12.750,79.8000,2
41975288907312,11:39:35.288,79.8900,100
41975288907312,11:39:35.288,79.9000,150
41975288907312,11:39:35.288,79.9600,150
41975288907312,11:39:35.288,79.9600,100
41975288907312,11:39:35.288,79.9600,50
41975288907312,11:39:35.288,79.9800,100
41975288907312,11:39:35.288,79.9800,100
41975288907312,11:39:35.288,80.0000,950
42011754475089,11:40:11.754,79.9700,22
42013898443586,11:40:13.898,80.0000,1050
42013898443586,11:40:13.898,80.0000,50
42013898491527,11:40:13.898,80.0000,50
42013898491527,11:40:13.898,80.0000,50
42013898493402,11:40:13.898,80.0000,50
42013899182134,11:40:13.899,80.0100,81
42013899184892,11:40:13.899,80.0100,15
42013899197590,11:40:13.899,80.0100,10
42013899200521,11:40:13.899,80.0100,5
42013899203649,11:40:13.899,80.0100,113
42013899213610,11:40:13.899,80.0100,118
42013899227826,11:40:13.899,80.0100,100
42013899233134,11:40:13.899,80.0100,58
42013903309777,11:40:13.903,80.0600,63
42016611775020,11:40:16.611,80.0900,500
42016611823933,11:40:16.611,80.1000,100
42016611865197,11:40:16.611,80.1000,100
42016611866787,11:40:16.611,80.1000,100
42016611867666,11:40:16.611,80.1000,17
42016611903913,11:40:16.611,80.1000,100
42016611913963,11:40:16.611,80.1000,83
42016611913963,11:40:16.611,80.1200,17
42016611969072,11:40:16.611,80.1200,4
42016877417804,11:40:16.877,80.1500,1
42016878123144,11:40:16.878,80.1900,200
42016878161524,11:40:16.878,80.1900,300
42016878161524,11:40:16.878,80.1900,200
42016878754591,11:40:16.878,80.2400,100
42016878866788,11:40:16.878,80.2400,100
42024703537099,11:40:24.703,80.1800,100
42024703537099,11:40:24.703,80.1700,1
42024703537099,11:40:24.703,80.1700,63
42024703537099,11:40:24.703,80.1400,2
42024703537099,11:40:24.703,80.1400,100
42024703537099,11:40:24.703,80.1200,100
42024703537099,11:40:24.703,80.0600,100
42026367676773,11:40:26.367,80.0100,150
42026367676773,11:40:26.367,79.9800,150
42026367676773,11:40:26.367,79.9800,100
42026367676773,11:40:26.367,79.9700,100
42026367676773,11:40:26.367,79.9700,100
42026368719713,11:40:26.368,79.9700,100
42026370542139,11:40:26.370,79.9600,100
42026370542139,11:40:26.370,79.9600,1
42037615693372,11:40:37.615,79.9500,100
42093737678177,11:41:33.737,80.0700,100
42093737678702,11:41:33.737,80.0700,100
42093737679172,11:41:33.737,80.0700,76
42093737687255,11:41:33.737,80.0700,24
42097804581456,11:41:37.804,79.9400,10
42102273936642,11:41:42.273,80.0100,100
42102273987890,11:41:42.273,80.0100,80
42102273987890,11:41:42.273,80.0000,20
42102274047812,11:41:42.274,80.0000,80
42126355262695,11:42:06.355,80.0000,2
42136895696576,11:42:16.895,80.0000,10
42136895747614,11:42:16.895,80.0000,40
42266807437314,11:44:26.807,80.1000,100
42266807719991,11:44:26.807,80.1000,75
42266807773341,11:44:26.807,80.1000,25
42277282320700,11:44:37.282,80.1000,200
42277282320700,11:44:37.282,80.1000,4
42277282332965,11:44:37.282,80.0700,75
42277282338383,11:44:37.282,80.0700,78
42277282347207,11:44:37.282,80.0700,22
42277282347207,11:44:37.282,80.0600,3
42277282347207,11:44:37.282,80.0600,53
42322494224724,11:45:22.494,80.1600,100
42322494224724,11:45:22.494,80.1600,200
42322494224724,11:45:22.494,80.1700,200
42322494266689,11:45:22.494,80.1700,57
42322494279669,11:45:22.494,80.1700,43
42322494279669,11:45:22.494,80.1700,57
42322494281660,11:45:22.494,80.1700,100
42322494298221,11:45:22.494,80.1700,43
42322494298221,11:45:22.494,80.1700,21
42350935995384,11:45:50.935,80.1900,50
42350954064148,11:45:50.954,80.1400,100
42350965297584,11:45:50.965,80.1400,100
42350977132838,11:45:50.977,80.1300,100
42360931109391,11:46:00.931,80.1300,2
42360941562216,11:46:00.941,80.1700,2
42425417037454,11:47:05.417,80.1700,200
42425417088080,11:47:05.417,80.1700,100
42425417137861,11:47:05.417,80.1600,100
42427478918215,11:47:07.478,80.1100,1
42427478967694,11:47:07.478,80.1000,2
42445904546692,11:47:25.904,80.0700,23
42474380663507,11:47:54.380,80.1900,150
42474380663507,11:47:54.380,80.2300,100
42474380663507,11:47:54.380,80.2300,50
42474389957342,11:47:54.389,80.2200,100
42476494180680,11:47:56.494,80.2500,1
42477776052327,11:47:57.776,80.2500,499
42477776052327,11:47:57.776,80.2500,18
42477776106216,11:47:57.776,80.2500,12
42477839359173,11:47:57.839,80.2900,100
42595085608750,11:49:55.085,80.2000,25
42595085635499,11:49:55.085,80.2000,15
42659735008644,11:50:59.735,80.1900,340
42659735258879,11:50:59.735,80.2200,5
42702165481090,11:51:42.165,80.1900,3
42712542092579,11:51:52.542,80.1900,1
42756647876267,11:52:36.647,80.1400,4
42760093265821,11:52:40.093,80.1900,6
42763424808870,11:52:43.424,80.1300,100
42768210067212,11:52:48.210,80.1900,50
42768210233454,11:52:48.210,80.2000,50
42771423733195,11:52:51.423,80.2500,2
42771423733195,11:52:51.423,80.2500,5
42842325168342,11:54:02.325,80.1300,90
42842494257983,11:54:02.494,80.0800,500
42843001204548,11:54:03.001,80.0400,300
42895653689872,11:54:55.653,80.0300,5
42954492908235,11:55:54.492,80.1200,315
42981129536852,11:56:21.129,80.2300,5
43056684001700,11:57:36.684,80.1200,12
43108825420691,11:58:28.825,80.1500,15
43122583897900,11:58:42.583,80.1900,4
43150544539784,11:59:10.544,80.1400,100
43150544722316,11:59:10.544,80.0900,3
43150545107088,11:59:10.545,80.0900,100
43156120050599,11:59:16.120,80.1250,300
43156120050599,11:59:16.120,80.0500,200
43156120089331,11:59:16.120,80.0500,300
43156120092575,11:59:16.120,80.0300,135
43156121731834,11:59:16.121,80.0000,10
43156121731834,11:59:16.121,80.0000,84
43156121731834,11:59:16.121,80.0000,1
43156121731834,11:59:16.121,80.0000,41
43156133452802,11:59:16.133,79.9500,1
43156133452802,11:59:16.133,79.9000,10
43156133452802,11:59:16.133,79.8600,9
43156133452802,11:59:16.133,79.8600,500
43156138008206,11:59:16.138,79.8300,3
43156147450669,11:59:16.147,79.8700,100
43156195286046,11:59:16.195,79.8900,100
43197463195838,11:59:57.463,79.8000,100
43198448477641,11:59:58.448,79.8000,150
43199484031811,11:59:59.484,79.8000,150
43199489072411,11:59:59.489,79.8000,150
43199489138029,11:59:59.489,79.8000,150
43200057527353,12:00:00.057,79.8000,150
43201022276692,12:00:01.022,79.8000,150
43201022957900,12:00:01.022,79.8000,150
43202008804686,12:00:02.008,79.8000,150
43203021708379,12:00:03.021,79.8000,150
43204005399810,12:00:04.005,79.8000,150
43204191406725,12:00:04.191,79.8000,130
43208967151790,12:00:08.967,79.8100,112
43208967151790,12:00:08.967,79.8100,38
43208967151790,12:00:08.967,79.8000,3
43211298339684,12:00:11.298,79.8000,100
43216611062283,12:00:16.611,79.8000,100
43217781386014,12:00:17.781,79.8000,100
43218831195621,12:00:18.831,79.8000,100
43219785117616,12:00:19.785,79.8000,100
43219832238214,12:00:19.832,79.8000,100
43221082312963,12:00:21.082,79.8000,100
43221995428101,12:00:21.995,79.8000,100
43222824301742,12:00:22.824,79.8000,200
43224025632576,12:00:24.025,79.8000,56
43224025776412,12:00:24.025,79.8000,100
43228663064941,12:00:28.663,79.8000,1
43228663456447,12:00:28.663,79.7900,2
43228663475376,12:00:28.663,79.7700,166
43228663482425,12:00:28.663,79.7700,61
43228663483105,12:00:28.663,79.7700,45
43228663486630,12:00:28.663,79.7700,111
43228663500561,12:00:28.663,79.7700,5
43228663512258,12:00:28.663,79.7700,5
43228663539408,12:00:28.663,79.7700,50
43228663540667,12:00:28.663,79.7700,50
43228663542098,12:00:28.663,79.7700,7
43228663542098,12:00:28.663,79.7700,41
43228663547696,12:00:28.663,79.7700,59
43228663779744,12:00:28.663,79.7500,72
43228663780164,12:00:28.663,79.7500,72
43228663783423,12:00:28.663,79.7500,106
43228665888949,12:00:28.665,79.6600,100
43228803627898,12:00:28.803,79.6600,100
43229256317396,12:00:29.256,79.6500,15
43229256317396,12:00:29.256,79.6500,85
43229256384519,12:00:29.256,79.6500,15
43229256618570,12:00:29.256,79.6200,105
43229256703198,12:00:29.256,79.6200,95
43231272102568,12:00:31.272,79.5900,85
43231272161818,12:00:31.272,79.5900,15
43231276688695,12:00:31.276,79.5800,2
43233378553815,12:00:33.378,79.6900,100
43235446647771,12:00:35.446,79.7500,24
43235451236069,12:00:35.451,79.7600,60
43235451300187,12:00:35.451,79.7600,40
43257013253952,12:00:57.013,79.7000,100
43262433626981,12:01:02.433,79.6600,100
43262433733243,12:01:02.433,79.6300,1
