timestamp,time,price,volume
34200902117432,09:30:00.902,0.0000,0
34703260196206,09:38:23.260,17.2200,41
34703267589300,09:38:23.267,17.1900,100
34703274070150,09:38:23.274,17.1700,5
34727789534324,09:38:47.789,17.1800,42
34949507122448,09:42:29.507,17.1100,100
34949507224450,09:42:29.507,17.1100,100
35102195294958,09:45:02.195,17.1300,100
35238029815580,09:47:18.029,17.1200,200
35238039630512,09:47:18.039,17.1300,50
35238039634637,09:47:18.039,17.1300,50
35238039655021,09:47:18.039,17.1300,300
35244957465099,09:47:24.957,17.1600,100
35368523302059,09:49:28.523,17.1000,100
35368523302059,09:49:28.523,17.1000,200
35472356565648,09:51:12.356,17.1700,200
35472356565648,09:51:12.356,17.1700,100
35474468486737,09:51:14.468,17.1700,100
35699933021055,09:54:59.933,17.1700,100
36051970740683,10:00:51.970,17.1000,100
36051970740683,10:00:51.970,17.1000,100
36214930171179,10:03:34.930,17.0800,100
36378265737166,10:06:18.265,17.0900,200
36378265737166,10:06:18.265,17.0900,100
36379203646316,10:06:19.203,17.1300,100
36379203646316,10:06:19.203,17.1300,200
36379285471265,10:06:19.285,17.1400,100
36379340477654,10:06:19.340,17.1300,100
36462521324898,10:07:42.521,17.1200,135
36462521346505,10:07:42.521,17.1200,65
36462521346505,10:07:42.521,17.1200,100
36462521654944,10:07:42.521,17.1200,92
36462521659014,10:07:42.521,17.1200,8
36562513066683,10:09:22.513,17.0900,100
36578809080738,10:09:38.809,17.1000,100
36578809082762,10:09:38.809,17.1000,18
37089576757209,10:18:09.576,17.1600,100
37089604069910,10:18:09.604,17.1200,5
37089604294493,10:18:09.604,17.1200,95
37089604294493,10:18:09.604,17.1200,100
37089604294493,10:18:09.604,17.1200,5
37102332683196,10:18:22.332,17.1200,7
37104689866666,10:18:24.689,17.1200,10
37104690337382,10:18:24.690,17.1200,70
37104690349555,10:18:24.690,17.1200,8
37226241321318,10:20:26.241,17.1300,100
37226241724331,10:20:26.241,17.1400,19
37226242136410,10:20:26.242,17.1400,2
37226242350867,10:20:26.242,17.1400,79
37307619076913,10:21:47.619,17.1800,100
37680352332201,10:28:00.352,17.2000,93
37680352337747,10:28:00.352,17.2000,100
37680352796743,10:28:00.352,17.2000,70
37680352799133,10:28:00.352,17.2000,60
37680352826912,10:28:00.352,17.2000,70
37680353277147,10:28:00.353,17.2000,107
37680354096027,10:28:00.354,17.2000,100
37680354096027,10:28:00.354,17.2000,40
37680354133778,10:28:00.354,17.2000,60
37680354147150,10:28:00.354,17.2000,60
37680468133075,10:28:00.468,17.2000,100
37861187700276,10:31:01.187,17.2300,100
38091803240438,10:34:51.803,17.2450,7
38216952600873,10:36:56.952,17.2500,200
38216955523286,10:36:56.955,17.2700,100
38216955524517,10:36:56.955,17.2700,100
38216955525986,10:36:56.955,17.2700,100
38216968084447,10:36:56.968,17.2700,100
38216968084447,10:36:56.968,17.2700,100
38217013974516,10:36:57.013,17.2700,100
38217013974516,10:36:57.013,17.2700,100
38217015549898,10:36:57.015,17.2700,100
38217469367201,10:36:57.469,17.2700,100
38217469367201,10:36:57.469,17.2700,100
38217470085151,10:36:57.470,17.2800,100
38217558606550,10:36:57.558,17.2700,100
38217567204902,10:36:57.567,17.2700,100
38217593114889,10:36:57.593,17.2700,179
38217868804713,10:36:57.868,17.2600,100
38217868804713,10:36:57.868,17.2600,100
38217868804713,10:36:57.868,17.2600,100
38217869126030,10:36:57.869,17.2600,100
38218636423363,10:36:58.636,17.2800,100
38218636423363,10:36:58.636,17.2800,100
38218655263444,10:36:58.655,17.2700,100
38218657387718,10:36:58.657,17.2700,100
38218670750633,10:36:58.670,17.2600,5
38218670773872,10:36:58.670,17.2600,95
38218712271868,10:36:58.712,17.2600,100
38218815193880,10:36:58.815,17.2500,46
38218815194410,10:36:58.815,17.2500,50
38218815195675,10:36:58.815,17.2500,4
38219577991888,10:36:59.577,17.2600,100
38219614136954,10:36:59.614,17.2600,100
38219804313193,10:36:59.804,17.2600,17
38219870683144,10:36:59.870,17.2500,54
38273216409856,10:37:53.216,17.2400,100
38273216409856,10:37:53.216,17.2400,17
38273216409856,10:37:53.216,17.2400,1
38273216743490,10:37:53.216,17.2400,100
38273217043099,10:37:53.217,17.2400,100
38458142563746,10:40:58.142,17.2100,100
38458143654786,10:40:58.143,17.2200,100
38458143692082,10:40:58.143,17.2200,42
38458144873976,10:40:58.144,17.2200,36
38458155342048,10:40:58.155,17.2200,22
38458155342048,10:40:58.155,17.2200,78
38458202087538,10:40:58.202,17.2300,22
38458229555103,10:40:58.229,17.2300,25
38458262611398,10:40:58.262,17.2300,75
38464564110533,10:41:04.564,17.2500,75
38464564119862,10:41:04.564,17.2500,25
38541412162781,10:42:21.412,17.2500,16
38588577973499,10:43:08.577,17.2500,100
38588578055887,10:43:08.578,17.2500,100
38588578399607,10:43:08.578,17.2500,66
38588578498101,10:43:08.578,17.2500,34
38588578498101,10:43:08.578,17.2500,66
38588778288650,10:43:08.778,17.2600,100
38588778288650,10:43:08.778,17.2600,100
38606719343197,10:43:26.719,17.2800,82
38606719354254,10:43:26.719,17.2800,18
38682059843247,10:44:42.059,17.2800,4
38709815941441,10:45:09.815,17.2900,100
38710666047485,10:45:10.666,17.3000,30
38740617024396,10:45:40.617,17.2800,22
38740635381706,10:45:40.635,17.2700,20
38740924290308,10:45:40.924,17.2700,100
38828809665919,10:47:08.809,17.2400,100
38828809665919,10:47:08.809,17.2400,100
38839033686007,10:47:19.033,17.2300,20
38882939789700,10:48:02.939,17.2200,67
38882939811082,10:48:02.939,17.2200,33
38882951891131,10:48:02.951,17.2000,200
39001140591311,10:50:01.140,17.1700,5
39001140616896,10:50:01.140,17.1700,95
39001150128804,10:50:01.150,17.2000,100
39001150168805,10:50:01.150,17.2000,18
39001150496891,10:50:01.150,17.2100,26
39001150502726,10:50:01.150,17.2100,20
39001150597564,10:50:01.150,17.2100,54
39001176998591,10:50:01.176,17.2300,100
39001195862346,10:50:01.195,17.2200,100
39001195862346,10:50:01.195,17.2100,80
39001199863052,10:50:01.199,17.2100,100
39001199863052,10:50:01.199,17.2100,180
39003142740798,10:50:03.142,17.2200,100
39011524914162,10:50:11.524,17.2000,100
39011524914162,10:50:11.524,17.2000,100
39219925983612,10:53:39.925,17.2000,7
39219936500050,10:53:39.936,17.1900,100
39219936500050,10:53:39.936,17.1900,16
39219936500050,10:53:39.936,17.1900,20
39219936500050,10:53:39.936,17.1900,93
39262871074122,10:54:22.871,17.2000,100
39516431295960,10:58:36.431,17.1800,30
39516431298859,10:58:36.431,17.1800,70
39516431298859,10:58:36.431,17.1800,30
39516431325446,10:58:36.431,17.1800,30
39516431376436,10:58:36.431,17.1800,40
39548581338932,10:59:08.581,17.1700,16
39548588302264,10:59:08.588,17.1500,100
39548588306914,10:59:08.588,17.1400,1
39548590283798,10:59:08.590,17.1400,100
39548590283798,10:59:08.590,17.1400,100
39551149383129,10:59:11.149,17.1500,100
39551149383129,10:59:11.149,17.1500,18
39551149383129,10:59:11.149,17.1500,48
39551149392718,10:59:11.149,17.1500,66
39551149426560,10:59:11.149,17.1500,86
39551156614425,10:59:11.156,17.1600,100
39553732762600,10:59:13.732,17.1600,100
39553732762600,10:59:13.732,17.1600,100
39610229371397,11:00:10.229,17.1900,64
39610229806254,11:00:10.229,17.1900,9
39610236238609,11:00:10.236,17.1900,100
39610236243539,11:00:10.236,17.1900,100
39701398302552,11:01:41.398,17.2000,34
39701398302552,11:01:41.398,17.2000,100
39701398302552,11:01:41.398,17.2000,66
39701398360328,11:01:41.398,17.2000,34
39749476946770,11:02:29.476,17.1900,69
39749486052989,11:02:29.486,17.1900,68
39751912534470,11:02:31.912,17.1900,63
39752179282105,11:02:32.179,17.1900,100
39779760517080,11:02:59.760,17.1800,12
39956776940498,11:05:56.776,17.1800,100
39956776940498,11:05:56.776,17.1800,7
39956776966951,11:05:56.776,17.1800,93
39956776966951,11:05:56.776,17.1800,20
39956777138876,11:05:56.777,17.1700,800
39956787370571,11:05:56.787,17.1700,100
39993022912511,11:06:33.022,17.1800,100
39993022912511,11:06:33.022,17.1800,100
39993022912511,11:06:33.022,17.1800,100
39993022912511,11:06:33.022,17.1800,100
39993022912511,11:06:33.022,17.1800,100
39993023898571,11:06:33.023,17.1800,14
39993031846009,11:06:33.031,17.2000,100
40050482059772,11:07:30.482,17.1900,100
40050482175227,11:07:30.482,17.1800,100
40050482323045,11:07:30.482,17.1900,87
40050482362140,11:07:30.482,17.1900,13
40050543790643,11:07:30.543,17.1800,100
40050543790643,11:07:30.543,17.1800,100
40050600860747,11:07:30.600,17.1600,100
40216350637069,11:10:16.350,17.2000,100
40216350637069,11:10:16.350,17.2000,100
40216350637069,11:10:16.350,17.2000,100
40216350637069,11:10:16.350,17.2000,100
40216350637069,11:10:16.350,17.2000,18
40216358075040,11:10:16.358,17.2100,100
40252040033618,11:10:52.040,17.2400,100
40252040033618,11:10:52.040,17.2400,100
40252041056486,11:10:52.041,17.2400,100
40252041143256,11:10:52.041,17.2400,100
40306595755421,11:11:46.595,17.2200,24
40306595767884,11:11:46.595,17.2200,81
40306595772604,11:11:46.595,17.2200,81
40323140879901,11:12:03.140,17.2200,100
40323151325467,11:12:03.151,17.2300,100
40323416911182,11:12:03.416,17.2300,98
40329193016645,11:12:09.193,17.2400,100
40329193016645,11:12:09.193,17.2400,100
40329194147404,11:12:09.194,17.2500,100
40329213023909,11:12:09.213,17.2600,100
40404604550782,11:13:24.604,17.2400,25
40404604577051,11:13:24.604,17.2400,75
40404638992609,11:13:24.638,17.2200,100
40458580996239,11:14:18.580,17.2200,100
40458586896594,11:14:18.586,17.2000,107
40458586949051,11:14:18.586,17.2000,93
40481465574369,11:14:41.465,17.2200,41
40481465899787,11:14:41.465,17.2200,9
40481476565980,11:14:41.476,17.2200,50
40695582509317,11:18:15.582,17.2300,150
40695582509867,11:18:15.582,17.2300,100
40695582553539,11:18:15.582,17.2300,50
40695582553539,11:18:15.582,17.2300,100
40695582832271,11:18:15.582,17.2300,100
40695582864519,11:18:15.582,17.2300,41
40695582913740,11:18:15.582,17.2300,19
40695583074945,11:18:15.583,17.2300,40
40695583074945,11:18:15.583,17.2300,60
40695583267197,11:18:15.583,17.2300,15
40695583282089,11:18:15.583,17.2300,15
40695583302444,11:18:15.583,17.2300,10
40695583302444,11:18:15.583,17.2300,90
40695583365312,11:18:15.583,17.2300,10
40695585703458,11:18:15.585,17.2300,100
40695585703458,11:18:15.585,17.2300,100
40695591175899,11:18:15.591,17.2300,96
40695591804629,11:18:15.591,17.2300,100
40695592574479,11:18:15.592,17.2300,100
40695592574479,11:18:15.592,17.2300,5
40697599757394,11:18:17.599,17.2300,100
40706501320935,11:18:26.501,17.2400,100
40706501320935,11:18:26.501,17.2400,400
40787086848764,11:19:47.086,17.2300,1
40787089965295,11:19:47.089,17.2100,20
40834334623494,11:20:34.334,17.2000,80
40834341461802,11:20:34.341,17.1900,100
40834377833844,11:20:34.377,17.1900,43
40834379071779,11:20:34.379,17.1900,57
40845931242693,11:20:45.931,17.1900,38
40845932020640,11:20:45.932,17.1900,62
40998709791090,11:23:18.709,17.1500,66
40998709791090,11:23:18.709,17.1400,34
41033682335256,11:23:53.682,17.1600,40
41033682369085,11:23:53.682,17.1600,60
41033687904000,11:23:53.687,17.1700,25
41124965548120,11:25:24.965,17.1500,100
41248594142018,11:27:28.594,17.1700,44
41282849549414,11:28:02.849,17.1800,56
41282849549414,11:28:02.849,17.1800,100
41393958728471,11:29:53.958,17.1800,100
41481231177632,11:31:21.231,17.1700,100
41558127119395,11:32:38.127,17.1900,100
41558127199893,11:32:38.127,17.1900,18
41703759743739,11:35:03.759,17.2200,100
41703759743739,11:35:03.759,17.2200,100
41708196435539,11:35:08.196,17.2300,100
41708680215458,11:35:08.680,17.2400,100
41708692437341,11:35:08.692,17.2400,2
41709223629810,11:35:09.223,17.2200,100
41791299398041,11:36:31.299,17.2000,1
41998914476498,11:39:58.914,17.1900,100
42168536856389,11:42:48.536,17.2100,18
42169323314646,11:42:49.323,17.2200,63
42200467296433,11:43:20.467,17.2200,100
42621687945742,11:50:21.687,17.2300,100
42621688759235,11:50:21.688,17.2300,100
42622517025783,11:50:22.517,17.2100,2
42622779093225,11:50:22.779,17.2100,6
42640682474871,11:50:40.682,17.2100,54
42640682483007,11:50:40.682,17.2100,7
42755970289810,11:52:35.970,17.2200,18
42755973857116,11:52:35.973,17.2300,100
42755973857116,11:52:35.973,17.2300,100
42756002818047,11:52:36.002,17.2300,5
42771486012025,11:52:51.486,17.2200,13
42771486631399,11:52:51.486,17.2200,36
42771487044039,11:52:51.487,17.2200,51
42792677638477,11:53:12.677,17.2100,5
42792677638477,11:53:12.677,17.2100,36
42792677686573,11:53:12.677,17.2100,64
42901775768373,11:55:01.775,17.2300,100
42966895957063,11:56:06.895,17.2200,5
42967263776399,11:56:07.263,17.2300,100
42969290276304,11:56:09.290,17.2300,6
42969320869933,11:56:09.320,17.2300,6
42969590487632,11:56:09.590,17.2400,100
42969590487632,11:56:09.590,17.2400,100
42970162980590,11:56:10.162,17.2500,100
42985157267982,11:56:25.157,17.2500,100
43079976908203,11:57:59.976,17.2400,95
43079976908203,11:57:59.976,17.2400,1
43340562935393,12:02:20.562,17.2300,50
43340562935393,12:02:20.562,17.2300,50
43386581694835,12:03:06.581,17.2600,48
43386581694835,12:03:06.581,17.2600,100
43456021145847,12:04:16.021,17.2600,100
43792658072569,12:09:52.658,17.2900,100
43812538039982,12:10:12.538,17.2900,100
44070156902441,12:14:30.156,17.2500,20
44212004776390,12:16:52.004,17.2700,100
44212004776390,12:16:52.004,17.2700,10
44212010499009,12:16:52.010,17.2700,100
44212052091825,12:16:52.052,17.2800,100
44400570178430,12:20:00.570,17.2900,100
44400590113441,12:20:00.590,17.3000,18
44400598108749,12:20:00.598,17.2900,11
44400824530208,12:20:00.824,17.2900,1
44406581861248,12:20:06.581,17.2900,2
44737455833777,12:25:37.455,17.2900,100
44919898483598,12:28:39.898,17.2900,100
44919909380458,12:28:39.909,17.3000,100
44919985188517,12:28:39.985,17.2900,45
44949036138182,12:29:09.036,17.2800,20
45297017516705,12:34:57.017,17.2500,100
45297042999327,12:34:57.042,17.2500,100
45297042999327,12:34:57.042,17.2500,10
45297043050377,12:34:57.043,17.2500,90
45311261920208,12:35:11.261,17.2400,1
45330628513967,12:35:30.628,17.2100,100
45330628513967,12:35:30.628,17.2100,100
45512224798061,12:38:32.224,17.2400,100
45542353887240,12:39:02.353,17.2000,12
46872055568079,13:01:12.055,17.2000,100
46872055568079,13:01:12.055,17.2000,18
46872055568079,13:01:12.055,17.2000,100
46872070864986,13:01:12.070,17.2000,4
46872077250005,13:01:12.077,17.2000,4
46876702310527,13:01:16.702,17.2000,100
46876702593163,13:01:16.702,17.2000,100
46876702593163,13:01:16.702,17.2000,100
46876727608749,13:01:16.727,17.2000,68
46876728019092,13:01:16.728,17.2000,100
46956038842635,13:02:36.038,17.2100,100
46956038842635,13:02:36.038,17.2100,68
46956048667230,13:02:36.048,17.2200,18
46956051716401,13:02:36.051,17.2200,2
47152730691794,13:05:52.730,17.2200,1
47297349360896,13:08:17.349,17.2200,3
47297355702636,13:08:17.355,17.2200,97
47297380606595,13:08:17.380,17.2100,20
47297389527046,13:08:17.389,17.2100,1
47297390050910,13:08:17.390,17.2100,79
47384286502048,13:09:44.286,17.2300,3
47384286502048,13:09:44.286,17.2300,97
47636889935976,13:13:56.889,17.2000,100
47636913455714,13:13:56.913,17.1900,100
47636913455714,13:13:56.913,17.1900,20
47866477607505,13:17:46.477,17.1700,105
47866634145153,13:17:46.634,17.1700,100
47866637348058,13:17:46.637,17.1800,100
47866637348058,13:17:46.637,17.1800,100
47866637348058,13:17:46.637,17.1800,16
47866670816151,13:17:46.670,17.1800,84
47867282370234,13:17:47.282,17.1900,100
47867282370234,13:17:47.282,17.1900,18
47883420197643,13:18:03.420,17.2000,100
47968489895454,13:19:28.489,17.2200,18
47968512561675,13:19:28.512,17.2300,100
47968533796813,13:19:28.533,17.2400,48
47968533807734,13:19:28.533,17.2400,48
47968533812649,13:19:28.533,17.2400,4
47968553136971,13:19:28.553,17.2400,4
47968561308033,13:19:28.561,17.2400,1
47968792706914,13:19:28.792,17.2500,4
48026073130925,13:20:26.073,17.2600,100
48026073229008,13:20:26.073,17.2600,100
48151873005839,13:22:31.873,17.2500,20
48195164762489,13:23:15.164,17.2700,100
48346220460262,13:25:46.220,17.2700,14
48346220460262,13:25:46.220,17.2700,86
48346220467944,13:25:46.220,17.2700,14
48346220904158,13:25:46.220,17.2800,18
48427620501489,13:27:07.620,17.2900,100
48529013594229,13:28:49.013,17.3000,100
48529013685429,13:28:49.013,17.3000,100
48530313842341,13:28:50.313,17.3000,100
48530313842341,13:28:50.313,17.3000,100
49150700639631,13:39:10.700,17.3200,76
49150700639631,13:39:10.700,17.3200,24
49272738286889,13:41:12.738,17.3100,100
49311914641636,13:41:51.914,17.2900,105
49311914641636,13:41:51.914,17.2900,9
49311914664955,13:41:51.914,17.2900,11
49312766071599,13:41:52.766,17.2900,100
49312766071599,13:41:52.766,17.2900,100
49312766881317,13:41:52.766,17.2900,100
49312766881317,13:41:52.766,17.2900,100
49312766881317,13:41:52.766,17.2900,100
49313681327895,13:41:53.681,17.2800,100
49313773529882,13:41:53.773,17.2700,100
49489883919120,13:44:49.883,17.2700,100
49570346330444,13:46:10.346,17.2700,100
49570346664464,13:46:10.346,17.2800,100
49570346664464,13:46:10.346,17.2800,100
49570346664464,13:46:10.346,17.2800,100
49570346846629,13:46:10.346,17.2800,100
49570346846629,13:46:10.346,17.2800,100
49570347483330,13:46:10.347,17.2900,100
49570375693484,13:46:10.375,17.2900,17
49570375866149,13:46:10.375,17.2900,83
49570375866149,13:46:10.375,17.2900,24
49570375870643,13:46:10.375,17.2900,44
49570375926629,13:46:10.375,17.2900,32
49583098398204,13:46:23.098,17.2900,11
49583098420219,13:46:23.098,17.2900,89
49584144966369,13:46:24.144,17.2800,5
49591346977885,13:46:31.346,17.2800,100
49874454463558,13:51:14.454,17.2900,100
49874454463558,13:51:14.454,17.2900,100
49874455394516,13:51:14.455,17.2900,100
49874472832788,13:51:14.472,17.2900,100
49897059246037,13:51:37.059,17.2900,100
49937218275532,13:52:17.218,17.2800,100
49937218275532,13:52:17.218,17.2800,100
49947390349551,13:52:27.390,17.2800,100
49947390349551,13:52:27.390,17.2800,33
49947390357482,13:52:27.390,17.2800,72
49947390785098,13:52:27.390,17.2700,100
49947397339728,13:52:27.397,17.2600,1
49947397339728,13:52:27.397,17.2600,4
49947397364998,13:52:27.397,17.2600,1
49948197622570,13:52:28.197,17.2600,15
49961918948758,13:52:41.918,17.2700,100
49961919044014,13:52:41.919,17.2700,100
49961923580064,13:52:41.923,17.2800,44
49961923606003,13:52:41.923,17.2800,56
50156203592423,13:55:56.203,17.2800,21
50156203644419,13:55:56.203,17.2800,79
50156203644419,13:55:56.203,17.2800,21
50156203713039,13:55:56.203,17.2800,84
50156232572875,13:55:56.232,17.2700,100
50156248800613,13:55:56.248,17.2700,100
50156248800613,13:55:56.248,17.2700,48
50221035135107,13:57:01.035,17.2800,20
50221035135107,13:57:01.035,17.2800,100
50221035135107,13:57:01.035,17.2800,80
50226638854920,13:57:06.638,17.2900,10
50226638854920,13:57:06.638,17.2900,46
50226638859795,13:57:06.638,17.2900,20
50226638862721,13:57:06.638,17.2900,34
50303618032338,13:58:23.618,17.2800,20
50303629478256,13:58:23.629,17.2700,5
50303629796298,13:58:23.629,17.2700,95
50402688138612,14:00:02.688,17.2600,100
50408991057314,14:00:08.991,17.2700,100
50408991057314,14:00:08.991,17.2700,18
50409013124786,14:00:09.013,17.2900,100
50409173366726,14:00:09.173,17.3200,100
50409213576726,14:00:09.213,17.3200,100
50409283104050,14:00:09.283,17.3300,17
50447969815436,14:00:47.969,17.2600,7
50572341118371,14:02:52.341,17.2800,100
50572348780324,14:02:52.348,17.2900,36
50572349204523,14:02:52.349,17.2900,164
50610338975566,14:03:30.338,17.3000,76
50610339072748,14:03:30.339,17.3000,24
50692126817030,14:04:52.126,17.3100,20
50693193772948,14:04:53.193,17.2800,19
50693212653267,14:04:53.212,17.2700,81
50700429173405,14:05:00.429,17.2900,100
50700429173405,14:05:00.429,17.2900,100
50700429368473,14:05:00.429,17.2900,18
50707696064217,14:05:07.696,17.3100,100
50707696064217,14:05:07.696,17.3100,100
50707697451935,14:05:07.697,17.3200,100
50779608311241,14:06:19.608,17.3300,95
50779608704313,14:06:19.608,17.3300,5
50792969357614,14:06:32.969,17.4200,1
50792969358138,14:06:32.969,17.4200,1
50792969358994,14:06:32.969,17.4200,1
50792969359616,14:06:32.969,17.4200,1
50792969361235,14:06:32.969,17.4200,1
50792969364166,14:06:32.969,17.4200,1
50792969365662,14:06:32.969,17.4200,1
50792969366211,14:06:32.969,17.4200,1
50792969367598,14:06:32.969,17.4200,1
51199411444428,14:13:19.411,17.4100,100
51199411468086,14:13:19.411,17.4100,38
51199411514506,14:13:19.411,17.4100,62
51199411514506,14:13:19.411,17.4100,14
51199411843834,14:13:19.411,17.4000,75
51199411844507,14:13:19.411,17.4000,25
51199422929814,14:13:19.422,17.3600,5
51210115528337,14:13:30.115,17.3800,9
51210138794962,14:13:30.138,17.3800,1
51292936486291,14:14:52.936,17.4000,100
51292937133771,14:14:52.937,17.4100,100
51294037800153,14:14:54.037,17.4200,100
51300208409970,14:15:00.208,17.4100,100
51300208449209,14:15:00.208,17.4100,100
51330806456930,14:15:30.806,17.3600,15
51376021253397,14:16:16.021,17.3900,50
51376021257301,14:16:16.021,17.3900,41
51376021259872,14:16:16.021,17.3900,9
51412621345980,14:16:52.621,17.4100,100
51412622572756,14:16:52.622,17.4100,100
51415582780847,14:16:55.582,17.4100,7
51415583067923,14:16:55.583,17.4100,93
51705769928681,14:21:45.769,17.3900,100
51706021652414,14:21:46.021,17.3900,100
51706021652414,14:21:46.021,17.3900,100
51706032740506,14:21:46.032,17.3900,100
51706032764606,14:21:46.032,17.3900,1
51709224361509,14:21:49.224,17.3800,20
51709224361509,14:21:49.224,17.3800,85
51709224406085,14:21:49.224,17.3800,50
51709224416555,14:21:49.224,17.3800,48
51709224485478,14:21:49.224,17.3800,17
51709227556388,14:21:49.227,17.3700,1
51709230266459,14:21:49.230,17.3600,1
51709230630235,14:21:49.230,17.3600,47
51709230630235,14:21:49.230,17.3600,53
51709230631958,14:21:49.230,17.3600,47
51709230666614,14:21:49.230,17.3600,100
51709230668164,14:21:49.230,17.3600,4
51710256969343,14:21:50.256,17.3700,100
51811286174988,14:23:31.286,17.3700,100
51845261989212,14:24:05.261,17.3400,199
51886690808084,14:24:46.690,17.3600,100
51886690808084,14:24:46.690,17.3600,100
51887616102977,14:24:47.616,17.3400,100
51887626950661,14:24:47.626,17.3400,20
51887626950661,14:24:47.626,17.3400,80
51887642904564,14:24:47.642,17.3400,20
51938874953866,14:25:38.874,17.3300,50
51938874955600,14:25:38.874,17.3300,50
51938874957040,14:25:38.874,17.3300,50
51940273379215,14:25:40.273,17.3300,61
51940273442275,14:25:40.273,17.3300,389
51940274167692,14:25:40.274,17.3200,82
51940294029430,14:25:40.294,17.3200,105
51940294155570,14:25:40.294,17.3200,13
51987430306028,14:26:27.430,17.3100,100
51987430306028,14:26:27.430,17.3100,18
51987430306028,14:26:27.430,17.3100,200
51987430306028,14:26:27.430,17.3100,100
51987430352601,14:26:27.430,17.3300,8
51987430355593,14:26:27.430,17.3300,92
51989336278552,14:26:29.336,17.3200,100
52212041031112,14:30:12.041,17.2900,100
52212041031112,14:30:12.041,17.2900,36
52212041037003,14:30:12.041,17.2900,37
52212041042486,14:30:12.041,17.2900,27
52212041042486,14:30:12.041,17.2900,2
52212344693157,14:30:12.344,17.3000,100
52212359910151,14:30:12.359,17.2900,4
52242330484443,14:30:42.330,17.3000,100
52242350190254,14:30:42.350,17.2800,100
52242350190254,14:30:42.350,17.2800,100
52242350190254,14:30:42.350,17.2800,99
52242350417135,14:30:42.350,17.2900,100
52242351498562,14:30:42.351,17.2900,100
52242353103049,14:30:42.353,17.3000,100
52262290158267,14:31:02.290,17.2900,3
52262290160117,14:31:02.290,17.2900,74
52262290179715,14:31:02.290,17.2900,23
52262490073277,14:31:02.490,17.2800,100
52316661424554,14:31:56.661,17.2700,100
52316666775003,14:31:56.666,17.2500,200
52316778410539,14:31:56.778,17.2600,100
52316803907227,14:31:56.803,17.2600,1
52340756436316,14:32:20.756,17.2800,100
52344256454017,14:32:24.256,17.2800,100
52344256603135,14:32:24.256,17.2900,100
52344293722121,14:32:24.293,17.2900,100
52477023170589,14:34:37.023,17.3100,100
52494712239053,14:34:54.712,17.3100,5
52514663944393,14:35:14.663,17.3100,58
52514663954425,14:35:14.663,17.3000,10
52514665343346,14:35:14.665,17.3000,90
52514665343346,14:35:14.665,17.3000,10
52514665382439,14:35:14.665,17.3000,90
52515020242471,14:35:15.020,17.3000,100
52550125427457,14:35:50.125,17.3200,100
52550126183711,14:35:50.126,17.3300,100
52573388152704,14:36:13.388,17.3100,37
52573388281816,14:36:13.388,17.3100,63
52573390559134,14:36:13.390,17.3000,100
52573390559134,14:36:13.390,17.3000,100
52573565186454,14:36:13.565,17.3000,100
52573566085036,14:36:13.566,17.3100,28
52573566173954,14:36:13.566,17.3100,72
52573637317811,14:36:13.637,17.3100,5
52573987602117,14:36:13.987,17.3100,100
52574004220118,14:36:14.004,17.2900,104
52574004247758,14:36:14.004,17.2900,96
52574019059264,14:36:14.019,17.2800,1
52577010050971,14:36:17.010,17.2900,5
52577010050971,14:36:17.010,17.2900,69
52577010058122,14:36:17.010,17.2900,31
52579098386193,14:36:19.098,17.3000,39
52579112991217,14:36:19.112,17.3000,61
52628262638186,14:37:08.262,17.2900,100
52646402668601,14:37:26.402,17.3000,100
52716288013754,14:38:36.288,17.3300,100
52764447803489,14:39:24.447,17.3100,100
52764471819119,14:39:24.471,17.2900,10
52764471819119,14:39:24.471,17.2900,200
52764471819119,14:39:24.471,17.2900,100
52764726796826,14:39:24.726,17.2900,100
52808654216807,14:40:08.654,17.3100,40
52943448286108,14:42:23.448,17.3000,100
52943448286108,14:42:23.448,17.3000,100
52985687334486,14:43:05.687,17.2800,20
52990746783922,14:43:10.746,17.2800,100
52990746783922,14:43:10.746,17.2800,100
52990746783922,14:43:10.746,17.2800,100
52990746783922,14:43:10.746,17.2800,100
52990746894325,14:43:10.746,17.2800,100
52990747297288,14:43:10.747,17.2800,88
52990747302808,14:43:10.747,17.2800,12
52990747323435,14:43:10.747,17.2800,12
52990747460133,14:43:10.747,17.2800,88
52990748055920,14:43:10.748,17.2800,12
52990748055920,14:43:10.748,17.2800,88
52990834991104,14:43:10.834,17.2900,100
52996097691909,14:43:16.097,17.2800,12
52996097691909,14:43:16.097,17.2800,188
52996097987172,14:43:16.097,17.2800,112
52996097987172,14:43:16.097,17.2800,100
52997244424565,14:43:17.244,17.2700,5
52997591909753,14:43:17.591,17.2700,100
52999523229540,14:43:19.523,17.2700,99
52999530111408,14:43:19.530,17.2700,1
52999530111408,14:43:19.530,17.2700,100
53003061738993,14:43:23.061,17.2800,100
53003088051834,14:43:23.088,17.2700,100
53003088051834,14:43:23.088,17.2700,50
53003886629203,14:43:23.886,17.2700,100
53009219409298,14:43:29.219,17.2700,100
53009219409298,14:43:29.219,17.2700,100
53009225050136,14:43:29.225,17.2700,100
53009225050136,14:43:29.225,17.2700,1
53009225116136,14:43:29.225,17.2700,99
53009227302317,14:43:29.227,17.2800,100
53009230187345,14:43:29.230,17.2800,100
53009230187345,14:43:29.230,17.2700,100
53010047394762,14:43:30.047,17.2700,100
53010047394762,14:43:30.047,17.2700,200
53018994623274,14:43:38.994,17.2700,100
53111549345862,14:45:11.549,17.2900,100
53111549579249,14:45:11.549,17.2900,18
53111549732683,14:45:11.549,17.2900,100
53111667715320,14:45:11.667,17.3000,18
53127491658972,14:45:27.491,17.2800,55
53127491671583,14:45:27.491,17.2800,45
53127498556176,14:45:27.498,17.2600,100
53163115993199,14:46:03.115,17.2800,100
53220434251699,14:47:00.434,17.3100,100
53308829409704,14:48:28.829,17.3100,100
53314272937200,14:48:34.272,17.3000,100
53314272937200,14:48:34.272,17.3000,100
53369953511109,14:49:29.953,17.2800,50
53369953514484,14:49:29.953,17.2800,5
53369953521613,14:49:29.953,17.2800,5
53369953524576,14:49:29.953,17.2800,40
53369962913729,14:49:29.962,17.2700,20
53369962913729,14:49:29.962,17.2600,2
53369962913729,14:49:29.962,17.2500,88
53370288357501,14:49:30.288,17.2700,87
53370288368543,14:49:30.288,17.2700,13
53370288370438,14:49:30.288,17.2800,100
53370301922335,14:49:30.301,17.2700,13
53370301922335,14:49:30.301,17.2700,287
53372230806379,14:49:32.230,17.3000,200
53372239420151,14:49:32.239,17.3000,100
53372254079353,14:49:32.254,17.3000,24
53372254079353,14:49:32.254,17.3000,36
53372286513155,14:49:32.286,17.2800,100
53372286515328,14:49:32.286,17.2900,77
53471646574330,14:51:11.646,17.2900,74
53471646587005,14:51:11.646,17.2900,26
53471646587005,14:51:11.646,17.2900,1
53471646587005,14:51:11.646,17.2900,10
53471646627696,14:51:11.646,17.2900,118
53471646636386,14:51:11.646,17.2900,40
53471655815172,14:51:11.655,17.2600,100
53472453399776,14:51:12.453,17.2600,14
53476765187464,14:51:16.765,17.2800,100
53476765187464,14:51:16.765,17.2800,100
53476765848774,14:51:16.765,17.2800,100
53476765862548,14:51:16.765,17.2800,100
53476765887994,14:51:16.765,17.2800,100
53477581533996,14:51:17.581,17.3000,100
53477588746168,14:51:17.588,17.3100,63
53477588746168,14:51:17.588,17.3100,37
53477611129607,14:51:17.611,17.3000,99
53488976098097,14:51:28.976,17.2900,85
53488976534727,14:51:28.976,17.2900,15
53515552860462,14:51:55.552,17.2800,8
53515952230409,14:51:55.952,17.2800,92
53637351206720,14:53:57.351,17.3000,100
53637351206720,14:53:57.351,17.3000,18
53673416322106,14:54:33.416,17.2900,100
53673416322106,14:54:33.416,17.2900,100
53673416510711,14:54:33.416,17.2900,100
53673423152193,14:54:33.423,17.2900,74
53679809697384,14:54:39.809,17.2900,100
53715953745114,14:55:15.953,17.2700,5
53716044924919,14:55:16.044,17.2700,7
53716076450985,14:55:16.076,17.2700,13
53718684998059,14:55:18.684,17.2700,100
53799370958061,14:56:39.370,17.2800,100
53799370958061,14:56:39.370,17.2800,100
53913030756950,14:58:33.030,17.3000,100
53913406382763,14:58:33.406,17.3100,100
53977630150049,14:59:37.630,17.2900,18
54006314121263,15:00:06.314,17.2800,100
54022182973919,15:00:22.182,17.2900,100
54028153930231,15:00:28.153,17.2800,100
54048916766353,15:00:48.916,17.2800,100
54048916766353,15:00:48.916,17.2800,100
54048917567585,15:00:48.917,17.2800,18
54118255842209,15:01:58.255,17.2700,5
54118256601508,15:01:58.256,17.2700,2
54129912477865,15:02:09.912,17.2800,100
54213762391388,15:03:33.762,17.2800,66
54213762392652,15:03:33.762,17.2800,34
54213762392652,15:03:33.762,17.2800,16
54213762427570,15:03:33.762,17.2800,50
54213762510992,15:03:33.762,17.2800,34
54226092907156,15:03:46.092,17.2900,34
54226092993184,15:03:46.092,17.2900,34
54226093000349,15:03:46.093,17.2900,32
54226093000349,15:03:46.093,17.2900,2
54226093001925,15:03:46.093,17.2900,32
54226093122788,15:03:46.093,17.2900,33
54226093631925,15:03:46.093,17.2900,11
54226093631925,15:03:46.093,17.2900,100
54277332374309,15:04:37.332,17.2900,100
54277332384017,15:04:37.332,17.2900,100
54277332384017,15:04:37.332,17.2900,100
54277332438126,15:04:37.332,17.2800,100
54277339516690,15:04:37.339,17.2800,100
54277339516690,15:04:37.339,17.2800,100
54334488562487,15:05:34.488,17.2800,100
54335375434869,15:05:35.375,17.2800,100
54372113015426,15:06:12.113,17.2700,100
54372385922910,15:06:12.385,17.2700,100
54372385949354,15:06:12.385,17.2700,100
54372385949354,15:06:12.385,17.2700,100
54372386752977,15:06:12.386,17.2800,100
54372558592141,15:06:12.558,17.2800,45
54372579946544,15:06:12.579,17.2900,100
54372579946544,15:06:12.579,17.2900,100
54372580164347,15:06:12.580,17.2900,18
54372718531463,15:06:12.718,17.2800,18
54414406606691,15:06:54.406,17.2900,100
54444281664299,15:07:24.281,17.2700,14
54444291682201,15:07:24.291,17.2700,86
54444291682201,15:07:24.291,17.2700,82
54444291682201,15:07:24.291,17.2700,100
54444291682201,15:07:24.291,17.2700,31
54444292119588,15:07:24.292,17.2700,38
54444294586126,15:07:24.294,17.2700,31
54623441604071,15:10:23.441,17.2600,4
54660319029847,15:11:00.319,17.2600,100
54660700627806,15:11:00.700,17.2500,12
54660700627806,15:11:00.700,17.2500,10
54660700627806,15:11:00.700,17.2500,66
54660700627806,15:11:00.700,17.2500,2
54660700627806,15:11:00.700,17.2500,100
54661116718454,15:11:01.116,17.2400,41
54661502997144,15:11:01.502,17.2400,10
54676097673022,15:11:16.097,17.2600,100
54676097673022,15:11:16.097,17.2600,100
54720520026714,15:12:00.520,17.2500,10
54720559874777,15:12:00.559,17.2500,90
54720559874777,15:12:00.559,17.2500,15
54720606686654,15:12:00.606,17.2500,85
54720607968388,15:12:00.607,17.2400,49
54720607968388,15:12:00.607,17.2400,39
54720609198526,15:12:00.609,17.2400,61
54720609198526,15:12:00.609,17.2400,20
54849986869720,15:14:09.986,17.2700,100
54888913145357,15:14:48.913,17.2800,100
54888913145357,15:14:48.913,17.2800,100
54888919417793,15:14:48.919,17.2900,100
54921987742514,15:15:21.987,17.3000,50
54921987743189,15:15:21.987,17.3000,16
54928769591513,15:15:28.769,17.2700,100
54945325836342,15:15:45.325,17.2900,19
54945325836342,15:15:45.325,17.2900,81
55239424674287,15:20:39.424,17.2800,100
55239442851054,15:20:39.442,17.2700,50
55239442878901,15:20:39.442,17.2700,100
55239442878901,15:20:39.442,17.2700,100
55239442878901,15:20:39.442,17.2700,100
55239449460750,15:20:39.449,17.2600,84
55239486015525,15:20:39.486,17.2600,16
55239486015525,15:20:39.486,17.2600,1
55239486082340,15:20:39.486,17.2600,100
55239493511313,15:20:39.493,17.2500,4
55239559857336,15:20:39.559,17.2600,4
55239559857336,15:20:39.559,17.2600,56
55239559872186,15:20:39.559,17.2600,34
55239559894353,15:20:39.559,17.2600,10
55239565302211,15:20:39.565,17.2600,44
55239565302211,15:20:39.565,17.2600,56
55239565450493,15:20:39.565,17.2600,56
55239582073723,15:20:39.582,17.2600,100
55239582073723,15:20:39.582,17.2600,14
55240297027626,15:20:40.297,17.2600,1
55244794703379,15:20:44.794,17.2600,85
55244794703379,15:20:44.794,17.2500,15
55244883640943,15:20:44.883,17.2500,85
55245732450606,15:20:45.732,17.2500,100
55245740027209,15:20:45.740,17.2500,100
55245740027209,15:20:45.740,17.2500,100
55260915077442,15:21:00.915,17.2500,100
55260915077442,15:21:00.915,17.2500,200
55260953472712,15:21:00.953,17.2600,33
55260986818830,15:21:00.986,17.2600,67
55263171947637,15:21:03.171,17.2800,100
55269327384250,15:21:09.327,17.2800,100
55288273088465,15:21:28.273,17.2800,100
55425665906553,15:23:45.665,17.2500,100
55425665906553,15:23:45.665,17.2500,100
55425670590049,15:23:45.670,17.2400,100
55425670590049,15:23:45.670,17.2400,100
55425680509752,15:23:45.680,17.2200,7
55428550067190,15:23:48.550,17.2300,100
55436534677095,15:23:56.534,17.2500,100
55436534677095,15:23:56.534,17.2500,100
55436535522993,15:23:56.535,17.2500,45
55436978429221,15:23:56.978,17.2600,500
55436978429221,15:23:56.978,17.2600,100
55436978454550,15:23:56.978,17.2600,45
55436994813768,15:23:56.994,17.2600,103
55436995994651,15:23:56.995,17.2600,97
55436995994651,15:23:56.995,17.2600,3
55436997314137,15:23:56.997,17.2600,97
55436997314137,15:23:56.997,17.2600,106
55436997350668,15:23:56.997,17.2600,92
55460749719735,15:24:20.749,17.2600,100
55475618760286,15:24:35.618,17.2700,100
55475621680191,15:24:35.621,17.2700,100
55475621704929,15:24:35.621,17.2700,46
55475621856108,15:24:35.621,17.2700,96
55475621894454,15:24:35.621,17.2700,4
55475621894454,15:24:35.621,17.2700,96
55475622660851,15:24:35.622,17.2700,104
55480124479324,15:24:40.124,17.2500,100
55480124479324,15:24:40.124,17.2500,4
55480127530277,15:24:40.127,17.2500,1
55499362162972,15:24:59.362,17.2500,95
55543688435289,15:25:43.688,17.2400,34
55543688445757,15:25:43.688,17.2400,66
55543696141799,15:25:43.696,17.2300,1
55544495230436,15:25:44.495,17.2200,2
55544560904182,15:25:44.560,17.2100,40
55544560904182,15:25:44.560,17.2100,10
55544564005804,15:25:44.564,17.2000,50
55544629293179,15:25:44.629,17.2000,100
55544629295906,15:25:44.629,17.2000,34
55544629308718,15:25:44.629,17.2000,12
55552624295181,15:25:52.624,17.2200,100
55552624320263,15:25:52.624,17.2200,100
55561252347897,15:26:01.252,17.2300,100
55561252347897,15:26:01.252,17.2300,100
55594822935184,15:26:34.822,17.2400,64
55594823259621,15:26:34.823,17.2400,36
55594888126486,15:26:34.888,17.2400,100
55616261082133,15:26:56.261,17.2200,1
55641677195867,15:27:21.677,17.2000,46
55641677195867,15:27:21.677,17.2000,20
55641737397745,15:27:21.737,17.1900,66
55641737434628,15:27:21.737,17.1900,33
55641872240636,15:27:21.872,17.2000,100
55692638242346,15:28:12.638,17.2300,100
55712846557124,15:28:32.846,17.2400,100
55725925394732,15:28:45.925,17.2500,100
55796559290116,15:29:56.559,17.2500,100
55796559292776,15:29:56.559,17.2500,100
55796560124978,15:29:56.560,17.2500,100
55824764247350,15:30:24.764,17.2500,100
55826801932458,15:30:26.801,17.2300,10
55826802515246,15:30:26.802,17.2300,90
55826802515246,15:30:26.802,17.2300,25
55826804944371,15:30:26.804,17.2300,75
55826809822528,15:30:26.809,17.2100,25
55832568598041,15:30:32.568,17.2400,100
55832578264236,15:30:32.578,17.2400,100
55832578264236,15:30:32.578,17.2400,100
55832578806371,15:30:32.578,17.2500,59
55832579039202,15:30:32.579,17.2500,41
55832631805529,15:30:32.631,17.2300,25
55996821301493,15:33:16.821,17.2000,39
55996821512078,15:33:16.821,17.2000,61
55996821512078,15:33:16.821,17.2000,100
56001690472708,15:33:21.690,17.2000,20
56033782112066,15:33:53.782,17.1900,33
56033782112066,15:33:53.782,17.1900,67
56033782547932,15:33:53.782,17.1900,33
56078282105952,15:34:38.282,17.1800,20
56078282866554,15:34:38.282,17.1800,51
56078282869687,15:34:38.282,17.1800,30
56078283215712,15:34:38.283,17.1800,19
56078283215712,15:34:38.283,17.1800,11
56078285349499,15:34:38.285,17.1800,28
56078290959861,15:34:38.290,17.1800,61
56084287728168,15:34:44.287,17.1800,62
56084298527515,15:34:44.298,17.1800,100
56084398213220,15:34:44.398,17.1800,99
56084740506010,15:34:44.740,17.1800,100
56084740506010,15:34:44.740,17.1800,100
56187473102767,15:36:27.473,17.1900,100
56187473102767,15:36:27.473,17.1900,100
56187473180216,15:36:27.473,17.1900,100
56187473274906,15:36:27.473,17.1900,200
56187473350836,15:36:27.473,17.1900,100
56187473350836,15:36:27.473,17.1900,62
56187474382368,15:36:27.474,17.1900,38
56187474382368,15:36:27.474,17.1900,67
56187480375703,15:36:27.480,17.1900,41
56187480384252,15:36:27.480,17.1900,117
56187489011764,15:36:27.489,17.1800,100
56187489011764,15:36:27.489,17.1800,86
56187520796761,15:36:27.520,17.1800,100
56187520796761,15:36:27.520,17.1800,15
56190156245686,15:36:30.156,17.1800,71
56210110800577,15:36:50.110,17.1800,14
56210110800577,15:36:50.110,17.1800,86
56220331474420,15:37:00.331,17.1800,14
56220331474420,15:37:00.331,17.1800,100
56220331474420,15:37:00.331,17.1800,100
56220331474420,15:37:00.331,17.1800,100
56220331474420,15:37:00.331,17.1800,22
56220331530064,15:37:00.331,17.1800,9
56220331536620,15:37:00.331,17.1800,69
56220331901802,15:37:00.331,17.1800,55
56220338158895,15:37:00.338,17.1800,100
56220341317201,15:37:00.341,17.1800,45
56220616579381,15:37:00.616,17.1800,100
56220621027461,15:37:00.621,17.1900,59
56221383357091,15:37:01.383,17.1900,41
56221383357091,15:37:01.383,17.1900,59
56233638989145,15:37:13.638,17.1900,100
56255598096771,15:37:35.598,17.1900,100
56255598096771,15:37:35.598,17.1900,100
56255598346609,15:37:35.598,17.2000,100
56255598444320,15:37:35.598,17.2000,100
56255599140147,15:37:35.599,17.2000,100
56256239046473,15:37:36.239,17.2000,100
56290232291161,15:38:10.232,17.2000,19
56290232297993,15:38:10.232,17.2000,97
56290232299300,15:38:10.232,17.2000,50
56290232302474,15:38:10.232,17.2000,19
56290232319153,15:38:10.232,17.2000,59
56290232324726,15:38:10.232,17.2000,29
56290232364072,15:38:10.232,17.2000,27
56290232364072,15:38:10.232,17.2000,31
56290232414504,15:38:10.232,17.2000,69
56290237256289,15:38:10.237,17.2000,100
56290290537277,15:38:10.290,17.1800,100
56290290943289,15:38:10.290,17.1800,200
56290293619212,15:38:10.293,17.1800,100
56290293619212,15:38:10.293,17.1800,100
56290294920628,15:38:10.294,17.1800,100
56290294920628,15:38:10.294,17.1800,26
56297312872614,15:38:17.312,17.2000,89
56297312883125,15:38:17.312,17.2000,11
56297316978542,15:38:17.316,17.2300,100
56297316978542,15:38:17.316,17.2200,274
56297322489351,15:38:17.322,17.2200,100
56346675238727,15:39:06.675,17.2100,100
56346675558427,15:39:06.675,17.2100,100
56346675578823,15:39:06.675,17.2100,11
56346675603463,15:39:06.675,17.2100,89
56346675638980,15:39:06.675,17.2100,19
56346675955394,15:39:06.675,17.2100,58
56346676543720,15:39:06.676,17.2100,42
56346676543720,15:39:06.676,17.2100,58
56346680188468,15:39:06.680,17.2100,5
56346730125948,15:39:06.730,17.2100,37
56346730125948,15:39:06.730,17.2100,19
56346734451834,15:39:06.734,17.2100,57
56346735670461,15:39:06.735,17.2100,24
56346735670461,15:39:06.735,17.2100,76
56348690561935,15:39:08.690,17.2100,24
56349961350421,15:39:09.961,17.2200,100
56350098807726,15:39:10.098,17.2200,100
56350922053175,15:39:10.922,17.2200,100
56350922053175,15:39:10.922,17.2200,100
56358944856962,15:39:18.944,17.2200,45
56358944856962,15:39:18.944,17.2200,55
56358990827051,15:39:18.990,17.2300,50
56358990832179,15:39:18.990,17.2300,50
56358990845220,15:39:18.990,17.2300,100
56358990845220,15:39:18.990,17.2300,18
56358990854732,15:39:18.990,17.2300,82
56390294443572,15:39:50.294,17.2300,89
56390295148489,15:39:50.295,17.2300,11
56390295148489,15:39:50.295,17.2300,1
56390498486377,15:39:50.498,17.2300,95
56390526391122,15:39:50.526,17.2300,5
56390526391122,15:39:50.526,17.2300,95
56487524917710,15:41:27.524,17.2200,30
56487524929769,15:41:27.524,17.2200,15
56487533053284,15:41:27.533,17.2100,100
56487533053284,15:41:27.533,17.2100,100
56487533053284,15:41:27.533,17.2100,100
56487533053284,15:41:27.533,17.2100,15
56487542278051,15:41:27.542,17.2100,7
56504346120896,15:41:44.346,17.2100,7
56533485617205,15:42:13.485,17.2200,100
56533485653868,15:42:13.485,17.2200,75
56533485658946,15:42:13.485,17.2200,25
56533485658946,15:42:13.485,17.2200,4
56533485681146,15:42:13.485,17.2200,96
56533485681146,15:42:13.485,17.2200,100
56533485681146,15:42:13.485,17.2200,29
56533485710369,15:42:13.485,17.2200,4
56533485853577,15:42:13.485,17.2200,67
56533568070348,15:42:13.568,17.2300,71
56533568070348,15:42:13.568,17.2300,100
56533568070348,15:42:13.568,17.2300,29
56534302192546,15:42:14.302,17.2200,76
56534302206798,15:42:14.302,17.2200,29
56534302438311,15:42:14.302,17.2200,69
56534302473047,15:42:14.302,17.2200,59
56534302473047,15:42:14.302,17.2200,100
56537537697714,15:42:17.537,17.2300,100
56537537697714,15:42:17.537,17.2300,100
56547243537692,15:42:27.243,17.2200,89
56547243546610,15:42:27.243,17.2200,11
56547243546610,15:42:27.243,17.2200,18
56547243547556,15:42:27.243,17.2200,41
56547243554315,15:42:27.243,17.2200,41
56548593984112,15:42:28.593,17.2200,100
56548593984112,15:42:28.593,17.2200,100
56548594056243,15:42:28.594,17.2300,100
56548601892143,15:42:28.601,17.2300,100
56548601892143,15:42:28.601,17.2300,100
56548601892143,15:42:28.601,17.2300,200
56548601892143,15:42:28.601,17.2300,100
56548601892143,15:42:28.601,17.2300,100
56548601892143,15:42:28.601,17.2200,100
56548601892143,15:42:28.601,17.2200,100
56736654009511,15:45:36.654,17.2200,20
56736654009511,15:45:36.654,17.2200,79
56736709070155,15:45:36.709,17.2200,21
56736709070155,15:45:36.709,17.2200,100
56736709070155,15:45:36.709,17.2200,54
56736709193841,15:45:36.709,17.2200,43
56736727482385,15:45:36.727,17.2300,100
56736727482385,15:45:36.727,17.2300,105
56736727482385,15:45:36.727,17.2300,18
56736727482385,15:45:36.727,17.2300,63
56736727482385,15:45:36.727,17.2300,100
56736728809700,15:45:36.728,17.2400,100
56736769207185,15:45:36.769,17.2400,100
56736769826736,15:45:36.769,17.2400,89
56736769837722,15:45:36.769,17.2400,11
56736769837722,15:45:36.769,17.2400,3
56736923482573,15:45:36.923,17.2400,100
56736924681815,15:45:36.924,17.2400,100
56738427414839,15:45:38.427,17.2400,89
56738427427466,15:45:38.427,17.2400,11
56738435544338,15:45:38.435,17.2500,100
56740251994982,15:45:40.251,17.2400,100
56740251994982,15:45:40.251,17.2400,100
56740251994982,15:45:40.251,17.2400,100
56740527612629,15:45:40.527,17.2400,89
56740527621039,15:45:40.527,17.2400,11
56740527621039,15:45:40.527,17.2400,18
56740527626493,15:45:40.527,17.2400,11
56740528054677,15:45:40.528,17.2400,30
56755801690837,15:45:55.801,17.2400,100
56767242582181,15:46:07.242,17.2400,8
56767242908088,15:46:07.242,17.2400,92
56767295090263,15:46:07.295,17.2400,100
56768044751317,15:46:08.044,17.2400,5
56768123618196,15:46:08.123,17.2400,195
56768123618196,15:46:08.123,17.2400,4
56843791665732,15:47:23.791,17.2400,100
56843791665732,15:47:23.791,17.2400,100
56843791692221,15:47:23.791,17.2400,18
56843791692221,15:47:23.791,17.2400,63
56845430765594,15:47:25.430,17.2400,100
56845430817699,15:47:25.430,17.2400,100
56850132654152,15:47:30.132,17.2300,8
56850132662911,15:47:30.132,17.2300,50
56850134451351,15:47:30.134,17.2300,42
56850134451351,15:47:30.134,17.2300,100
56850134451351,15:47:30.134,17.2300,100
56850134451351,15:47:30.134,17.2300,100
56850194413560,15:47:30.194,17.2300,100
56850194413560,15:47:30.194,17.2300,100
56850194413560,15:47:30.194,17.2300,100
56850201182990,15:47:30.201,17.2200,5
56851056464649,15:47:31.056,17.2200,95
56851056464649,15:47:31.056,17.2200,5
56875421917184,15:47:55.421,17.2300,100
56875421917184,15:47:55.421,17.2300,100
56875423104358,15:47:55.423,17.2300,9
56875430175858,15:47:55.430,17.2300,191
56875430175858,15:47:55.430,17.2300,100
56875430175858,15:47:55.430,17.2300,100
56875430175858,15:47:55.430,17.2300,100
56901759444464,15:48:21.759,17.2300,100
56901759444464,15:48:21.759,17.2300,100
56901759472449,15:48:21.759,17.2300,200
56901820069152,15:48:21.820,17.2400,100
56901826660224,15:48:21.826,17.2500,100
56901826695034,15:48:21.826,17.2500,65
56901826729014,15:48:21.826,17.2500,30
56917113451723,15:48:37.113,17.2300,100
56917113638513,15:48:37.113,17.2300,100
56917120471618,15:48:37.120,17.2200,4
56917194438518,15:48:37.194,17.2300,73
56934720397050,15:48:54.720,17.2300,27
56934720397050,15:48:54.720,17.2300,100
56934720397050,15:48:54.720,17.2300,42
56934720397050,15:48:54.720,17.2300,31
56947079371866,15:49:07.079,17.2100,100
56947079371866,15:49:07.079,17.2100,20
56947079371866,15:49:07.079,17.2100,39
56947080430985,15:49:07.080,17.2100,41
56947084300084,15:49:07.084,17.2100,20
56947114583473,15:49:07.114,17.2100,1
56947275403988,15:49:07.275,17.2200,100
57044247765367,15:50:44.247,17.2000,32
57045022563925,15:50:45.022,17.2100,200
57045022563925,15:50:45.022,17.2100,100
57045023916897,15:50:45.023,17.2100,100
57045045786468,15:50:45.045,17.2100,100
57045045786468,15:50:45.045,17.2100,25
57045047701842,15:50:45.047,17.2100,67
57045081712821,15:50:45.081,17.2100,33
57045088409659,15:50:45.088,17.2100,7
57045125093951,15:50:45.125,17.2000,68
57045125093951,15:50:45.125,17.2000,47
57045145397158,15:50:45.145,17.2000,53
57045145397158,15:50:45.145,17.2000,100
57045145397158,15:50:45.145,17.2000,47
57045218430942,15:50:45.218,17.2000,53
57045218430942,15:50:45.218,17.2000,47
57063819967818,15:51:03.819,17.2100,19
57063881935022,15:51:03.881,17.2100,6
57063881935022,15:51:03.881,17.2100,94
57068331432458,15:51:08.331,17.2100,42
57068331432458,15:51:08.331,17.2100,200
57068331432458,15:51:08.331,17.2100,18
57093867159375,15:51:33.867,17.2200,100
57093868829038,15:51:33.868,17.2200,100
57114862870384,15:51:54.862,17.2200,100
57160007917303,15:52:40.007,17.2100,60
57160007984621,15:52:40.007,17.2100,40
57160007984621,15:52:40.007,17.2100,60
57160008008552,15:52:40.008,17.2100,40
57160009217567,15:52:40.009,17.2000,53
57160813247483,15:52:40.813,17.2000,100
57160813247483,15:52:40.813,17.2000,100
57164302185986,15:52:44.302,17.2000,100
57164302284307,15:52:44.302,17.2000,86
57164302892888,15:52:44.302,17.2100,100
57164309109870,15:52:44.309,17.2100,100
57164604721103,15:52:44.604,17.2200,100
57164604721103,15:52:44.604,17.2200,100
57164833884830,15:52:44.833,17.2100,100
57164937788938,15:52:44.937,17.2000,100
57190018709011,15:53:10.018,17.2100,89
57190018719067,15:53:10.018,17.2100,11
57190018719067,15:53:10.018,17.2100,49
57190018729625,15:53:10.018,17.2100,29
57190018966915,15:53:10.018,17.2100,100
57190019003836,15:53:10.019,17.2100,6
57213256198818,15:53:33.256,17.2000,89
57213256209772,15:53:33.256,17.2000,11
57213256209772,15:53:33.256,17.2000,18
57213256438161,15:53:33.256,17.2000,30
57213256635955,15:53:33.256,17.2000,19
57213256644257,15:53:33.256,17.2000,33
57213256644257,15:53:33.256,17.2000,67
57213256646500,15:53:33.256,17.2000,29
57213256654542,15:53:33.256,17.2000,4
57215269409424,15:53:35.269,17.2000,4
57270743024129,15:54:30.743,17.2000,19
57272225593490,15:54:32.225,17.2000,86
57272225593490,15:54:32.225,17.2000,414
57272225620192,15:54:32.225,17.2000,286
57272225620192,15:54:32.225,17.2000,27
57272225620192,15:54:32.225,17.2000,18
57352360126578,15:55:52.360,17.2300,100
57352360126578,15:55:52.360,17.2300,100
57352394227970,15:55:52.394,17.2400,100
57352394227970,15:55:52.394,17.2400,100
57452905341967,15:57:32.905,17.2500,10
57452905341967,15:57:32.905,17.2500,12
57454700302205,15:57:34.700,17.2400,1
57456477962677,15:57:36.477,17.2300,68
57456478151414,15:57:36.478,17.2300,32
57460236345820,15:57:40.236,17.2300,89
57460236356019,15:57:40.236,17.2300,11
57495234047337,15:58:15.234,17.2300,500
57495243679196,15:58:15.243,17.2300,100
57495843301043,15:58:15.843,17.2300,66
57496091229431,15:58:16.091,17.2300,34
57496091229431,15:58:16.091,17.2300,66
57496180011794,15:58:16.180,17.2200,100
57501820700685,15:58:21.820,17.2300,100
57536685713579,15:58:56.685,17.2200,100
57536694100121,15:58:56.694,17.2200,100
57536702322356,15:58:56.702,17.2200,100
57545095723947,15:59:05.095,17.2200,100
57545095723947,15:59:05.095,17.2200,100
57545244565151,15:59:05.244,17.2300,18
57550162813767,15:59:10.162,17.2200,32
57550225931408,15:59:10.225,17.2200,68
57550225931408,15:59:10.225,17.2200,32
57550233111241,15:59:10.233,17.2300,100
57550390443527,15:59:10.390,17.2300,100
57550735402829,15:59:10.735,17.2300,100
57550773908076,15:59:10.773,17.2300,100
57555663670338,15:59:15.663,17.2100,9
57560181148851,15:59:20.181,17.2300,100
57590103940401,15:59:50.103,17.2500,7
57600336723190,16:00:00.336,0.0000,0
