timestamp,time,price,volume
34200916393035,09:30:00.916,0.0000,0
34572534340725,09:36:12.534,37.4600,6
34572534496655,09:36:12.534,37.4600,94
34573176068594,09:36:13.176,37.5000,14
34696351451207,09:38:16.351,37.5000,100
34696351451207,09:38:16.351,37.5000,76
34696351451207,09:38:16.351,37.5000,44
34696351451207,09:38:16.351,37.5000,100
34696351512529,09:38:16.351,37.4400,100
34696352022337,09:38:16.352,37.4900,100
34696352022337,09:38:16.352,37.4900,100
34696360456871,09:38:16.360,37.5200,100
34716263310139,09:38:36.263,37.5500,5
34744236131628,09:39:04.236,37.5000,300
34744519684232,09:39:04.519,37.5100,6
34746272988253,09:39:06.272,37.5100,14
34746272988253,09:39:06.272,37.5100,6
34746272988253,09:39:06.272,37.5200,26
34756791228542,09:39:16.791,37.5200,20
34793765092247,09:39:53.765,37.5900,100
34903732067354,09:41:43.732,37.4700,100
34903732067354,09:41:43.732,37.4400,100
34903732506811,09:41:43.732,37.4400,41
34903732525940,09:41:43.732,37.4400,59
35057041563003,09:44:17.041,37.4000,100
35057041563003,09:44:17.041,37.3900,100
35057041563003,09:44:17.041,37.3900,34
35057614171229,09:44:17.614,37.3800,5
35057614171229,09:44:17.614,37.3700,30
35231150779256,09:47:11.150,37.4200,100
35231150779256,09:47:11.150,37.4100,70
35261226400874,09:47:41.226,37.4100,100
35287917860205,09:48:07.917,37.3900,83
35287917866482,09:48:07.917,37.3900,17
35287917866482,09:48:07.917,37.3800,34
35287917877964,09:48:07.917,37.3800,13
35287917912745,09:48:07.917,37.3800,87
35287919189500,09:48:07.919,37.3700,100
35287919547132,09:48:07.919,37.3600,100
35404637632925,09:50:04.637,37.3300,9
35404637957828,09:50:04.637,37.3300,66
35404637957828,09:50:04.637,37.3300,100
35404637957828,09:50:04.637,37.3300,100
35404637957828,09:50:04.637,37.3300,12
35404637986028,09:50:04.637,37.3300,78
35404637987675,09:50:04.637,37.3300,17
35404638016742,09:50:04.638,37.3300,27
35404638016742,09:50:04.638,37.3300,15
35404638016742,09:50:04.638,37.3300,134
35404638249596,09:50:04.638,37.3200,15
35404686555778,09:50:04.686,37.3200,25
35404686669752,09:50:04.686,37.3200,29
35404687511271,09:50:04.687,37.3200,29
35404687619445,09:50:04.687,37.3200,17
35404690757480,09:50:04.690,37.3300,5
35463383243712,09:51:03.383,37.3200,15
35484634003021,09:51:24.634,37.3400,100
35484634003021,09:51:24.634,37.3400,100
35485987078068,09:51:25.987,37.3500,100
35486103501351,09:51:26.103,37.3200,100
35486103501351,09:51:26.103,37.3200,100
35501029495793,09:51:41.029,37.2900,135
35501029495793,09:51:41.029,37.2900,100
35501029495793,09:51:41.029,37.2900,135
35680575851311,09:54:40.575,37.3300,100
35681069027993,09:54:41.069,37.3300,100
35700832575053,09:55:00.832,37.3400,100
35700832575053,09:55:00.832,37.3400,100
35716197038566,09:55:16.197,37.3300,100
35716197038566,09:55:16.197,37.3300,100
35837361894294,09:57:17.361,37.3200,100
35992385074937,09:59:52.385,37.2400,66
35992385100687,09:59:52.385,37.2400,34
35992385100687,09:59:52.385,37.2400,200
35992385136226,09:59:52.385,37.2400,66
35992386782647,09:59:52.386,37.2400,200
35992386875245,09:59:52.386,37.2400,100
35992386879329,09:59:52.386,37.2400,100
35992386879329,09:59:52.386,37.2400,34
36015886647672,10:00:15.886,37.2600,84
36015886757073,10:00:15.886,37.2600,51
36033134156852,10:00:33.134,37.2900,100
36036501067353,10:00:36.501,37.3000,200
36036613513402,10:00:36.613,37.3000,100
36037520223290,10:00:37.520,37.2900,100
36082951906419,10:01:22.951,37.3100,100
36161016243769,10:02:41.016,37.2600,100
36161016250737,10:02:41.016,37.2600,23
36161016476333,10:02:41.016,37.2600,23
36161016488863,10:02:41.016,37.2600,77
36161019774354,10:02:41.019,37.2500,100
36166693251478,10:02:46.693,37.2100,100
36166693251478,10:02:46.693,37.1900,100
36166693463110,10:02:46.693,37.1900,35
36166696465612,10:02:46.696,37.1900,100
36166701838716,10:02:46.701,37.2000,100
36171149475440,10:02:51.149,37.2000,100
36171149475440,10:02:51.149,37.1900,100
36261163713641,10:04:21.163,37.2300,33
36261163738219,10:04:21.163,37.2300,67
36261164290546,10:04:21.164,37.2300,7
36381122725307,10:06:21.122,37.2500,33
36438236270465,10:07:18.236,37.2400,100
36438236270465,10:07:18.236,37.2400,100
36438236270465,10:07:18.236,37.2400,135
36438237134770,10:07:18.237,37.2500,100
36438237134770,10:07:18.237,37.2400,100
36438237161157,10:07:18.237,37.2500,100
36775970350357,10:12:55.970,37.3500,100
36775970350357,10:12:55.970,37.3500,134
36775976237481,10:12:55.976,37.3400,80
36781255046135,10:13:01.255,37.3500,95
36781255070339,10:13:01.255,37.3500,105
36781255072818,10:13:01.255,37.3500,66
36863993819369,10:14:23.993,37.3500,100
36864005709171,10:14:24.005,37.3300,100
36922591345114,10:15:22.591,37.2900,100
36922591376728,10:15:22.591,37.2900,134
37078081929968,10:17:58.081,37.2400,69
37095558931007,10:18:15.558,37.1800,100
37109893230880,10:18:29.893,37.1700,78
37109893236735,10:18:29.893,37.1700,57
37113729776910,10:18:33.729,37.1700,100
37165441878647,10:19:25.441,37.1900,100
37404110993507,10:23:24.110,37.3000,100
37404110993507,10:23:24.110,37.3000,100
37404112592588,10:23:24.112,37.2900,51
37564675090899,10:26:04.675,37.3300,100
37904896839693,10:31:44.896,37.4200,100
37905208223980,10:31:45.208,37.4300,100
37905208600651,10:31:45.208,37.4400,100
37905208600651,10:31:45.208,37.4400,100
37905208606571,10:31:45.208,37.4400,100
37905208606571,10:31:45.208,37.4400,100
37905211581772,10:31:45.211,37.4400,1
37994529129679,10:33:14.529,37.4200,100
37994529129679,10:33:14.529,37.4200,100
38102642019097,10:35:02.642,37.4400,100
38102642096144,10:35:02.642,37.4400,100
38144449042087,10:35:44.449,37.4800,100
38239974470482,10:37:19.974,37.4500,100
38239974679440,10:37:19.974,37.4400,100
38239974679440,10:37:19.974,37.4400,84
38239974727636,10:37:19.974,37.4400,16
38239974844225,10:37:19.974,37.4400,25
38239974986767,10:37:19.974,37.4400,35
38239975179646,10:37:19.975,37.4400,35
38298371845934,10:38:18.371,37.5100,100
38298372223676,10:38:18.372,37.5100,100
38314789845486,10:38:34.789,37.5200,30
38314790300320,10:38:34.790,37.5100,5
38375254608960,10:39:35.254,37.5400,100
38411444162250,10:40:11.444,37.5000,100
38411482340602,10:40:11.482,37.5000,100
38565685504673,10:42:45.685,37.4600,99
38581101378425,10:43:01.101,37.4700,68
38581101395072,10:43:01.101,37.4700,32
38581101396344,10:43:01.101,37.4700,32
38581101402257,10:43:01.101,37.4700,32
38581101409279,10:43:01.101,37.4700,32
38658683522822,10:44:18.683,37.5500,100
38658683547130,10:44:18.683,37.5500,100
38683223562744,10:44:43.223,37.5400,100
38683224479018,10:44:43.224,37.5300,100
38783685300834,10:46:23.685,37.6400,100
38783685300834,10:46:23.685,37.6800,27
38783685300834,10:46:23.685,37.6800,200
38783685300834,10:46:23.685,37.6900,200
38783887541867,10:46:23.887,37.6300,100
38790405748619,10:46:30.405,37.6600,100
38790405821578,10:46:30.405,37.6600,100
38793687731072,10:46:33.687,37.6700,100
38798112910054,10:46:38.112,37.6600,100
38798112910054,10:46:38.112,37.6600,100
38798113305034,10:46:38.113,37.6500,50
38798114009628,10:46:38.114,37.6500,100
38798114009628,10:46:38.114,37.6500,100
38819553146511,10:46:59.553,37.6200,100
38819553146511,10:46:59.553,37.6200,100
38819554033062,10:46:59.554,37.6100,100
38939866099471,10:48:59.866,37.5600,5
38950191983647,10:49:10.191,37.5400,100
38950665858350,10:49:10.665,37.5600,100
38953495993708,10:49:13.495,37.5700,55
39044851099029,10:50:44.851,37.5600,100
39044851541683,10:50:44.851,37.5600,100
39044851567668,10:50:44.851,37.5600,100
39044881742337,10:50:44.881,37.5500,100
39044881742337,10:50:44.881,37.5500,100
39176350415856,10:52:56.350,37.5500,100
39369347165909,10:56:09.347,37.5800,100
39435060609528,10:57:15.060,37.5600,3
39435060609528,10:57:15.060,37.5600,100
39435060609528,10:57:15.060,37.5600,97
39435060636266,10:57:15.060,37.5600,3
39435060642424,10:57:15.060,37.5600,3
39435060718393,10:57:15.060,37.5600,3
39435060843912,10:57:15.060,37.5600,3
39435060846232,10:57:15.060,37.5600,3
39435061050709,10:57:15.061,37.5600,6
39435061215888,10:57:15.061,37.5600,82
39435061215888,10:57:15.061,37.5600,100
39435061907174,10:57:15.061,37.5600,100
39435748011971,10:57:15.748,37.5600,100
39438921428500,10:57:18.921,37.5500,3
39466161717666,10:57:46.161,37.5300,20
39466161717666,10:57:46.161,37.5100,100
39466161717666,10:57:46.161,37.5100,100
39466161717666,10:57:46.161,37.4500,80
39514924169604,10:58:34.924,37.4800,100
39514924728494,10:58:34.924,37.4800,20
39662957620786,11:01:02.957,37.5700,6
39662957939159,11:01:02.957,37.5700,6
39662957993153,11:01:02.957,37.5700,6
39662958057943,11:01:02.958,37.5700,82
39662962525516,11:01:02.962,37.5700,100
39663078456858,11:01:03.078,37.5700,100
39922202829496,11:05:22.202,37.6200,9
39922202854662,11:05:22.202,37.6200,47
39922202882752,11:05:22.202,37.6200,44
39922206933229,11:05:22.206,37.5900,100
40039008471777,11:07:19.008,37.6200,40
40039008471777,11:07:19.008,37.6200,60
40039008543130,11:07:19.008,37.6200,40
40039008543130,11:07:19.008,37.6200,60
40039008575270,11:07:19.008,37.6200,40
40041851416718,11:07:21.851,37.6000,100
40131233570112,11:08:51.233,37.6100,1
40131233570112,11:08:51.233,37.6100,100
40259314993920,11:10:59.314,37.5800,100
40259315003298,11:10:59.315,37.5800,100
40292412880374,11:11:32.412,37.5700,5
40348925708347,11:12:28.925,37.5700,100
40370990138093,11:12:50.990,37.5600,100
40370990138093,11:12:50.990,37.5600,100
40413432239836,11:13:33.432,37.5400,100
40422527830277,11:13:42.527,37.5500,63
40532026136101,11:15:32.026,37.5500,100
40532026232739,11:15:32.026,37.5500,100
40557259071474,11:15:57.259,37.5700,1
40557259071474,11:15:57.259,37.5700,100
40567947921728,11:16:07.947,37.5800,1
40807824157033,11:20:07.824,37.5900,100
40807824157033,11:20:07.824,37.5900,100
40838909971224,11:20:38.909,37.6000,100
40838940482969,11:20:38.940,37.6000,100
40858071962408,11:20:58.071,37.6000,100
40901452110024,11:21:41.452,37.5900,100
40901452110024,11:21:41.452,37.5900,100
41058515854589,11:24:18.515,37.5900,4
41384341267859,11:29:44.341,37.5800,34
41507925571072,11:31:47.925,37.6100,100
41507925571072,11:31:47.925,37.6100,100
41698820478529,11:34:58.820,37.6300,100
41698821738884,11:34:58.821,37.6400,46
41698821764953,11:34:58.821,37.6400,54
41698821764953,11:34:58.821,37.6400,100
41698821764953,11:34:58.821,37.6400,100
41698821764953,11:34:58.821,37.6400,100
41698821764953,11:34:58.821,37.6400,100
41699973749901,11:34:59.973,37.6600,100
41699976823883,11:34:59.976,37.6600,100
41732298866533,11:35:32.298,37.6400,100
41732298866533,11:35:32.298,37.6400,100
41732298866533,11:35:32.298,37.6400,27
41732298892161,11:35:32.298,37.6400,73
41732301254449,11:35:32.301,37.6400,100
41733829137365,11:35:33.829,37.6300,100
41733829162795,11:35:33.829,37.6300,100
41734630957254,11:35:34.630,37.6400,40
41795391443432,11:36:35.391,37.6300,100
41796012996281,11:36:36.012,37.6200,100
41920396676618,11:38:40.396,37.5600,100
41920396702172,11:38:40.396,37.5600,100
41920397388815,11:38:40.397,37.5600,29
41920397564616,11:38:40.397,37.5600,100
41920788777709,11:38:40.788,37.5700,31
41920788777709,11:38:40.788,37.5700,40
41989245881350,11:39:49.245,37.5000,100
42120536532200,11:42:00.536,37.5400,100
42209977244023,11:43:29.977,37.5700,100
42209977244023,11:43:29.977,37.5700,100
42360642156248,11:46:00.642,37.6000,100
42360642568284,11:46:00.642,37.6000,20
42563247934232,11:49:23.247,37.6900,100
42612289215541,11:50:12.289,37.6800,100
42612289215541,11:50:12.289,37.6800,45
42854117448700,11:54:14.117,37.6700,100
42884302560743,11:54:44.302,37.6650,100
42884302560743,11:54:44.302,37.6500,100
42884302687494,11:54:44.302,37.6500,100
43198671786401,11:59:58.671,37.6700,100
43198676388893,11:59:58.676,37.6800,100
43198676486372,11:59:58.676,37.6800,100
43198684497675,11:59:58.684,37.6800,100
43198750780434,11:59:58.750,37.7000,100
43198750780434,11:59:58.750,37.7000,100
43207107263454,12:00:07.107,37.7400,100
43226532385485,12:00:26.532,37.7500,100
43233405962705,12:00:33.405,37.7300,100
43233408137496,12:00:33.408,37.7200,100
43233408349574,12:00:33.408,37.7200,47
43233419757304,12:00:33.419,37.7100,100
43253966375054,12:00:53.966,37.7150,100
43273574978997,12:01:13.574,37.7000,100
43273575801259,12:01:13.575,37.7000,100
43290370814720,12:01:30.370,37.7000,100
43290371040806,12:01:30.371,37.6900,100
43307935807161,12:01:47.935,37.6900,20
43307935807161,12:01:47.935,37.6800,80
43356747437773,12:02:36.747,37.7300,100
43608469801594,12:06:48.469,37.7750,100
43687597626233,12:08:07.597,37.7800,100
43760676552596,12:09:20.676,37.7900,100
43860035084907,12:11:00.035,37.8000,10
44045436341174,12:14:05.436,37.8400,100
44045436341174,12:14:05.436,37.8400,70
44045436341174,12:14:05.436,37.8400,100
44060914464709,12:14:20.914,37.8300,5
44112845835237,12:15:12.845,37.8200,100
44113191870652,12:15:13.191,37.8200,100
44113191870652,12:15:13.191,37.8200,100
44209481592343,12:16:49.481,37.8500,100
44261913013819,12:17:41.913,37.8500,100
44293452042383,12:18:13.452,37.8400,100
44408312933644,12:20:08.312,37.8200,100
44541034428747,12:22:21.034,37.8400,100
44638086423823,12:23:58.086,37.8100,5
44638086423823,12:23:58.086,37.8100,100
44991462913763,12:29:51.462,37.7800,100
45091564515481,12:31:31.564,37.7700,100
45091564626819,12:31:31.564,37.7700,100
45091565775083,12:31:31.565,37.7800,400
45091574296562,12:31:31.574,37.7900,29
45091574449052,12:31:31.574,37.7900,71
45092591643152,12:31:32.591,37.7900,100
45092591643152,12:31:32.591,37.7900,100
45117423612671,12:31:57.423,37.7700,100
45131026369256,12:32:11.026,37.7700,12
45131026618883,12:32:11.026,37.7700,12
45131026733130,12:32:11.026,37.7700,12
45131026865789,12:32:11.026,37.7700,12
45131027742741,12:32:11.027,37.7700,12
45131027806114,12:32:11.027,37.7700,12
45131027951423,12:32:11.027,37.7700,12
45131188493323,12:32:11.188,37.7700,16
45131329499699,12:32:11.329,37.7600,100
45131339563216,12:32:11.339,37.7500,100
45216918928674,12:33:36.918,37.7200,50
45216918932939,12:33:36.918,37.7200,50
45262151971247,12:34:22.151,37.7200,31
45262151971247,12:34:22.151,37.7200,200
45289353134525,12:34:49.353,37.7400,100
45320154999891,12:35:20.154,37.7400,1
45322840990503,12:35:22.840,37.7500,1
45395246698148,12:36:35.246,37.7200,100
45503449380522,12:38:23.449,37.7600,9
45631710711771,12:40:31.710,37.7200,100
45631750675146,12:40:31.750,37.7300,100
45637787788448,12:40:37.787,37.7500,100
45638084133874,12:40:38.084,37.7500,100
45706346433613,12:41:46.346,37.7100,7
45706346433613,12:41:46.346,37.7100,3
45709402659064,12:41:49.402,37.7000,2
45709402659064,12:41:49.402,37.7000,3
45709403737852,12:41:49.403,37.6900,5
45709404415689,12:41:49.404,37.6800,100
45709420118888,12:41:49.420,37.6600,100
45709421255940,12:41:49.421,37.6600,100
45719211846588,12:41:59.211,37.6600,100
45733546101220,12:42:13.546,37.6500,2
45733546101220,12:42:13.546,37.6500,8
45733546101220,12:42:13.546,37.6500,90
45733546132940,12:42:13.546,37.6500,10
45734141576610,12:42:14.141,37.6400,100
45764196111335,12:42:44.196,37.6700,29
45829974647544,12:43:49.974,37.6300,5
45882858823975,12:44:42.858,37.6000,100
46044727959379,12:47:24.727,37.6400,1
46044727959379,12:47:24.727,37.6400,9
46044727959379,12:47:24.727,37.6400,62
46044728015309,12:47:24.728,37.6400,38
46044752367297,12:47:24.752,37.6400,100
46044752426978,12:47:24.752,37.6600,100
46044752426978,12:47:24.752,37.6600,100
46044752426978,12:47:24.752,37.6600,100
46044752426978,12:47:24.752,37.6600,100
46191024571224,12:49:51.024,37.6700,100
46191024571224,12:49:51.024,37.6700,1
46225323313814,12:50:25.323,37.6800,14
46225323339457,12:50:25.323,37.6800,86
46226476072410,12:50:26.476,37.7100,100
46253994799788,12:50:53.994,37.7000,5
46253995775153,12:50:53.995,37.6900,100
46253995775153,12:50:53.995,37.6900,100
46257220655569,12:50:57.220,37.7000,100
46257220691012,12:50:57.220,37.7000,28
46282133724440,12:51:22.133,37.7100,72
46282133724440,12:51:22.133,37.7100,100
46282143943887,12:51:22.143,37.7000,100
46331244782461,12:52:11.244,37.6700,8
46331244806500,12:52:11.244,37.6700,2
46331547985973,12:52:11.547,37.6600,5
46331547985973,12:52:11.547,37.6600,15
46337229068687,12:52:17.229,37.6900,34
46507580196501,12:55:07.580,37.6500,5
46507580196501,12:55:07.580,37.6500,100
46521829309848,12:55:21.829,37.6400,4
46521830415510,12:55:21.830,37.6300,3
46533875657095,12:55:33.875,37.6000,10
46732987741430,12:58:52.987,37.6300,33
46813972280313,13:00:13.972,37.6200,20
46896626568246,13:01:36.626,37.6000,100
46896631816336,13:01:36.631,37.5900,100
46896631816336,13:01:36.631,37.5900,100
46896662953009,13:01:36.662,37.5800,5
46896662953009,13:01:36.662,37.5800,200
46896686264319,13:01:36.686,37.5600,5
46896686264319,13:01:36.686,37.5600,100
46896686264319,13:01:36.686,37.5600,100
46896686264319,13:01:36.686,37.5600,200
46896703302635,13:01:36.703,37.5600,100
46896703302635,13:01:36.703,37.5600,9
46896703302635,13:01:36.703,37.5600,100
46896703302635,13:01:36.703,37.5600,200
46896745310403,13:01:36.745,37.5600,100
46896745310403,13:01:36.745,37.5500,200
46936418340005,13:02:16.418,37.6100,44
47012683039297,13:03:32.683,37.5800,100
47012683039297,13:03:32.683,37.5800,100
47012703139370,13:03:32.703,37.5600,18
47012703139370,13:03:32.703,37.5500,100
47012703139370,13:03:32.703,37.5500,200
47012703139370,13:03:32.703,37.5500,200
47012703139370,13:03:32.703,37.5500,100
47012714749521,13:03:32.714,37.5400,100
47012716826945,13:03:32.716,37.5400,100
47012716826945,13:03:32.716,37.5400,100
47012716826945,13:03:32.716,37.5400,100
47012729673174,13:03:32.729,37.5400,5
47012772482750,13:03:32.772,37.5200,10
47040406443036,13:04:00.406,37.5600,1
47040406443036,13:04:00.406,37.5600,100
47040783237873,13:04:00.783,37.5500,34
47040783264620,13:04:00.783,37.5500,66
47040783422662,13:04:00.783,37.5500,200
47040783428683,13:04:00.783,37.5600,100
47040783505668,13:04:00.783,37.5500,30
47040783507719,13:04:00.783,37.5500,30
47040783701605,13:04:00.783,37.5500,30
47040783746066,13:04:00.783,37.5500,10
47045243018486,13:04:05.243,37.5500,66
47045243018486,13:04:05.243,37.5500,34
47052203184341,13:04:12.203,37.5500,66
47069151978742,13:04:29.151,37.5500,9
47191736748495,13:06:31.736,37.5800,100
47191736748495,13:06:31.736,37.5800,100
47191737134145,13:06:31.737,37.5700,100
47191746295270,13:06:31.746,37.5600,100
47490692799508,13:11:30.692,37.6000,5
47490696990637,13:11:30.696,37.5900,100
47490696990637,13:11:30.696,37.5900,100
47637880801992,13:13:57.880,37.6000,100
47637881977519,13:13:57.881,37.6000,40
47637881977519,13:13:57.881,37.6000,60
47637890330632,13:13:57.890,37.5900,100
47637890330632,13:13:57.890,37.5900,100
47637892296785,13:13:57.892,37.5800,100
47668181844684,13:14:28.181,37.5700,100
47668181874491,13:14:28.181,37.5700,100
47668181874491,13:14:28.181,37.5700,11
47668182038469,13:14:28.182,37.5700,100
47668182038469,13:14:28.182,37.5700,100
47706487090098,13:15:06.487,37.5500,100
47706487090098,13:15:06.487,37.5500,100
47706487090098,13:15:06.487,37.5500,100
47706487090098,13:15:06.487,37.5500,100
47723580095574,13:15:23.580,37.5200,20
47851527394691,13:17:31.527,37.5100,10
47965571919135,13:19:25.571,37.5400,100
47974947094233,13:19:34.947,37.5400,100
47974947094233,13:19:34.947,37.5400,6
47974947094233,13:19:34.947,37.5400,80
48045873038167,13:20:45.873,37.4900,10
48045873038167,13:20:45.873,37.4900,8
48045873038167,13:20:45.873,37.4900,62
48045873964359,13:20:45.873,37.4900,38
48144002104571,13:22:24.002,37.4800,100
48144002104571,13:22:24.002,37.4800,134
48144009887973,13:22:24.009,37.4700,100
48397092931630,13:26:37.092,37.4800,100
48397094153252,13:26:37.094,37.4800,100
48397094153859,13:26:37.094,37.4800,100
48421832062028,13:27:01.832,37.4700,100
48466082326668,13:27:46.082,37.5000,67
48568724628195,13:29:28.724,37.5100,94
48568724672761,13:29:28.724,37.5100,2
48568724677077,13:29:28.724,37.5100,100
48568724905931,13:29:28.724,37.5100,9
48568726343787,13:29:28.726,37.5200,100
48568726343787,13:29:28.726,37.5200,100
48569320425132,13:29:29.320,37.5200,100
48569320425132,13:29:29.320,37.5200,100
48666977840221,13:31:06.977,37.5200,100
48666977870152,13:31:06.977,37.5200,18
48666978179102,13:31:06.978,37.5200,100
48670861717075,13:31:10.861,37.5300,100
48670861845307,13:31:10.861,37.5300,100
48670861869165,13:31:10.861,37.5300,100
48677554461375,13:31:17.554,37.5200,4
48677554461375,13:31:17.554,37.5200,12
48677554928064,13:31:17.554,37.5200,88
48782190820501,13:33:02.190,37.5000,32
48831920760068,13:33:51.920,37.4900,10
48831920760068,13:33:51.920,37.4900,100
48867939185795,13:34:27.939,37.5100,100
48868190334474,13:34:28.190,37.5100,85
48892830013581,13:34:52.830,37.4900,100
48940483079315,13:35:40.483,37.5000,37
49033349412733,13:37:13.349,37.4900,5
49033349445254,13:37:13.349,37.4900,95
49033349445254,13:37:13.349,37.4900,100
49033349445254,13:37:13.349,37.4900,46
49033349768176,13:37:13.349,37.4900,54
49035259161729,13:37:15.259,37.4900,6
49035259161729,13:37:15.259,37.4900,3
49127353405520,13:38:47.353,37.4800,5
49127353405520,13:38:47.353,37.4800,1
49127353701179,13:38:47.353,37.4800,4
49127353701179,13:38:47.353,37.4800,7
49127353701179,13:38:47.353,37.4800,100
49127353701179,13:38:47.353,37.4800,100
49127354651808,13:38:47.354,37.4700,40
49127356853443,13:38:47.356,37.4700,22
49127405018389,13:38:47.405,37.4700,100
49145587809056,13:39:05.587,37.4800,6
49145587809056,13:39:05.587,37.4800,8
49145587836042,13:39:05.587,37.4800,8
49145587836042,13:39:05.587,37.4800,84
49196592585306,13:39:56.592,37.4700,100
49217697999464,13:40:17.697,37.4600,100
49217697999464,13:40:17.697,37.4600,100
49217698089337,13:40:17.698,37.4600,5
49217707599644,13:40:17.707,37.4500,5
49217707599644,13:40:17.707,37.4500,5
49219608979385,13:40:19.608,37.4400,100
49219619981755,13:40:19.619,37.4400,100
49234147657442,13:40:34.147,37.4600,1
49234147657442,13:40:34.147,37.4600,17
49234149080681,13:40:34.149,37.4700,100
49234149080681,13:40:34.149,37.4700,9
49234149080681,13:40:34.149,37.4700,91
49234149108200,13:40:34.149,37.4700,9
49234149108200,13:40:34.149,37.4700,18
49235988781455,13:40:35.988,37.4800,64
49237878132808,13:40:37.878,37.4800,200
49329458927012,13:42:09.458,37.4700,88
49329458955764,13:42:09.458,37.4700,12
49356508482798,13:42:36.508,37.4900,11
49389023589208,13:43:09.023,37.4700,5
49392360017111,13:43:12.360,37.4900,35
49392360017111,13:43:12.360,37.4900,6
49455541804826,13:44:15.541,37.4800,100
49488298524579,13:44:48.298,37.4600,16
49509739040867,13:45:09.739,37.4600,2
49513658424151,13:45:13.658,37.4600,3
49513658449335,13:45:13.658,37.4600,79
49513658449335,13:45:13.658,37.4600,100
49513659032306,13:45:13.659,37.4500,10
49514472025968,13:45:14.472,37.4400,10
49530059979797,13:45:30.059,37.4400,6
49530059979797,13:45:30.059,37.4400,10
49572892635455,13:46:12.892,37.4600,1
49632003317010,13:47:12.003,37.4700,99
49720411366311,13:48:40.411,37.4400,5
49738129337374,13:48:58.129,37.4400,51
49738129392769,13:48:58.129,37.4400,49
49953412366050,13:52:33.412,37.4300,4
49953412391970,13:52:33.412,37.4300,6
49955467582674,13:52:35.467,37.4200,100
49967708188098,13:52:47.708,37.4300,100
49967741303116,13:52:47.741,37.4300,100
49976349119612,13:52:56.349,37.4200,100
49976755959690,13:52:56.755,37.4300,6
49976755959690,13:52:56.755,37.4300,100
50055158024581,13:54:15.158,37.4400,10
50123645777275,13:55:23.645,37.4500,100
50135434272819,13:55:35.434,37.4400,28
50162935757621,13:56:02.935,37.4600,100
50162935800341,13:56:02.935,37.4600,35
50162935934322,13:56:02.935,37.4600,30
50162935976259,13:56:02.935,37.4600,35
50162939093386,13:56:02.939,37.4600,100
50253188804029,13:57:33.188,37.4900,21
50253191347408,13:57:33.191,37.5000,24
50253192883855,13:57:33.192,37.5000,76
50253192883855,13:57:33.192,37.5000,100
50253225988269,13:57:33.225,37.5050,100
50253225988269,13:57:33.225,37.5050,100
50274117562254,13:57:54.117,37.5000,100
50274118081557,13:57:54.118,37.4900,172
50274118081557,13:57:54.118,37.4900,100
50274478982018,13:57:54.478,37.4700,96
50274479007471,13:57:54.479,37.4700,104
50274479007471,13:57:54.479,37.4700,100
50337808201681,13:58:57.808,37.4600,8
50337808201681,13:58:57.808,37.4600,2
50397526226751,13:59:57.526,37.4800,47
50397526235800,13:59:57.526,37.4800,34
50397526245688,13:59:57.526,37.4800,19
50405725518672,14:00:05.725,37.5000,5
50405725518672,14:00:05.725,37.5100,1
50405725518672,14:00:05.725,37.5200,94
50405726159858,14:00:05.726,37.5200,6
50408733633512,14:00:08.733,37.5500,22
50408733902014,14:00:08.733,37.5500,18
50408733968320,14:00:08.733,37.5500,41
50408806426034,14:00:08.806,37.5500,19
50447060333362,14:00:47.060,37.5700,77
50447060341200,14:00:47.060,37.5700,23
50447060341200,14:00:47.060,37.5700,100
50447061541804,14:00:47.061,37.5600,4
50467685273512,14:01:07.685,37.6000,100
50471390297574,14:01:11.390,37.5700,41
50471390366040,14:01:11.390,37.5700,45
50471390754771,14:01:11.390,37.5700,14
50536475813765,14:02:16.475,37.5900,100
50536527004102,14:02:16.527,37.5800,18
50536579699952,14:02:16.579,37.5800,100
50551162316372,14:02:31.162,37.5800,100
50551162545632,14:02:31.162,37.5800,14
50551162751456,14:02:31.162,37.5800,14
50552776582563,14:02:32.776,37.5800,86
50552776582563,14:02:32.776,37.5800,14
50580537681954,14:03:00.537,37.6000,100
50580537681954,14:03:00.537,37.6100,21
50580537696923,14:03:00.537,37.6100,31
50580537698927,14:03:00.537,37.6100,42
50580537699439,14:03:00.537,37.6000,100
50580537933782,14:03:00.537,37.6100,6
50580537933782,14:03:00.537,37.6100,21
50580537933782,14:03:00.537,37.6200,15
50642061259423,14:04:02.061,37.7000,100
50642061486787,14:04:02.061,37.7100,62
50642061492353,14:04:02.061,37.7100,38
50651439458957,14:04:11.439,37.7300,8
50662232538933,14:04:22.232,37.7000,100
50662233307557,14:04:22.233,37.7400,100
50663652046983,14:04:23.652,37.7400,71
50663652154038,14:04:23.652,37.7300,100
50670615616845,14:04:30.615,37.7500,100
50672217585510,14:04:32.217,37.7400,100
50692119629596,14:04:52.119,37.8200,7
50692156830219,14:04:52.156,37.8500,7
50717716473343,14:05:17.716,37.9700,100
50717773261171,14:05:17.773,37.9900,300
50768413659062,14:06:08.413,38.0300,100
50768413683110,14:06:08.413,38.0300,300
50790804886828,14:06:30.804,38.0300,100
50790805290719,14:06:30.805,38.0600,100
50790805290719,14:06:30.805,38.0600,200
50805729575281,14:06:45.729,38.0700,32
50805729575281,14:06:45.729,38.0700,200
50807456426401,14:06:47.456,38.0500,100
50807457770739,14:06:47.457,38.0500,20
50807457770739,14:06:47.457,38.0500,20
50807457770739,14:06:47.457,38.0500,60
50808355749699,14:06:48.355,38.0800,100
50860699520267,14:07:40.699,38.0900,100
50888042101435,14:08:08.042,38.0800,100
50888042101435,14:08:08.042,38.0800,14
50895480569916,14:08:15.480,38.0700,100
50895480699736,14:08:15.480,38.0700,100
50895480796587,14:08:15.480,38.0700,100
50895480843311,14:08:15.480,38.0600,21
50895480859243,14:08:15.480,38.0600,77
50895480871643,14:08:15.480,38.0600,2
50895504612911,14:08:15.504,38.0700,97
50939297681822,14:08:59.297,38.1000,100
50939297942071,14:08:59.297,38.1100,7
50939298029714,14:08:59.298,38.1200,7
50942562161485,14:09:02.562,38.1400,37
50942562161485,14:09:02.562,38.1400,63
50945812800138,14:09:05.812,38.1400,100
50949954276842,14:09:09.954,38.1200,100
50978483352742,14:09:38.483,38.1800,200
50985862720662,14:09:45.862,38.1800,30
50985863397130,14:09:45.863,38.1700,10
50985863446051,14:09:45.863,38.1500,100
50985863446051,14:09:45.863,38.1500,100
50985863446051,14:09:45.863,38.1500,100
50988205763894,14:09:48.205,38.1400,43
51028481384477,14:10:28.481,38.1700,200
51028481384477,14:10:28.481,38.1700,100
51028481384477,14:10:28.481,38.1700,100
51045514275791,14:10:45.514,38.1700,4
51068628046457,14:11:08.628,38.1200,100
51089120545683,14:11:29.120,38.1800,5
51115557229046,14:11:55.557,38.1900,100
51122254677304,14:12:02.254,38.1900,49
51174871807422,14:12:54.871,38.2100,39
51174880519412,14:12:54.880,38.2200,10
51174880519412,14:12:54.880,38.2500,100
51174880519412,14:12:54.880,38.2500,187
51248654214388,14:14:08.654,38.1900,100
51249073189143,14:14:09.073,38.1800,85
51249073254677,14:14:09.073,38.1700,100
51249073254677,14:14:09.073,38.1700,100
51249073254677,14:14:09.073,38.1700,10
51249129325351,14:14:09.129,38.1700,11
51249654905921,14:14:09.654,38.1700,89
51249654905921,14:14:09.654,38.1700,20
51249654905921,14:14:09.654,38.1700,100
51291280582709,14:14:51.280,38.2300,10
51300180631920,14:15:00.180,38.1900,100
51300204425854,14:15:00.204,38.1900,100
51300713105256,14:15:00.713,38.1600,100
51300713105256,14:15:00.713,38.1600,100
51300713105256,14:15:00.713,38.1600,100
51300713237379,14:15:00.713,38.1600,100
51300713360098,14:15:00.713,38.1600,10
51300713410786,14:15:00.713,38.1600,90
51382564862665,14:16:22.564,38.1400,1
51382564862665,14:16:22.564,38.1400,33
51511720141831,14:18:31.720,38.1600,21
51511720759346,14:18:31.720,38.1600,100
51511720842282,14:18:31.720,38.1500,100
51511971425964,14:18:31.971,38.1500,100
51511972571616,14:18:31.972,38.1500,4
51511972597149,14:18:31.972,38.1500,100
51545754032685,14:19:05.754,38.1700,38
51618337221436,14:20:18.337,38.2100,2
51618341240316,14:20:18.341,38.1900,100
51635685637490,14:20:35.685,38.1700,100
51635685637490,14:20:35.685,38.1700,100
51635687467596,14:20:35.687,38.1700,100
51635722422230,14:20:35.722,38.1600,100
51635722478077,14:20:35.722,38.1500,100
51635801866671,14:20:35.801,38.1500,40
51654192612736,14:20:54.192,38.1900,29
51654193386300,14:20:54.193,38.1900,29
51654193804605,14:20:54.193,38.1900,29
51654194295613,14:20:54.194,38.1900,29
51654194318900,14:20:54.194,38.1900,11
51654726081053,14:20:54.726,38.2100,19
51654726111020,14:20:54.726,38.2100,81
51654726111020,14:20:54.726,38.2100,100
51665404342275,14:21:05.404,38.1800,100
51730297915429,14:22:10.297,38.2500,100
51730297939923,14:22:10.297,38.2500,7
51730298145846,14:22:10.298,38.2500,7
51730298147583,14:22:10.298,38.2500,7
51730399888175,14:22:10.399,38.2500,86
51730399888175,14:22:10.399,38.2500,14
51731518345604,14:22:11.518,38.2500,100
51731518575874,14:22:11.518,38.2500,4
51750869530377,14:22:30.869,38.2100,56
51750869611155,14:22:30.869,38.2100,44
51750869685185,14:22:30.869,38.2200,100
51750869709709,14:22:30.869,38.2200,36
51754568197404,14:22:34.568,38.2500,100
51754568197404,14:22:34.568,38.2500,3
51754568197404,14:22:34.568,38.2500,100
51754568197404,14:22:34.568,38.2500,200
51754568230841,14:22:34.568,38.2500,63
51754868725975,14:22:34.868,38.2500,37
51769813752526,14:22:49.813,38.2500,100
51803683578621,14:23:23.683,38.2800,100
51803807592494,14:23:23.807,38.2900,9
51820937034515,14:23:40.937,38.3100,24
51834128629862,14:23:54.128,38.3100,100
51927054443650,14:25:27.054,38.3100,100
51931867798244,14:25:31.867,38.2800,100
51931867929660,14:25:31.867,38.2800,100
51959572641168,14:25:59.572,38.2600,100
51971864202779,14:26:11.864,38.2300,100
52048609482980,14:27:28.609,38.2100,8
52062495798120,14:27:42.495,38.2100,12
52177705178804,14:29:37.705,38.2000,20
52177705178804,14:29:37.705,38.1600,1
52309404753727,14:31:49.404,38.2400,8
52309405436931,14:31:49.405,38.2300,100
52309405436931,14:31:49.405,38.2300,100
52310029979411,14:31:50.029,38.2300,50
52310029979411,14:31:50.029,38.2300,95
52310029979411,14:31:50.029,38.2300,100
52311893255035,14:31:51.893,38.2000,100
52430024792202,14:33:50.024,38.2400,100
52496879770873,14:34:56.879,38.2800,5
52545326717780,14:35:45.326,38.2500,8
52572339621580,14:36:12.339,38.2200,20
52592679341538,14:36:32.679,38.1900,17
52637373833392,14:37:17.373,38.2100,100
52642532659868,14:37:22.532,38.2200,17
52667787967017,14:37:47.787,38.2400,100
52686007930018,14:38:06.007,38.2500,20
52719541172252,14:38:39.541,38.2700,20
52719541411761,14:38:39.541,38.2800,20
52727608503230,14:38:47.608,38.2900,20
52802326905435,14:40:02.326,38.2600,20
52893132258764,14:41:33.132,38.2100,8
53016393985399,14:43:36.393,38.2000,100
53016393985399,14:43:36.393,38.2000,10
53175326850103,14:46:15.326,38.2200,100
53175362207173,14:46:15.362,38.2500,100
53182450658342,14:46:22.450,38.2300,100
53216218821013,14:46:56.218,38.2600,100
53216218821013,14:46:56.218,38.2600,11
53216220540973,14:46:56.220,38.2700,100
53216220540973,14:46:56.220,38.2700,100
53421744428055,14:50:21.744,38.2200,8
53464228305515,14:51:04.228,38.2000,8
53464228305515,14:51:04.228,38.2000,100
53495712313768,14:51:35.712,38.1500,9
53511137599691,14:51:51.137,38.1700,11
53524268802937,14:52:04.268,38.1900,100
53524268802937,14:52:04.268,38.1900,100
53524268802937,14:52:04.268,38.2100,8
53525183800072,14:52:05.183,38.2100,92
53525183800072,14:52:05.183,38.2100,100
53525183800072,14:52:05.183,38.2100,8
53530690807885,14:52:10.690,38.2100,200
53554001534199,14:52:34.001,38.2400,100
53555369267007,14:52:35.369,38.2300,100
53555488225687,14:52:35.488,38.2500,100
53556133049402,14:52:36.133,38.2500,4
53583904298365,14:53:03.904,38.2400,100
53583904298365,14:53:03.904,38.2400,100
53596846828542,14:53:16.846,38.2600,3
53596846828542,14:53:16.846,38.2600,25
53597452290156,14:53:17.452,38.2750,100
53769119951363,14:56:09.119,38.2900,100
53769119951363,14:56:09.119,38.2900,100
53784120441857,14:56:24.120,38.2800,40
53784120511487,14:56:24.120,38.2800,60
53784120511487,14:56:24.120,38.2800,100
53804651149547,14:56:44.651,38.3000,100
53949487917779,14:59:09.487,38.3500,10
54076126225027,15:01:16.126,38.3100,129
54093453697414,15:01:33.453,38.3000,100
54123161636692,15:02:03.161,38.3000,12
54123161636692,15:02:03.161,38.3000,55
54123175641276,15:02:03.175,38.3000,45
54123175641276,15:02:03.175,38.3000,55
54138808873991,15:02:18.808,38.3000,45
54138809758360,15:02:18.809,38.3000,100
54138809784026,15:02:18.809,38.3000,300
54145611121794,15:02:25.611,38.2900,100
54148849915197,15:02:28.849,38.2900,16
54153250553056,15:02:33.250,38.2900,84
54153250553056,15:02:33.250,38.2900,16
54154403033231,15:02:34.403,38.2900,4
54160352745288,15:02:40.352,38.2900,80
54200672884548,15:03:20.672,38.2600,100
54266887474596,15:04:26.887,38.2100,8
54301369490429,15:05:01.369,38.2100,9
54301369490429,15:05:01.369,38.2100,41
54301380177759,15:05:01.380,38.2200,100
54301380177759,15:05:01.380,38.2200,100
54301380177759,15:05:01.380,38.2200,100
54301380177759,15:05:01.380,38.2200,11
54301380322524,15:05:01.380,38.2300,13
54310429428472,15:05:10.429,38.2100,3
54346657750458,15:05:46.657,38.1900,100
54449866547716,15:07:29.866,38.1900,100
54462230814351,15:07:42.230,38.1700,83
54488154117520,15:08:08.154,38.2000,19
54488154117520,15:08:08.154,38.2000,2
54488154117520,15:08:08.154,38.2000,100
54603021455155,15:10:03.021,38.1600,20
54711257990235,15:11:51.257,38.0600,60
54740157350203,15:12:20.157,38.0900,33
54741191108046,15:12:21.191,38.0700,84
54743292542090,15:12:23.292,38.1100,54
54885133556258,15:14:45.133,38.1200,10
54890965007206,15:14:50.965,38.1300,400
54890965376975,15:14:50.965,38.1200,100
54890965376975,15:14:50.965,38.1200,100
54891039377551,15:14:51.039,38.1200,20
54896706429731,15:14:56.706,38.1100,100
54922993139230,15:15:22.993,38.1400,20
54922993163954,15:15:22.993,38.1400,49
54928499184787,15:15:28.499,38.1500,5
54947290235103,15:15:47.290,38.1600,100
54947290279780,15:15:47.290,38.1600,10
54953891616701,15:15:53.891,38.1700,11
54990423204971,15:16:30.423,38.1600,79
54997901655341,15:16:37.901,38.1400,20
54997901912719,15:16:37.901,38.1400,80
54997901912719,15:16:37.901,38.1400,100
54999935650798,15:16:39.935,38.1300,200
55043993800851,15:17:23.993,38.1100,100
55047486923973,15:17:27.486,38.1100,40
55057169447808,15:17:37.169,38.0900,73
55057169472964,15:17:37.169,38.0900,73
55057169605491,15:17:37.169,38.0900,54
55102150305103,15:18:22.150,38.0700,20
55102150329832,15:18:22.150,38.0700,80
55116400465355,15:18:36.400,38.0600,100
55116400875429,15:18:36.400,38.0600,29
55128732026443,15:18:48.732,38.0600,100
55173055310407,15:19:33.055,38.0800,100
55173055310407,15:19:33.055,38.0800,100
55173055310407,15:19:33.055,38.0800,100
55173055364748,15:19:33.055,38.0800,100
55173055364748,15:19:33.055,38.0800,100
55173055578236,15:19:33.055,38.0800,100
55175634865820,15:19:35.634,38.0800,100
55183108013200,15:19:43.108,38.0850,100
55200500708327,15:20:00.500,38.0900,50
55208148174331,15:20:08.148,38.1200,33
55247150940121,15:20:47.150,38.1300,100
55247150940121,15:20:47.150,38.1300,100
55247453153361,15:20:47.453,38.1300,2
55247453153361,15:20:47.453,38.1300,26
55297818638881,15:21:37.818,38.1100,100
55300307137976,15:21:40.307,38.1100,100
55300324227109,15:21:40.324,38.1100,50
55302003334626,15:21:42.003,38.1100,48
55324946746322,15:22:04.946,38.0900,100
55375536382961,15:22:55.536,38.0600,100
55375550719001,15:22:55.550,38.0700,100
55375650843620,15:22:55.650,38.0700,100
55385711231855,15:23:05.711,38.0500,100
55412061846041,15:23:32.061,38.0200,100
55460449279664,15:24:20.449,38.0300,16
55460449611513,15:24:20.449,38.0300,16
55460449980232,15:24:20.449,38.0300,16
55460450342690,15:24:20.450,38.0300,16
55460450943054,15:24:20.450,38.0300,16
55460454276358,15:24:20.454,38.0300,16
55460454340151,15:24:20.454,38.0300,4
55460454340151,15:24:20.454,38.0300,16
55525312713353,15:25:25.312,38.0100,100
55532834689796,15:25:32.834,38.0000,100
55532834689796,15:25:32.834,38.0000,24
55535430206375,15:25:35.430,38.0000,8
55547352526958,15:25:47.352,38.0000,100
55547365642197,15:25:47.365,38.0000,20
55580035255731,15:26:20.035,38.0300,3
55580038797851,15:26:20.038,38.0400,1
55621481237081,15:27:01.481,38.0200,59
55621481304396,15:27:01.481,38.0200,3
55621481338649,15:27:01.481,38.0200,38
55621481338649,15:27:01.481,38.0200,18
55621656408985,15:27:01.656,38.0200,3
55642390679991,15:27:22.390,38.0200,100
55673415948867,15:27:53.415,38.0400,100
55673415948867,15:27:53.415,38.0400,100
55676958878816,15:27:56.958,38.0500,61
55676958946978,15:27:56.958,38.0500,39
55676958946978,15:27:56.958,38.0500,100
55678528936021,15:27:58.528,38.0500,100
55678528936021,15:27:58.528,38.0600,100
55678528943452,15:27:58.528,38.0600,100
55678528943452,15:27:58.528,38.0600,100
55679644535924,15:27:59.644,38.0700,100
55679644561196,15:27:59.644,38.0700,1
55682739030466,15:28:02.739,38.0700,100
55683645803078,15:28:03.645,38.0800,62
55683665294188,15:28:03.665,38.0800,38
55692078379407,15:28:12.078,38.0700,100
55692078379407,15:28:12.078,38.0700,100
55700763862727,15:28:20.763,38.0900,48
55700763889170,15:28:20.763,38.0900,52
55746907383296,15:29:06.907,38.0900,40
55749571989836,15:29:09.571,38.0800,31
55750509124899,15:29:10.509,38.0800,100
55759765939863,15:29:19.765,38.0700,100
55759765984668,15:29:19.765,38.0700,18
55759766010718,15:29:19.766,38.0700,82
55759766010718,15:29:19.766,38.0700,20
55800217569477,15:30:00.217,38.0600,100
55800217569477,15:30:00.217,38.0600,100
55800859470681,15:30:00.859,38.0500,100
55800859470681,15:30:00.859,38.0500,42
55800859495695,15:30:00.859,38.0500,58
55800885113046,15:30:00.885,38.0400,100
55800885113046,15:30:00.885,38.0400,6
55800885113046,15:30:00.885,38.0400,8
55800885113046,15:30:00.885,38.0400,2
55800998321692,15:30:00.998,38.0500,100
55801250860031,15:30:01.250,38.0500,50
55804465597009,15:30:04.465,38.0300,10
55804465597009,15:30:04.465,38.0300,100
55812697972518,15:30:12.697,38.0300,49
55812721007222,15:30:12.721,38.0200,18
55826136481384,15:30:26.136,38.0100,100
55827431735166,15:30:27.431,38.0100,14
55828551010791,15:30:28.551,38.0200,19
55828551010791,15:30:28.551,38.0200,7
55828551010791,15:30:28.551,38.0200,200
55828551633311,15:30:28.551,38.0200,1
55831232095320,15:30:31.232,38.0300,100
55833015804577,15:30:33.015,38.0400,7
55833015804577,15:30:33.015,38.0400,100
55833016534161,15:30:33.016,38.0400,1
55837646371258,15:30:37.646,38.0500,2
55840603633279,15:30:40.603,38.0400,1
55840855028069,15:30:40.855,38.0400,91
55841765195327,15:30:41.765,38.0500,2
55850319018747,15:30:50.319,38.0350,200
55872891361507,15:31:12.891,38.0500,3
55916543064703,15:31:56.543,38.0700,73
55947268256053,15:32:27.268,38.0600,12
55968219458761,15:32:48.219,38.0600,88
55983560820243,15:33:03.560,38.0600,8
55983560820243,15:33:03.560,38.0600,100
55985644032902,15:33:05.644,38.0600,163
55985644323886,15:33:05.644,38.0600,29
55985644323886,15:33:05.644,38.0600,24
56018240511067,15:33:38.240,38.0500,100
56018241134984,15:33:38.241,38.0500,4
56029384939471,15:33:49.384,38.0500,96
56049117937172,15:34:09.117,38.0400,100
56049117963863,15:34:09.117,38.0400,100
56049117963863,15:34:09.117,38.0400,100
56049117963863,15:34:09.117,38.0400,100
56049118029091,15:34:09.118,38.0400,48
56049118045624,15:34:09.118,38.0400,52
56049118358899,15:34:09.118,38.0400,40
56049118446496,15:34:09.118,38.0400,100
56057930738173,15:34:17.930,38.0300,100
56057930738173,15:34:17.930,38.0300,100
56062343379249,15:34:22.343,38.0100,100
56062368257417,15:34:22.368,38.0100,20
56062368282561,15:34:22.368,38.0100,80
56062368282561,15:34:22.368,38.0100,100
56069063141281,15:34:29.063,38.0200,47
56069063268346,15:34:29.063,38.0200,1
56069063268346,15:34:29.063,38.0300,46
56069063294073,15:34:29.063,38.0300,54
56069063294073,15:34:29.063,38.0300,100
56069063926000,15:34:29.063,38.0300,9
56071472209370,15:34:31.472,38.0300,100
56071472209370,15:34:31.472,38.0300,16
56078644539905,15:34:38.644,38.0400,17
56078644539905,15:34:38.644,38.0400,18
56086840327120,15:34:46.840,38.0400,100
56086840327120,15:34:46.840,38.0400,56
56086840332534,15:34:46.840,38.0400,44
56100995145516,15:35:00.995,38.0200,29
56109682056039,15:35:09.682,38.0200,8
56124348349799,15:35:24.348,38.0400,100
56124348960335,15:35:24.348,38.0400,11
56126645201900,15:35:26.645,38.0400,100
56126925573970,15:35:26.925,38.0500,100
56134050181844,15:35:34.050,38.0600,100
56134050805146,15:35:34.050,38.0600,11
56143939348350,15:35:43.939,38.0500,44
56173536349079,15:36:13.536,38.0500,156
56173536349079,15:36:13.536,38.0500,40
56173536376055,15:36:13.536,38.0500,160
56173536376055,15:36:13.536,38.0500,100
56173536376055,15:36:13.536,38.0500,100
56199411475143,15:36:39.411,38.0300,5
56199629094210,15:36:39.629,38.0400,22
56199629969595,15:36:39.629,38.0400,14
56210673989100,15:36:50.673,38.0500,44
56250509554033,15:37:30.509,38.0300,5
56257326677335,15:37:37.326,38.0400,200
56288135016228,15:38:08.135,38.0400,6
56288135016228,15:38:08.135,38.0400,200
56300984189314,15:38:20.984,38.0300,100
56300984189314,15:38:20.984,38.0300,100
56300984189314,15:38:20.984,38.0300,100
56323485192255,15:38:43.485,38.0400,13
56323485192255,15:38:43.485,38.0500,7
56323523694152,15:38:43.523,38.0500,50
56323524477506,15:38:43.524,38.0500,43
56343644257102,15:39:03.644,38.0600,11
56343644257102,15:39:03.644,38.0600,89
56383528480963,15:39:43.528,38.0400,100
56383528480963,15:39:43.528,38.0400,100
56383528480963,15:39:43.528,38.0400,51
56383528593720,15:39:43.528,38.0400,49
56392001326535,15:39:52.001,38.0300,5
56400860597885,15:40:00.860,38.0300,1
56400860597885,15:40:00.860,38.0300,5
56404499121148,15:40:04.499,38.0300,95
56404499121148,15:40:04.499,38.0300,100
56404499121148,15:40:04.499,38.0300,100
56412034297863,15:40:12.034,38.0300,10
56412034297863,15:40:12.034,38.0300,90
56412034324287,15:40:12.034,38.0300,10
56412034328898,15:40:12.034,38.0300,10
56412034342932,15:40:12.034,38.0300,10
56412034450732,15:40:12.034,38.0300,80
56426614730075,15:40:26.614,38.0300,100
56426614730075,15:40:26.614,38.0300,100
56426727183707,15:40:26.727,38.0200,200
56427721938902,15:40:27.721,38.0100,3
56427721938902,15:40:27.721,38.0100,97
56427721970258,15:40:27.721,38.0100,103
56427732874681,15:40:27.732,38.0100,6
56431143241417,15:40:31.143,38.0100,5
56431143241417,15:40:31.143,38.0100,94
56439124066472,15:40:39.124,38.0100,100
56439124676464,15:40:39.124,38.0100,8
56442645509360,15:40:42.645,38.0100,5
56442645548704,15:40:42.645,38.0200,1
56442899143033,15:40:42.899,38.0200,84
56454475724042,15:40:54.475,38.0200,100
56454476216073,15:40:54.476,38.0200,19
56454476592209,15:40:54.476,38.0200,81
56480467329226,15:41:20.467,38.0000,20
56480467329226,15:41:20.467,38.0000,100
56480467329226,15:41:20.467,38.0000,80
56480472048317,15:41:20.472,38.0000,20
56480472048317,15:41:20.472,38.0000,98
56480474667950,15:41:20.474,38.0000,2
56480859942912,15:41:20.859,37.9900,2
56486992649339,15:41:26.992,37.9800,10
56493666999444,15:41:33.666,37.9800,90
56498843674178,15:41:38.843,37.9700,100
56504978630257,15:41:44.978,37.9400,100
56504982738371,15:41:44.982,37.9400,100
56504983363431,15:41:44.983,37.9400,17
56507379289460,15:41:47.379,37.9500,5
56510152081163,15:41:50.152,37.9500,95
56510152081163,15:41:50.152,37.9500,5
56510152110622,15:41:50.152,37.9500,16
56510152314448,15:41:50.152,37.9500,49
56510152319631,15:41:50.152,37.9500,30
56510449878405,15:41:50.449,37.9600,100
56510449878405,15:41:50.449,37.9600,100
56510450219697,15:41:50.450,37.9600,3
56510450249630,15:41:50.450,37.9700,97
56514644319309,15:41:54.644,37.9600,7
56547497764763,15:42:27.497,37.9500,100
56547497764763,15:42:27.497,37.9500,100
56557366472206,15:42:37.366,37.9400,6
56560862135836,15:42:40.862,37.9400,2
56580109640292,15:43:00.109,37.9500,47
56580110198231,15:43:00.110,37.9500,49
56580112059088,15:43:00.112,37.9500,4
56580112059088,15:43:00.112,37.9500,6
56600861237827,15:43:20.861,37.9600,1
56602603038721,15:43:22.603,37.9600,74
56602603050321,15:43:22.603,37.9600,14
56640364133931,15:44:00.364,37.9900,2
56640877582252,15:44:00.877,38.0000,200
56640877582252,15:44:00.877,38.0000,100
56640877582252,15:44:00.877,38.0000,100
56640877968520,15:44:00.877,38.0000,2
56640879774169,15:44:00.879,38.0000,100
56663058279272,15:44:23.058,38.0100,50
56663058564488,15:44:23.058,38.0100,100
56663160480770,15:44:23.160,38.0100,100
56670291675995,15:44:30.291,38.0000,100
56670291707704,15:44:30.291,38.0000,100
56670291978553,15:44:30.291,38.0000,49
56670292251954,15:44:30.292,38.0000,51
56700159318564,15:45:00.159,38.0100,100
56700292897235,15:45:00.292,38.0000,100
56700292897235,15:45:00.292,38.0000,100
56700292897235,15:45:00.292,37.9900,100
56700292906480,15:45:00.292,37.9900,100
56700292906480,15:45:00.292,37.9900,200
56700292906480,15:45:00.292,37.9800,200
56700301656867,15:45:00.301,37.9900,100
56702213504414,15:45:02.213,38.0000,100
56702213979703,15:45:02.213,38.0000,100
56702213979703,15:45:02.213,38.0000,131
56710311018876,15:45:10.311,38.0100,100
56717611581524,15:45:17.611,38.0100,49
56717611592114,15:45:17.611,38.0100,2
56717611600293,15:45:17.611,38.0100,49
56717611600293,15:45:17.611,38.0100,2
56717611601197,15:45:17.611,38.0100,48
56717611611136,15:45:17.611,38.0100,51
56717611613134,15:45:17.611,38.0100,51
56734160782506,15:45:34.160,38.0150,100
56736958183548,15:45:36.958,38.0200,84
56736958214755,15:45:36.958,38.0200,16
56736958214755,15:45:36.958,38.0200,75
56736958214755,15:45:36.958,38.0200,100
56736961179585,15:45:36.961,38.0200,1
56742009723924,15:45:42.009,38.0300,100
56750643895672,15:45:50.643,38.0400,26
56761393779395,15:46:01.393,38.0400,34
56761393856208,15:46:01.393,38.0400,34
56801830959167,15:46:41.830,38.0400,32
56801830959167,15:46:41.830,38.0400,62
56808027181977,15:46:48.027,38.0500,100
56808027181977,15:46:48.027,38.0500,100
56808027462984,15:46:48.027,38.0500,100
56817138876618,15:46:57.138,38.0600,100
56818452280954,15:46:58.452,38.0700,10
56826643872410,15:47:06.643,38.0800,11
56828962446039,15:47:08.962,38.0800,390
56832776736417,15:47:12.776,38.0800,100
56832776745686,15:47:12.776,38.0800,10
56832777417884,15:47:12.777,38.0700,15
56834740417715,15:47:14.740,38.0700,14
56854247407014,15:47:34.247,38.0700,71
56859289782418,15:47:39.289,38.0700,15
56917909174663,15:48:37.909,38.0700,100
56917909174663,15:48:37.909,38.0700,100
56917909174663,15:48:37.909,38.0700,100
56939124716528,15:48:59.124,38.0700,189
56939124888092,15:48:59.124,38.0700,11
56939124888092,15:48:59.124,38.0700,78
56939124888092,15:48:59.124,38.0700,30
56939124888092,15:48:59.124,38.0700,10
56939125184871,15:48:59.125,38.0700,100
56964158917271,15:49:24.158,38.0800,1
56964158917271,15:49:24.158,38.0800,39
56967961106872,15:49:27.961,38.0900,30
56968202649837,15:49:28.202,38.0900,70
56979496431525,15:49:39.496,38.0900,200
56979496431525,15:49:39.496,38.0900,100
56979496474228,15:49:39.496,38.0900,100
56979497339141,15:49:39.497,38.0900,100
56986122309427,15:49:46.122,38.0900,100
56993932583322,15:49:53.932,38.0900,100
57001631349097,15:50:01.631,38.0800,90
57010563310043,15:50:10.563,38.0700,96
57010610050585,15:50:10.610,38.0700,100
57013323321835,15:50:13.323,38.0600,100
57013327597275,15:50:13.327,38.0600,100
57013327597275,15:50:13.327,38.0600,100
57028196453258,15:50:28.196,38.0600,100
57028198303125,15:50:28.198,38.0500,51
57028198318184,15:50:28.198,38.0500,49
57066125258318,15:51:06.125,38.0400,100
57066125258318,15:51:06.125,38.0400,100
57068312522569,15:51:08.312,38.0400,5
57068314848008,15:51:08.314,38.0400,3
57068315249704,15:51:08.315,38.0400,2
57068315792724,15:51:08.315,38.0400,2
57068315965652,15:51:08.315,38.0400,2
57068317021624,15:51:08.317,38.0400,1
57068317468215,15:51:08.317,38.0400,1
57068317584505,15:51:08.317,38.0400,1
57068325007763,15:51:08.325,38.0400,13
57068325007763,15:51:08.325,38.0400,15
57068325367919,15:51:08.325,38.0400,28
57068330372256,15:51:08.330,38.0400,7
57068332819816,15:51:08.332,38.0400,37
57070017466330,15:51:10.017,38.0300,1
57070017466330,15:51:10.017,38.0300,9
57070017466330,15:51:10.017,38.0300,100
57070017466330,15:51:10.017,38.0300,90
57114479696809,15:51:54.479,38.0200,1
57114479696809,15:51:54.479,38.0200,1
57114479696809,15:51:54.479,38.0200,47
57114479723202,15:51:54.479,38.0200,53
57114479723202,15:51:54.479,38.0200,47
57114479779858,15:51:54.479,38.0200,53
57114479779858,15:51:54.479,38.0200,96
57114479830021,15:51:54.479,38.0200,4
57135539307355,15:52:15.539,38.0000,10
57135539307355,15:52:15.539,38.0000,90
57135539546981,15:52:15.539,38.0000,10
57135541702620,15:52:15.541,38.0000,61
57136036881788,15:52:16.036,38.0000,61
57147477556546,15:52:27.477,37.9900,100
57147477641640,15:52:27.477,37.9900,100
57149551713508,15:52:29.551,37.9800,10
57149693321197,15:52:29.693,37.9800,100
57170291451326,15:52:50.291,37.9600,98
57177097963101,15:52:57.097,37.9600,100
57177097963101,15:52:57.097,37.9600,100
57177097963101,15:52:57.097,37.9600,100
57177097963101,15:52:57.097,37.9600,100
57177097963101,15:52:57.097,37.9600,11
57186214443069,15:53:06.214,37.9650,100
57194277691430,15:53:14.277,37.9650,100
57203965577083,15:53:23.965,37.9600,100
57220005515041,15:53:40.005,37.9600,75
57220005515041,15:53:40.005,37.9600,25
57220005891052,15:53:40.005,37.9600,100
57220006272772,15:53:40.006,37.9600,75
57220006272772,15:53:40.006,37.9600,25
57220006769927,15:53:40.006,37.9600,75
57220006806998,15:53:40.006,37.9600,25
57220006839564,15:53:40.006,37.9600,50
57220167950006,15:53:40.167,37.9600,99
57221712247651,15:53:41.712,37.9600,100
57247496829975,15:54:07.496,37.9600,59
57247496855124,15:54:07.496,37.9600,41
57247496855124,15:54:07.496,37.9600,7
57247496863914,15:54:07.496,37.9600,49
57247496892563,15:54:07.496,37.9600,4
57252587288684,15:54:12.587,37.9600,100
57260441638721,15:54:20.441,37.9600,10
57267256987529,15:54:27.256,37.9700,1
57270718957598,15:54:30.718,37.9700,49
57270719064908,15:54:30.719,37.9700,45
57270719445932,15:54:30.719,37.9700,6
57270732269294,15:54:30.732,37.9700,57
57270738778458,15:54:30.738,37.9700,57
57273838414638,15:54:33.838,37.9800,100
57273838414638,15:54:33.838,37.9800,49
57273838470739,15:54:33.838,37.9800,51
57285037604880,15:54:45.037,37.9700,100
57285037604880,15:54:45.037,37.9700,100
57285037604880,15:54:45.037,37.9700,100
57290407457518,15:54:50.407,37.9600,100
57290408175797,15:54:50.408,37.9600,100
57300027288312,15:55:00.027,37.9600,100
57300027288312,15:55:00.027,37.9600,39
57300027288312,15:55:00.027,37.9600,10
57300027345181,15:55:00.027,37.9600,90
57300027345181,15:55:00.027,37.9600,10
57300027345181,15:55:00.027,37.9600,49
57300027489638,15:55:00.027,37.9600,49
57300027801358,15:55:00.027,37.9600,2
57300029299944,15:55:00.029,37.9600,49
57300035424324,15:55:00.035,37.9600,51
57300128012678,15:55:00.128,37.9900,100
57301255865548,15:55:01.255,38.0100,100
57307681145229,15:55:07.681,37.9900,70
57307683089706,15:55:07.683,37.9900,30
57308008734302,15:55:08.008,37.9900,45
57310122290904,15:55:10.122,38.0000,100
57310142861398,15:55:10.142,38.0100,100
57352270228640,15:55:52.270,38.0200,19
57352270228640,15:55:52.270,38.0200,81
57352270269625,15:55:52.270,38.0200,19
57355362172007,15:55:55.362,38.0400,20
57359017121244,15:55:59.017,38.0300,100
57359017149476,15:55:59.017,38.0300,100
57363685172011,15:56:03.685,38.0300,100
57397582867389,15:56:37.582,38.0300,7
57397582867389,15:56:37.582,38.0300,100
57410178657353,15:56:50.178,38.0300,27
57410178657353,15:56:50.178,38.0300,73
57411771416297,15:56:51.771,38.0400,61
57411771565756,15:56:51.771,38.0400,39
57411831597693,15:56:51.831,38.0400,100
57412257611772,15:56:52.257,38.0400,100
57468792995894,15:57:48.792,38.0500,6
57495152803547,15:58:15.152,38.0400,100
57495152803547,15:58:15.152,38.0400,100
57495152803547,15:58:15.152,38.0400,100
57495152884779,15:58:15.152,38.0400,13
57495152884779,15:58:15.152,38.0400,6
57495152884779,15:58:15.152,38.0400,81
57495152987779,15:58:15.152,38.0400,19
57495152987779,15:58:15.152,38.0400,81
57495152990586,15:58:15.152,38.0400,100
57495154102997,15:58:15.154,38.0400,100
57504098411325,15:58:24.098,38.0500,100
57507322535751,15:58:27.322,38.0500,51
57507322535751,15:58:27.322,38.0500,4
57509143353555,15:58:29.143,38.0500,35
57526338124188,15:58:46.338,38.0600,100
57526633541643,15:58:46.633,38.0700,112
57526635914703,15:58:46.635,38.0700,100
57529244655926,15:58:49.244,38.0600,100
57548858605408,15:59:08.858,38.0800,100
57548858605408,15:59:08.858,38.0800,200
57548858826874,15:59:08.858,38.0800,100
57550138779552,15:59:10.138,38.1000,200
57550138779552,15:59:10.138,38.1100,200
57550138779552,15:59:10.138,38.1100,100
57550138779552,15:59:10.138,38.1200,100
57550138779552,15:59:10.138,38.1200,200
57552215540002,15:59:12.215,38.1200,100
57555136567141,15:59:15.136,38.1300,400
57555136567141,15:59:15.136,38.1300,122
57560128920507,15:59:20.128,38.1400,100
57573559007064,15:59:33.559,38.1450,100
57600341672697,16:00:00.341,0.0000,0
