timestamp,time,price,volume
34200120486421,09:30:00.120,0.0000,0
34413052759286,09:33:33.052,16.1600,90
34413052759286,09:33:33.052,16.1500,10
34616556751799,09:36:56.556,16.2000,90
34616556751799,09:36:56.556,16.1900,10
34616557148483,09:36:56.557,16.1900,90
34616557148483,09:36:56.557,16.1900,10
34731443429325,09:38:51.443,16.0900,100
34873554843065,09:41:13.554,16.0800,23
34899803969495,09:41:39.803,16.0700,100
34899810649371,09:41:39.810,16.0100,40
35003155537541,09:43:23.155,16.0700,4
35021237104119,09:43:41.237,16.0100,16
35279196358576,09:47:59.196,16.0000,3
35324302517291,09:48:44.302,15.9300,20
35365062412808,09:49:25.062,15.9000,100
35365062495364,09:49:25.062,15.8900,20
35366983369060,09:49:26.983,15.8700,100
35366983369060,09:49:26.983,15.8700,14
35583591467927,09:53:03.591,15.9900,4
35858566100320,09:57:38.566,15.9700,100
35858567511236,09:57:38.567,15.9800,100
35858568219894,09:57:38.568,15.9800,19
35858568219894,09:57:38.568,15.9800,8
35860120326891,09:57:40.120,15.9800,100
35860120381175,09:57:40.120,15.9800,28
35910070662293,09:58:30.070,15.9600,200
35910073123199,09:58:30.073,15.9500,2
36196603548187,10:03:16.603,15.8700,60
36329118793935,10:05:29.118,15.8000,100
36329119339947,10:05:29.119,15.8000,100
36339906217587,10:05:39.906,15.8100,100
36442086176151,10:07:22.086,15.8200,70
36456076641366,10:07:36.076,15.8100,1
36467276457775,10:07:47.276,15.7600,100
36474035747261,10:07:54.035,15.7500,200
36527409158354,10:08:47.409,15.7500,100
36527409299981,10:08:47.409,15.7500,200
36533464116160,10:08:53.464,15.7600,100
36591811684593,10:09:51.811,15.8200,100
36660959283694,10:11:00.959,15.8400,100
36726678057320,10:12:06.678,15.8500,300
36726678105999,10:12:06.678,15.8500,15
36726679115022,10:12:06.679,15.8600,100
36727535704802,10:12:07.535,15.8700,100
36735877740155,10:12:15.877,15.8800,100
36789991246995,10:13:09.991,15.9100,4
36883465818257,10:14:43.465,15.8700,100
36883466329489,10:14:43.466,15.8500,100
36883523031553,10:14:43.523,15.8700,100
36916339669121,10:15:16.339,15.8800,200
36916339669121,10:15:16.339,15.8800,100
36916339958619,10:15:16.339,15.8800,100
36916340390814,10:15:16.340,15.8800,76
36916340433499,10:15:16.340,15.8800,24
36916340433499,10:15:16.340,15.8800,45
36922849614482,10:15:22.849,15.8700,100
37176697291363,10:19:36.697,15.7400,100
37176697442246,10:19:36.697,15.7400,100
37177965778355,10:19:37.965,15.7300,4
37220205570414,10:20:20.205,15.7500,100
37264404081535,10:21:04.404,15.8300,100
37264404328073,10:21:04.404,15.8200,42
37264406095755,10:21:04.406,15.8100,2
37264406295367,10:21:04.406,15.8100,98
37264406734194,10:21:04.406,15.8000,2
37278286995220,10:21:18.286,15.8200,100
37278287010052,10:21:18.287,15.8200,100
37278287165702,10:21:18.287,15.8200,100
37281182146074,10:21:21.182,15.8300,100
37281182146074,10:21:21.182,15.8300,100
37281182545278,10:21:21.182,15.8300,100
37281182671221,10:21:21.182,15.8300,100
37281185737434,10:21:21.185,15.8300,63
37281191143192,10:21:21.191,15.8300,100
37281191322583,10:21:21.191,15.8300,100
37281191322583,10:21:21.191,15.8300,100
37281881805194,10:21:21.881,15.8200,100
37281881987913,10:21:21.881,15.8200,100
37281881987913,10:21:21.881,15.8200,100
37285037787253,10:21:25.037,15.8300,100
37286194693933,10:21:26.194,15.8300,100
37322860042311,10:22:02.860,15.8300,100
37371406372098,10:22:51.406,15.8400,100
37371406506604,10:22:51.406,15.8400,100
37371406727963,10:22:51.406,15.8400,100
37419517068114,10:23:39.517,15.8200,100
37457422724874,10:24:17.422,15.8400,100
37457424427370,10:24:17.424,15.8400,117
37550596478399,10:25:50.596,15.8400,3
37550596478399,10:25:50.596,15.8400,97
37550597631386,10:25:50.597,15.8400,3
37550620740507,10:25:50.620,15.8300,8
37614958907498,10:26:54.958,15.7800,100
37649093289421,10:27:29.093,15.7600,100
37699712441393,10:28:19.712,15.7700,3
37758248361538,10:29:18.248,15.7700,53
37758248941897,10:29:18.248,15.7700,100
37758251616595,10:29:18.251,15.7700,100
37800271789612,10:30:00.271,15.8000,100
37804855834475,10:30:04.855,15.8200,100
37845649714906,10:30:45.649,15.8500,100
37845649757535,10:30:45.649,15.8500,100
37845649884062,10:30:45.649,15.8500,100
37845649945404,10:30:45.649,15.8500,37
37845649982423,10:30:45.649,15.8500,63
37845649992979,10:30:45.649,15.8500,63
37845650054397,10:30:45.650,15.8500,37
37892309492990,10:31:32.309,15.9100,100
37892309492990,10:31:32.309,15.9100,100
37892309492990,10:31:32.309,15.9100,100
37892309492990,10:31:32.309,15.9100,100
37892309492990,10:31:32.309,15.9100,100
37892309625279,10:31:32.309,15.9100,100
37892309798429,10:31:32.309,15.9100,100
37892310067445,10:31:32.310,15.9100,100
37921205473885,10:32:01.205,15.9200,8
37976075685563,10:32:56.075,15.8900,100
38005672836544,10:33:25.672,15.9100,4
38023765985374,10:33:43.765,15.8600,100
38055595139073,10:34:15.595,15.8800,100
38082993167845,10:34:42.993,15.8500,8
38082993167845,10:34:42.993,15.8500,4
38082993167845,10:34:42.993,15.8500,100
38082993167845,10:34:42.993,15.8500,100
38105236525385,10:35:05.236,15.8900,100
38136087200809,10:35:36.087,15.8600,100
38136087200809,10:35:36.087,15.8500,100
38136087200809,10:35:36.087,15.8500,300
38136087200809,10:35:36.087,15.8500,300
38179769853606,10:36:19.769,15.8500,100
38179769853606,10:36:19.769,15.8500,100
38179769853606,10:36:19.769,15.8500,100
38179770249720,10:36:19.770,15.8700,100
38179773576016,10:36:19.773,15.8500,100
38179773720944,10:36:19.773,15.8400,100
38179773733767,10:36:19.773,15.8400,100
38179774138142,10:36:19.774,15.8400,100
38179774155060,10:36:19.774,15.8400,20
38179774266365,10:36:19.774,15.8400,100
38179780406750,10:36:19.780,15.8500,100
38179780406750,10:36:19.780,15.8500,100
38179780406750,10:36:19.780,15.8500,100
38215520630713,10:36:55.520,15.9100,100
38215520630713,10:36:55.520,15.9100,100
38215520630713,10:36:55.520,15.9100,100
38215520630713,10:36:55.520,15.9100,100
38274089765420,10:37:54.089,15.8900,9
38274089765420,10:37:54.089,15.8900,100
38274090012971,10:37:54.090,15.8900,100
38274090077810,10:37:54.090,15.8800,58
38274090493722,10:37:54.090,15.8900,100
38301423637205,10:38:21.423,15.9000,100
38301423824776,10:38:21.423,15.9000,100
38301423847141,10:38:21.423,15.9000,100
38301424491030,10:38:21.424,15.9000,100
38301428080077,10:38:21.428,15.9000,100
38301474543151,10:38:21.474,15.9000,100
38310092598560,10:38:30.092,15.8900,3
38310092598560,10:38:30.092,15.8900,29
38310092598560,10:38:30.092,15.8800,38
38310092886471,10:38:30.092,15.8800,100
38310092886471,10:38:30.092,15.8800,8
38330485371714,10:38:50.485,15.8800,200
38330486010271,10:38:50.486,15.8800,180
38330486055150,10:38:50.486,15.8800,20
38330785503180,10:38:50.785,15.8800,200
38343802350259,10:39:03.802,15.8700,100
38343802557270,10:39:03.802,15.8700,100
38343802600864,10:39:03.802,15.8700,100
38343802935585,10:39:03.802,15.8700,100
38344456540329,10:39:04.456,15.8800,100
38426148301744,10:40:26.148,15.9100,100
38426148301744,10:40:26.148,15.9100,10
38426148431492,10:40:26.148,15.9100,100
38426148500364,10:40:26.148,15.9100,100
38426148985859,10:40:26.148,15.9100,100
38426148985859,10:40:26.148,15.9100,100
38426148989815,10:40:26.148,15.9100,100
38428109881448,10:40:28.109,15.9100,100
38538234892143,10:42:18.234,15.8900,100
38538234892143,10:42:18.234,15.8900,8
38538235021668,10:42:18.235,15.8900,100
38538235558592,10:42:18.235,15.8700,107
38611917991351,10:43:31.917,15.8700,100
38611918228878,10:43:31.918,15.8700,100
38611918321502,10:43:31.918,15.8700,100
38611918564793,10:43:31.918,15.8700,100
38611918589643,10:43:31.918,15.8700,100
38611919069315,10:43:31.919,15.8700,100
38687015507323,10:44:47.015,15.8900,100
38719846020157,10:45:19.846,15.8700,100
38719846104832,10:45:19.846,15.8700,100
38719854029367,10:45:19.854,15.8700,100
38719855191733,10:45:19.855,15.8700,100
38719855366434,10:45:19.855,15.8600,8
38719855366434,10:45:19.855,15.8600,92
38722288766312,10:45:22.288,15.8500,20
38739687424480,10:45:39.687,15.8200,8
38759760619723,10:45:59.760,15.8200,100
38767593855877,10:46:07.593,15.8300,100
38767593855877,10:46:07.593,15.8300,200
38767593855877,10:46:07.593,15.8300,7
38767593924137,10:46:07.593,15.8300,207
38769024409251,10:46:09.024,15.8300,100
38771008384433,10:46:11.008,15.8300,100
38771008505541,10:46:11.008,15.8300,100
38771008533632,10:46:11.008,15.8300,93
38791215573301,10:46:31.215,15.8300,100
38895448216704,10:48:15.448,15.8000,8
38895448724775,10:48:15.448,15.7900,99
38895448828151,10:48:15.448,15.7900,1
38895449193898,10:48:15.449,15.7900,92
38895449233729,10:48:15.449,15.7900,8
38896359695590,10:48:16.359,15.7800,100
38984309814522,10:49:44.309,15.7500,100
38984809726134,10:49:44.809,15.7500,200
38984834155035,10:49:44.834,15.7700,100
38984835039626,10:49:44.835,15.7800,100
38984835548230,10:49:44.835,15.7800,100
38984835724956,10:49:44.835,15.7800,100
38984835724956,10:49:44.835,15.7800,100
38984835724956,10:49:44.835,15.7800,100
39001053937910,10:50:01.053,15.7600,9
39001892235959,10:50:01.892,15.7500,100
39078126035260,10:51:18.126,15.7500,96
39078126146661,10:51:18.126,15.7500,4
39116927553854,10:51:56.927,15.7700,100
39116929695984,10:51:56.929,15.7700,100
39187804922912,10:53:07.804,15.8100,100
39187889216332,10:53:07.889,15.8000,10
39207970156355,10:53:27.970,15.8000,4
39252882396485,10:54:12.882,15.8000,96
39252882396485,10:54:12.882,15.8000,100
39252882396485,10:54:12.882,15.8000,200
39252882396485,10:54:12.882,15.8000,100
39252882465031,10:54:12.882,15.8000,100
39252882465031,10:54:12.882,15.8000,100
39252882465031,10:54:12.882,15.8000,100
39252882648400,10:54:12.882,15.8100,100
39252882648400,10:54:12.882,15.8100,100
39261469897505,10:54:21.469,15.8300,100
39314784829386,10:55:14.784,15.8400,100
39314784829386,10:55:14.784,15.8400,100
39314785610968,10:55:14.785,15.8500,100
39314799683120,10:55:14.799,15.8700,6
39337056770816,10:55:37.056,15.8700,94
39337056770816,10:55:37.056,15.8700,6
39337057560504,10:55:37.057,15.8700,594
39353783530501,10:55:53.783,15.8700,12
39353783558120,10:55:53.783,15.8500,100
39356521882895,10:55:56.521,15.8400,20
39374343068820,10:56:14.343,15.8400,100
39374343152474,10:56:14.343,15.8400,100
39374343152474,10:56:14.343,15.8400,100
39374343397453,10:56:14.343,15.8500,100
39381645100770,10:56:21.645,15.8200,100
39381646694770,10:56:21.646,15.8200,100
39387861212956,10:56:27.861,15.8100,100
39387861212956,10:56:27.861,15.8100,200
39401219940771,10:56:41.219,15.8100,100
39401220274988,10:56:41.220,15.8100,100
39401233336941,10:56:41.233,15.8200,100
39485997147180,10:58:05.997,15.8400,100
39500319310730,10:58:20.319,15.8400,100
39516732609642,10:58:36.732,15.8400,100
39537081824760,10:58:57.081,15.8100,100
39575524941705,10:59:35.524,15.8300,100
39575525007001,10:59:35.525,15.8300,100
39575525007001,10:59:35.525,15.8300,100
39664037982936,11:01:04.037,15.9400,100
39667475856551,11:01:07.475,15.9400,100
39667475856551,11:01:07.475,15.9400,100
39667477048465,11:01:07.477,15.9300,9
39703642175871,11:01:43.642,15.9500,100
39703642389302,11:01:43.642,15.9500,52
39703642436374,11:01:43.642,15.9500,48
39727810419061,11:02:07.810,15.9800,100
39727810419061,11:02:07.810,15.9800,100
39727810670544,11:02:07.810,15.9700,63
39727816027950,11:02:07.816,15.9600,100
39750097556129,11:02:30.097,15.9800,100
39789976682762,11:03:09.976,15.9800,8
39791740917482,11:03:11.740,15.9900,3
39799272456625,11:03:19.272,15.9600,8
39799272920678,11:03:19.272,15.9600,100
39799272988497,11:03:19.272,15.9600,100
39799273380992,11:03:19.273,15.9600,100
39799273380992,11:03:19.273,15.9600,100
39799273380992,11:03:19.273,15.9600,100
39815598375614,11:03:35.598,15.9400,72
39815644157690,11:03:35.644,15.9300,19
39830282082381,11:03:50.282,15.9300,100
39887624182894,11:04:47.624,15.9600,100
39887647563377,11:04:47.647,15.9700,100
39967429750132,11:06:07.429,15.9700,100
39967429750132,11:06:07.429,15.9700,1
39967429756623,11:06:07.429,15.9700,99
39967430506368,11:06:07.430,15.9700,72
39967430506368,11:06:07.430,15.9700,100
39967430506368,11:06:07.430,15.9700,100
39967443612387,11:06:07.443,15.9600,500
39986126239294,11:06:26.126,15.9100,100
39986128577436,11:06:26.128,15.9000,5
40027967455420,11:07:07.967,15.9200,100
40027967455420,11:07:07.967,15.9200,100
40044051020098,11:07:24.051,15.9500,100
40129223317545,11:08:49.223,15.9500,100
40129236342544,11:08:49.236,15.9500,100
40130733027849,11:08:50.733,15.9600,100
40131233013235,11:08:51.233,15.9600,100
40131733013517,11:08:51.733,15.9600,100
40147530178203,11:09:07.530,15.9500,100
40228067750416,11:10:28.067,15.9400,100
40228080679338,11:10:28.080,15.9400,100
40246962554141,11:10:46.962,15.9300,100
40290655180696,11:11:30.655,15.9200,200
40290655180696,11:11:30.655,15.9200,100
40290656987116,11:11:30.656,15.9300,35
40290660586631,11:11:30.660,15.9300,65
40321217632229,11:12:01.217,15.9400,100
40394596044247,11:13:14.596,15.9400,3
40394596044247,11:13:14.596,15.9400,77
40396386543200,11:13:16.386,15.9400,3
40426713992646,11:13:46.713,15.9500,38
40426713994164,11:13:46.713,15.9500,62
40426724825686,11:13:46.724,15.9500,8
40426728787860,11:13:46.728,15.9500,100
40449867218767,11:14:09.867,15.9500,100
40560575727399,11:16:00.575,15.9400,100
40560575727399,11:16:00.575,15.9400,500
40560576471597,11:16:00.576,15.9400,100
40626673664734,11:17:06.673,15.9600,100
40626686993050,11:17:06.686,15.9600,100
40639709822154,11:17:19.709,15.9700,100
40643846823145,11:17:23.846,15.9700,100
40643847073641,11:17:23.847,15.9600,83
40643847079348,11:17:23.847,15.9600,17
40643860100871,11:17:23.860,15.9600,100
40668759851198,11:17:48.759,15.9800,100
40678484455397,11:17:58.484,15.9800,100
40678484455397,11:17:58.484,15.9800,100
40697131963766,11:18:17.131,15.9900,4
40746811887789,11:19:06.811,16.0000,46
40787089860781,11:19:47.089,15.9800,100
40787089908754,11:19:47.089,15.9800,4
40802515978061,11:20:02.515,15.9700,100
40802516029276,11:20:02.516,15.9700,100
40802516063627,11:20:02.516,15.9700,100
40838158789842,11:20:38.158,15.9700,100
40915296791948,11:21:55.296,15.9800,100
40915297807103,11:21:55.297,15.9800,100
40915309508271,11:21:55.309,15.9800,100
40930183573153,11:22:10.183,15.9700,100
40930183573153,11:22:10.183,15.9700,100
40933845599783,11:22:13.845,15.9600,100
40995279128888,11:23:15.279,15.9900,3
41011677390138,11:23:31.677,15.9800,3
41022812126367,11:23:42.812,15.9900,100
41076455719207,11:24:36.455,16.0000,100
41076461304271,11:24:36.461,16.0000,100
41076461445565,11:24:36.461,16.0000,100
41101109182381,11:25:01.109,16.0100,14
41101109259043,11:25:01.109,16.0100,86
41101109259043,11:25:01.109,16.0100,14
41101110710217,11:25:01.110,16.0100,86
41101111611096,11:25:01.111,16.0100,100
41101120455740,11:25:01.120,16.0100,100
41103197306977,11:25:03.197,16.0100,100
41111750631718,11:25:11.750,16.0100,100
41116759324647,11:25:16.759,16.0000,100
41116759324647,11:25:16.759,16.0000,100
41142074430786,11:25:42.074,15.9700,2
41142074430786,11:25:42.074,15.9700,1
41143587872403,11:25:43.587,15.9500,98
41143587922127,11:25:43.587,15.9500,2
41145571775006,11:25:45.571,15.9500,100
41252118628130,11:27:32.118,15.9400,97
41252118707438,11:27:32.118,15.9400,3
41252118707438,11:27:32.118,15.9400,100
41252119657175,11:27:32.119,15.9300,6
41265840929515,11:27:45.840,15.9200,100
41272120820528,11:27:52.120,15.9300,100
41272121004303,11:27:52.121,15.9300,100
41272121247141,11:27:52.121,15.9300,100
41272121265492,11:27:52.121,15.9300,100
41272121353689,11:27:52.121,15.9300,100
41272188270818,11:27:52.188,15.9400,100
41279440202870,11:27:59.440,15.9400,100
41372207230761,11:29:32.207,15.9700,28
41372207463982,11:29:32.207,15.9700,72
41372207843365,11:29:32.207,15.9700,200
41492184532463,11:31:32.184,16.0000,100
41526020350988,11:32:06.020,16.0100,100
41526030776975,11:32:06.030,16.0100,52
41526030776975,11:32:06.030,16.0100,100
41574896450700,11:32:54.896,16.0200,11
41574896518897,11:32:54.896,16.0200,89
41574896518897,11:32:54.896,16.0200,100
41574896518897,11:32:54.896,16.0200,100
41574896572954,11:32:54.896,16.0200,100
41574897118840,11:32:54.897,16.0200,100
41585321600398,11:33:05.321,16.0300,3
41595353223560,11:33:15.353,16.0200,72
41595353223560,11:33:15.353,16.0200,100
41595356149328,11:33:15.356,16.0100,200
41600510751188,11:33:20.510,16.0000,100
41600511253319,11:33:20.511,16.0000,42
41625697986623,11:33:45.697,15.9900,6
41625697986623,11:33:45.697,15.9900,2
41625697986623,11:33:45.697,15.9900,100
41655110729786,11:34:15.110,15.9900,100
41666299076666,11:34:26.299,15.9900,20
41702031565915,11:35:02.031,15.9900,100
41702035440410,11:35:02.035,15.9900,100
41726734789317,11:35:26.734,15.9800,100
41726734789317,11:35:26.734,15.9800,24
41728349685222,11:35:28.349,15.9700,100
41728364779938,11:35:28.364,15.9700,100
41728364804407,11:35:28.364,15.9700,100
41728364845510,11:35:28.364,15.9700,100
41728372504447,11:35:28.372,15.9700,100
41746709169556,11:35:46.709,15.9800,100
41746709169556,11:35:46.709,15.9800,100
41746790054771,11:35:46.790,15.9900,100
41746790054771,11:35:46.790,15.9900,100
41746790054771,11:35:46.790,15.9900,100
41746801055429,11:35:46.801,15.9900,100
41746801055429,11:35:46.801,15.9900,100
41790946959515,11:36:30.946,15.9800,100
41790956518705,11:36:30.956,15.9700,100
41792286798849,11:36:32.286,15.9600,10
41844651435984,11:37:24.651,15.9600,100
41873285202923,11:37:53.285,15.9800,103
41873285206280,11:37:53.285,15.9800,97
41873285206280,11:37:53.285,15.9800,100
41873285206280,11:37:53.285,15.9800,3
41873285317182,11:37:53.285,15.9800,75
41873286250755,11:37:53.286,15.9800,22
41908463511897,11:38:28.463,15.9900,4
42017420533412,11:40:17.420,15.9900,25
42017420536689,11:40:17.420,15.9900,100
42017420541611,11:40:17.420,15.9900,130
42017420565955,11:40:17.420,15.9900,20
42017420568442,11:40:17.420,15.9900,100
42017420568903,11:40:17.420,15.9900,25
42034574229799,11:40:34.574,15.9900,100
42034576235203,11:40:34.576,15.9800,100
42090285110989,11:41:30.285,15.9800,100
42090285110989,11:41:30.285,15.9800,2
42090285110989,11:41:30.285,15.9800,1
42090285110989,11:41:30.285,15.9800,97
42090285351962,11:41:30.285,15.9800,3
42120314311824,11:42:00.314,15.9800,100
42120318030635,11:42:00.318,15.9800,50
42129405863735,11:42:09.405,15.9900,50
42135766801448,11:42:15.766,16.0000,100
42137544862692,11:42:17.544,16.0000,100
42137544862692,11:42:17.544,16.0000,4
42197702507286,11:43:17.702,15.9900,100
42197702507286,11:43:17.702,15.9900,300
42197702603846,11:43:17.702,15.9900,100
42204353664872,11:43:24.353,16.0000,3
42209991401395,11:43:29.991,15.9900,4
42214508127886,11:43:34.508,15.9800,100
42280157327503,11:44:40.157,15.9800,100
42305363005749,11:45:05.363,15.9750,100
42322392453240,11:45:22.392,15.9700,47
42342519696422,11:45:42.519,15.9700,100
42342519696422,11:45:42.519,15.9700,92
42380366931189,11:46:20.366,15.9600,53
42380366933953,11:46:20.366,15.9600,47
42380376977998,11:46:20.376,15.9700,100
42441483110985,11:47:21.483,15.9800,100
42441483169364,11:47:21.483,15.9800,100
42441483178940,11:47:21.483,15.9800,8
42441483178940,11:47:21.483,15.9800,40
42441483178940,11:47:21.483,15.9800,100
42487281096799,11:48:07.281,15.9900,2
42487281096799,11:48:07.281,15.9900,64
42528128612129,11:48:48.128,15.9800,100
42528128620471,11:48:48.128,15.9800,53
42528128656609,11:48:48.128,15.9800,17
42528128656609,11:48:48.128,15.9800,3
42578290443905,11:49:38.290,16.0000,97
42578290443905,11:49:38.290,16.0000,100
42578299456943,11:49:38.299,16.0000,98
42643453335660,11:50:43.453,15.9900,5
42643453345393,11:50:43.453,15.9900,95
42643453345393,11:50:43.453,15.9900,2
42643458784334,11:50:43.458,15.9800,100
42729492165354,11:52:09.492,15.9800,100
42788677613053,11:53:08.677,15.9600,100
42788677613053,11:53:08.677,15.9600,100
42788677613053,11:53:08.677,15.9600,200
42788927195951,11:53:08.927,15.9800,3
42812616392462,11:53:32.616,15.9800,100
42853662824136,11:54:13.662,15.9800,100
42853662842880,11:54:13.662,15.9800,96
42853662872067,11:54:13.662,15.9800,4
42853662872067,11:54:13.662,15.9800,7
42853662872067,11:54:13.662,15.9800,3
42901177065215,11:55:01.177,15.9800,100
42901177082701,11:55:01.177,15.9800,100
42914621973282,11:55:14.621,15.9900,27
43005450373349,11:56:45.450,15.9800,100
43036332605638,11:57:16.332,15.9900,100
43036333089723,11:57:16.333,15.9900,49
43096111060269,11:58:16.111,15.9900,4
43109768915082,11:58:29.768,15.9900,100
43110021160683,11:58:30.021,15.9900,98
43156982197765,11:59:16.982,15.9800,100
43205040475506,12:00:05.040,16.0000,100
43205061820422,12:00:05.061,16.0000,100
43259669661867,12:00:59.669,16.0000,100
43294871989034,12:01:34.871,15.9900,91
43294872315489,12:01:34.872,15.9800,100
43294872315489,12:01:34.872,15.9800,100
43294877442674,12:01:34.877,15.9700,100
43332481929359,12:02:12.481,16.0000,100
43332502222128,12:02:12.502,16.0000,100
43332502222128,12:02:12.502,16.0000,100
43375678133023,12:02:55.678,15.9800,33
43401981495350,12:03:21.981,16.0000,3
43465551793773,12:04:25.551,15.9900,61
43465551793773,12:04:25.551,15.9900,39
43465551847654,12:04:25.551,15.9900,61
43465552601567,12:04:25.552,15.9800,67
43485484458638,12:04:45.484,15.9800,100
43534246627724,12:05:34.246,15.9700,100
43534246627724,12:05:34.246,15.9700,100
43534247956751,12:05:34.247,15.9600,100
43534320549942,12:05:34.320,15.9700,100
43534320549942,12:05:34.320,15.9700,100
43583659692857,12:06:23.659,15.9700,100
43614296434092,12:06:54.296,15.9700,100
43637558906003,12:07:17.558,15.9600,100
43637558906003,12:07:17.558,15.9600,100
43699201656669,12:08:19.201,15.9600,4
43733325240030,12:08:53.325,15.9500,2
43733325240030,12:08:53.325,15.9500,98
43734479154686,12:08:54.479,15.9500,2
43779490003859,12:09:39.490,15.9700,100
43779490140047,12:09:39.490,15.9700,50
43832294655962,12:10:32.294,15.9900,64
43882651323262,12:11:22.651,15.9900,100
43896497486047,12:11:36.497,15.9900,100
43896497486047,12:11:36.497,15.9900,100
43896497694841,12:11:36.497,15.9900,100
43896497887139,12:11:36.497,15.9900,10
43896505393731,12:11:36.505,15.9900,100
43896623852035,12:11:36.623,15.9900,100
43896624020048,12:11:36.624,15.9900,100
43896624020048,12:11:36.624,15.9900,90
43896624020048,12:11:36.624,15.9900,100
43896624020048,12:11:36.624,15.9900,10
43920424313145,12:12:00.424,15.9800,10
43953037572462,12:12:33.037,15.9800,90
43953238443642,12:12:33.238,15.9800,4
44061320796464,12:14:21.320,15.9700,1
44061320796464,12:14:21.320,15.9700,1
44061320796464,12:14:21.320,15.9700,2
44061321620469,12:14:21.321,15.9700,100
44061321620469,12:14:21.321,15.9700,100
44113615740271,12:15:13.615,15.9900,100
44116330032952,12:15:16.330,15.9900,100
44133520990509,12:15:33.520,16.0000,100
44147371817876,12:15:47.371,16.0000,100
44147371817876,12:15:47.371,16.0000,100
44228742067668,12:17:08.742,16.0100,100
44228744208603,12:17:08.744,16.0100,100
44228744981764,12:17:08.744,16.0100,100
44228760309663,12:17:08.760,16.0100,100
44235116072513,12:17:15.116,16.0100,2
44235116072513,12:17:15.116,16.0100,100
44242576958668,12:17:22.576,16.0100,300
44242576958668,12:17:22.576,16.0100,100
44242576958668,12:17:22.576,16.0100,100
44242577714722,12:17:22.577,16.0100,100
44282911557213,12:18:02.911,16.0100,2
44282911557213,12:18:02.911,16.0100,75
44292618344424,12:18:12.618,16.0100,4
44320420201096,12:18:40.420,16.0000,100
44409062673951,12:20:09.062,16.0000,100
44409062811183,12:20:09.062,16.0000,100
44412533410999,12:20:12.533,16.0000,8
44412533410999,12:20:12.533,16.0000,92
44412533410999,12:20:12.533,16.0000,44
44412534645948,12:20:12.534,16.0000,100
44428940207146,12:20:28.940,15.9900,100
44428940207146,12:20:28.940,15.9900,8
44428941173754,12:20:28.941,15.9900,5
44428941173754,12:20:28.941,15.9900,95
44428941222208,12:20:28.941,15.9900,5
44470585805980,12:21:10.585,15.9900,54
44533735429981,12:22:13.735,15.9900,100
44533735472925,12:22:13.735,15.9900,179
44533735502423,12:22:13.735,15.9900,121
44636187852703,12:23:56.187,15.9700,2
44656719628681,12:24:16.719,15.9700,100
44686793634901,12:24:46.793,15.9700,2
44686793634901,12:24:46.793,15.9700,100
44764207700219,12:26:04.207,15.9500,33
44764208475070,12:26:04.208,15.9500,67
44770980451479,12:26:10.980,15.9600,100
44861539269390,12:27:41.539,15.9700,100
44863271762820,12:27:43.271,15.9800,100
44916464652305,12:28:36.464,15.9900,2
44916464652305,12:28:36.464,15.9900,100
44974650776377,12:29:34.650,15.9900,100
44974651415180,12:29:34.651,15.9900,100
44980831307085,12:29:40.831,15.9900,100
44980831584823,12:29:40.831,15.9900,100
44980831584823,12:29:40.831,15.9900,100
44980831584823,12:29:40.831,15.9900,100
44980831584823,12:29:40.831,15.9900,100
45008638024692,12:30:08.638,15.9850,100
45010410149586,12:30:10.410,15.9900,4
45043444783774,12:30:43.444,16.0000,100
45043461055927,12:30:43.461,16.0000,71
45045487199505,12:30:45.487,16.0100,100
45045488394471,12:30:45.488,16.0100,100
45054989942453,12:30:54.989,16.0100,100
45144216640192,12:32:24.216,16.0000,34
45144216732824,12:32:24.216,16.0000,66
45144216732824,12:32:24.216,16.0000,100
45203453273081,12:33:23.453,16.0000,100
45203460770543,12:33:23.460,16.0000,100
45203460770543,12:33:23.460,16.0000,37
45274023465562,12:34:34.023,16.0100,37
45274023465562,12:34:34.023,16.0100,63
45281291116266,12:34:41.291,16.0100,100
45293913295557,12:34:53.913,16.0100,100
45321607262783,12:35:21.607,16.0000,100
45321607262783,12:35:21.607,16.0000,100
45321608450231,12:35:21.608,16.0000,31
45504993160431,12:38:24.993,15.9900,4
45569267809124,12:39:29.267,15.9900,100
45569267821681,12:39:29.267,15.9900,100
45569267866471,12:39:29.267,15.9900,196
45574563033181,12:39:34.563,16.0000,100
45574580986142,12:39:34.580,16.0000,100
45579397294095,12:39:39.397,16.0100,100
45579397373704,12:39:39.397,16.0100,100
45579397376342,12:39:39.397,16.0200,100
45579397376342,12:39:39.397,16.0200,10
45579397376342,12:39:39.397,16.0200,100
45579397376342,12:39:39.397,16.0200,100
45579397376342,12:39:39.397,16.0200,100
45579412076391,12:39:39.412,16.0300,900
45579412076391,12:39:39.412,16.0300,100
45579420810941,12:39:39.420,16.0300,100
45601540072807,12:40:01.540,16.0600,100
45610175914348,12:40:10.175,16.0600,4
45610175962796,12:40:10.175,16.0600,96
45610175962796,12:40:10.175,16.0600,7
45687705163680,12:41:27.705,16.0600,100
45687705402391,12:41:27.705,16.0600,79
45687705402391,12:41:27.705,16.0600,21
45687705402391,12:41:27.705,16.0600,100
45688129506275,12:41:28.129,16.0500,100
45706079419603,12:41:46.079,16.0500,79
45706079419603,12:41:46.079,16.0500,100
45710285850754,12:41:50.285,16.0400,100
45723969720941,12:42:03.969,16.0300,100
45723969736506,12:42:03.969,16.0300,100
45723971796497,12:42:03.971,16.0400,100
45723971796497,12:42:03.971,16.0400,69
45772025860333,12:42:52.025,16.0500,100
45772061382399,12:42:52.061,16.0500,100
45772075246840,12:42:52.075,16.0400,13
45876963544459,12:44:36.963,16.0500,2
45876963544459,12:44:36.963,16.0500,100
45876964289830,12:44:36.964,16.0500,100
45910756098643,12:45:10.756,16.0700,1
46016762360142,12:46:56.762,16.1100,100
46029650394400,12:47:09.650,16.1100,100
46118673412037,12:48:38.673,16.1200,4
46281443407873,12:51:21.443,16.1400,100
46535026661162,12:55:35.026,16.1500,45
46535026687960,12:55:35.026,16.1500,55
46535026693360,12:55:35.026,16.1500,3
46535026693360,12:55:35.026,16.1500,2
46535026703032,12:55:35.026,16.1500,58
46535026749531,12:55:35.026,16.1500,40
46535104258284,12:55:35.104,16.1400,100
46535164686743,12:55:35.164,16.1300,100
46676666632260,12:57:56.666,16.1200,100
46817010806700,13:00:17.010,16.1500,4
46817010806700,13:00:17.010,16.1500,96
46875079775148,13:01:15.079,16.1400,2
46875079775148,13:01:15.079,16.1400,100
46981311597627,13:03:01.311,16.1600,100
46981311652958,13:03:01.311,16.1600,100
46993633900663,13:03:13.633,16.1700,98
46993634861866,13:03:13.634,16.1700,2
46999167089122,13:03:19.167,16.1600,12
46999169269479,13:03:19.169,16.1600,88
46999169269479,13:03:19.169,16.1600,12
46999169560308,13:03:19.169,16.1600,52
47012311359307,13:03:32.311,16.1700,3
47137271973764,13:05:37.271,16.1400,100
47205391998823,13:06:45.391,16.1100,2
47245972715334,13:07:25.972,16.1200,100
47289581036494,13:08:09.581,16.1400,3
47299811375078,13:08:19.811,16.1200,100
47395240284408,13:09:55.240,16.1100,7
47411226204950,13:10:11.226,16.1100,2
47444783543009,13:10:44.783,16.1100,47
47457408669489,13:10:57.408,16.1000,100
47457408713550,13:10:57.408,16.1000,100
47457408716212,13:10:57.408,16.1000,100
47457408887864,13:10:57.408,16.1000,200
47457408887864,13:10:57.408,16.1000,100
47486295296372,13:11:26.295,16.1000,16
47529231267018,13:12:09.231,16.0900,85
47529231427119,13:12:09.231,16.0900,15
47582836909328,13:13:02.836,16.0900,100
47699024159638,13:14:59.024,16.1000,100
47750004920304,13:15:50.004,16.0800,100
47750004920304,13:15:50.004,16.0800,100
47750058580074,13:15:50.058,16.0800,98
47750058651599,13:15:50.058,16.0800,2
47757972985789,13:15:57.972,16.0900,100
47830673059551,13:17:10.673,16.0800,100
47830673548325,13:17:10.673,16.0800,100
47830673548325,13:17:10.673,16.0800,100
47845467937314,13:17:25.467,16.0800,100
47890353612895,13:18:10.353,16.0800,3
47908262530570,13:18:28.262,16.0800,97
47951193605569,13:19:11.193,16.0900,100
47951193605569,13:19:11.193,16.0900,100
47951193605569,13:19:11.193,16.0900,10
47977064834469,13:19:37.064,16.0900,100
47977064834469,13:19:37.064,16.0900,2
47977064935193,13:19:37.064,16.0900,90
47977064935193,13:19:37.064,16.0900,10
48102707984079,13:21:42.707,16.0800,100
48185428979525,13:23:05.428,16.0900,4
48311748085172,13:25:11.748,16.0900,1
48324240144831,13:25:24.240,16.0800,1
48324242218714,13:25:24.242,16.0800,3
48361547403335,13:26:01.547,16.0800,100
48487309284942,13:28:07.309,16.1100,3
48807207566926,13:33:27.207,16.1600,4
48812144079263,13:33:32.144,16.1500,100
48812144123063,13:33:32.144,16.1500,19
48812144621000,13:33:32.144,16.1500,81
48836950301456,13:33:56.950,16.1400,19
48836950301456,13:33:56.950,16.1400,24
48855277925283,13:34:15.277,16.1400,16
49059626326862,13:37:39.626,16.1500,62
49059626382191,13:37:39.626,16.1500,38
49059626382191,13:37:39.626,16.1500,3
49059626382191,13:37:39.626,16.1500,62
49060463448251,13:37:40.463,16.1400,100
49154357141588,13:39:14.357,16.1400,100
49154357528738,13:39:14.357,16.1400,28
49215292584218,13:40:15.292,16.1400,100
49215292776836,13:40:15.292,16.1400,14
49250841335798,13:40:50.841,16.1300,13
49491323088305,13:44:51.323,16.1500,4
49491323088305,13:44:51.323,16.1500,100
49514850726292,13:45:14.850,16.1500,100
49514850848150,13:45:14.850,16.1500,86
49572902683415,13:46:12.902,16.1500,20
49576471396936,13:46:16.471,16.1600,100
49576471402706,13:46:16.471,16.1600,67
49576471450933,13:46:16.471,16.1600,33
49686642182589,13:48:06.642,16.1800,47
49686642182589,13:48:06.642,16.1800,1
49699565293042,13:48:19.565,16.1900,3
49749753977744,13:49:09.753,16.1800,100
49749754048506,13:49:09.754,16.1800,19
49786865626375,13:49:46.865,16.1800,11
49786927933020,13:49:46.927,16.1700,13
49882424394047,13:51:22.424,16.1800,100
49980107140042,13:53:00.107,16.1900,4
50016036799302,13:53:36.036,16.1800,100
50065284819684,13:54:25.284,16.1900,4
50065284819684,13:54:25.284,16.1900,96
50103472371528,13:55:03.472,16.1800,98
50103472476027,13:55:03.472,16.1800,2
50103476697721,13:55:03.476,16.1700,100
50157496794959,13:55:57.496,16.1600,5
50162930566597,13:56:02.930,16.1700,100
50162930593524,13:56:02.930,16.1700,100
50162930631780,13:56:02.930,16.1700,92
50162930700032,13:56:02.930,16.1700,8
50167414101293,13:56:07.414,16.1700,21
50299716699058,13:58:19.716,16.1900,100
50299716699058,13:58:19.716,16.1900,57
50299716699058,13:58:19.716,16.1900,67
50305423113226,13:58:25.423,16.1900,3
50340043584064,13:59:00.043,16.1700,100
50400949449743,14:00:00.949,16.1700,100
50402696666840,14:00:02.696,16.1700,22
50402696666840,14:00:02.696,16.1700,20
50402698663134,14:00:02.698,16.1600,100
50410898121121,14:00:10.898,16.1900,8
50413009907386,14:00:13.009,16.1900,92
50413011175357,14:00:13.011,16.2000,11
50413013417663,14:00:13.013,16.2000,89
50413128817084,14:00:13.128,16.1700,100
50413128817084,14:00:13.128,16.1700,11
50413129167394,14:00:13.129,16.1700,76
50413129172403,14:00:13.129,16.1700,24
50422541781301,14:00:22.541,16.1600,100
50583614145483,14:03:03.614,16.2200,100
50583614848524,14:03:03.614,16.2300,26
50583614874943,14:03:03.614,16.2300,174
50583614874943,14:03:03.614,16.2300,100
50584959673829,14:03:04.959,16.2800,100
50587131127801,14:03:07.131,16.2600,100
50588669109064,14:03:08.669,16.2500,100
50588669109064,14:03:08.669,16.2500,43
50588672378006,14:03:08.672,16.2500,14
50591461978470,14:03:11.461,16.2500,86
50591461978470,14:03:11.461,16.2500,14
50591461988845,14:03:11.461,16.2500,100
50591462215681,14:03:11.462,16.2500,100
50606118219745,14:03:26.118,16.2500,4
50607349637639,14:03:27.349,16.2500,26
50607350240249,14:03:27.350,16.2500,10
50607350240249,14:03:27.350,16.2500,100
50816730743650,14:06:56.730,16.3600,100
50819544524937,14:06:59.544,16.3600,65
50819544524937,14:06:59.544,16.3600,35
50819544924756,14:06:59.544,16.3600,39
50876348079500,14:07:56.348,16.3500,65
50876348079500,14:07:56.348,16.3500,35
50876348306179,14:07:56.348,16.3500,65
50876348812091,14:07:56.348,16.3500,33
50912663707721,14:08:32.663,16.3300,20
50919667708595,14:08:39.667,16.3300,100
50919667708595,14:08:39.667,16.3300,100
50919667986323,14:08:39.667,16.3300,4
50976920349669,14:09:36.920,16.3100,10
50976920349669,14:09:36.920,16.3100,19
50976920349669,14:09:36.920,16.3100,7
50996653167622,14:09:56.653,16.2600,13
51005959232283,14:10:05.959,16.2700,100
51138621272823,14:12:18.621,16.3100,100
51138621307728,14:12:18.621,16.3100,81
51260092845669,14:14:20.092,16.3300,100
51275818281561,14:14:35.818,16.3400,100
51300187191930,14:15:00.187,16.3300,100
51300187520882,14:15:00.187,16.3300,88
51347090916221,14:15:47.090,16.3100,100
51484225827268,14:18:04.225,16.3400,6
51485564275441,14:18:05.564,16.3400,100
51485564372722,14:18:05.564,16.3400,95
51494107398718,14:18:14.107,16.3500,3
51502850183918,14:18:22.850,16.3200,100
51555243652786,14:19:15.243,16.3200,100
51607107930134,14:20:07.107,16.3200,100
51611457206997,14:20:11.457,16.3200,100
51611457206997,14:20:11.457,16.3200,100
51661950745106,14:21:01.950,16.3200,100
51676859064721,14:21:16.859,16.3300,7
51676859395549,14:21:16.859,16.3300,100
51702651354332,14:21:42.651,16.3200,200
51702651354332,14:21:42.651,16.3200,100
51703067752448,14:21:43.067,16.3100,100
51788540445348,14:23:08.540,16.3000,4
51833462260520,14:23:53.462,16.3000,273
51973048554074,14:26:13.048,16.2800,37
51973732344394,14:26:13.732,16.2800,63
51973732344394,14:26:13.732,16.2800,100
51973732344394,14:26:13.732,16.2800,100
52000975209095,14:26:40.975,16.2700,61
52003078947513,14:26:43.078,16.2600,1
52003078947513,14:26:43.078,16.2600,1
52053712070953,14:27:33.712,16.2600,9
52081844269481,14:28:01.844,16.2600,3
52082513059723,14:28:02.513,16.2500,100
52095063112988,14:28:15.063,16.2400,1
52095327382747,14:28:15.327,16.2400,194
52095327382747,14:28:15.327,16.2400,46
52095329710391,14:28:15.329,16.2300,96
52143896220522,14:29:03.896,16.2300,93
52143896398890,14:29:03.896,16.2300,300
52143896437801,14:29:03.896,16.2300,7
52166880742832,14:29:26.880,16.2400,100
52166880742832,14:29:26.880,16.2400,63
52166880757646,14:29:26.880,16.2400,37
52166880757646,14:29:26.880,16.2400,3
52166880760510,14:29:26.880,16.2400,97
52236857380657,14:30:36.857,16.2700,100
52319821733198,14:31:59.821,16.3000,1277
52320667643323,14:32:00.667,16.3000,100
52320667643323,14:32:00.667,16.3000,17
52537182102616,14:35:37.182,16.3200,19
52566096550100,14:36:06.096,16.3100,100
52566104271545,14:36:06.104,16.3000,5
52566104271545,14:36:06.104,16.3000,85
52645023858215,14:37:25.023,16.2800,100
52679414597696,14:37:59.414,16.2900,3
52695334178867,14:38:15.334,16.2900,116
52701284343931,14:38:21.284,16.2900,100
52701284386735,14:38:21.284,16.2900,81
52701284422063,14:38:21.284,16.2900,19
52701284574207,14:38:21.284,16.2900,74
52701284578351,14:38:21.284,16.2900,7
52720706342363,14:38:40.706,16.3000,100
52753463476230,14:39:13.463,16.2900,3
52753463476230,14:39:13.463,16.2900,34
52770505480566,14:39:30.505,16.2700,7
52798735190189,14:39:58.735,16.2900,3
52817258180710,14:40:17.258,16.2900,6
52927182328815,14:42:07.182,16.2900,39
52927182430449,14:42:07.182,16.2900,61
53032023675402,14:43:52.023,16.3100,20
53032024667162,14:43:52.024,16.3200,100
53032024667162,14:43:52.024,16.3200,43
53032024670969,14:43:52.024,16.3200,57
53032025978107,14:43:52.025,16.3200,100
53032413577725,14:43:52.413,16.3200,100
53090850441557,14:44:50.850,16.3200,200
53090850441557,14:44:50.850,16.3200,100
53090850636308,14:44:50.850,16.3200,3
53188335220751,14:46:28.335,16.3100,100
53191949969270,14:46:31.949,16.3200,8
53212599932457,14:46:52.599,16.3200,100
53216218884419,14:46:56.218,16.3300,100
53216218884419,14:46:56.218,16.3300,100
53216218884419,14:46:56.218,16.3300,100
53219138015700,14:46:59.138,16.3300,100
53219138571314,14:46:59.138,16.3300,137
53219138571314,14:46:59.138,16.3300,100
53219140559566,14:46:59.140,16.3200,100
53219146393265,14:46:59.146,16.3200,100
53402168700518,14:50:02.168,16.3300,100
53423934908837,14:50:23.934,16.3100,100
53425331097487,14:50:25.331,16.3100,100
53425332056070,14:50:25.332,16.3100,100
53450143585851,14:50:50.143,16.3100,100
53526674140237,14:52:06.674,16.3200,100
53537091123297,14:52:17.091,16.3200,100
53537091123297,14:52:17.091,16.3200,100
53537091123297,14:52:17.091,16.3200,100
53537091123297,14:52:17.091,16.3200,100
53537091123297,14:52:17.091,16.3200,100
53542178285418,14:52:22.178,16.3300,100
53542300780736,14:52:22.300,16.3250,2
53542300780736,14:52:22.300,16.3300,2
53542658478854,14:52:22.658,16.3200,100
53546792013615,14:52:26.792,16.3200,100
53546792013615,14:52:26.792,16.3200,100
53548066697064,14:52:28.066,16.3200,100
53556035260360,14:52:36.035,16.3300,100
53556035260360,14:52:36.035,16.3300,100
53596847405677,14:53:16.847,16.3200,52
53596847429200,14:53:16.847,16.3200,48
53596848543224,14:53:16.848,16.3200,100
53596848543224,14:53:16.848,16.3200,100
53601666492855,14:53:21.666,16.3200,4
53789753356302,14:56:29.753,16.3000,200
53790217579720,14:56:30.217,16.3100,8
53790217579720,14:56:30.217,16.3100,100
53854685274342,14:57:34.685,16.3000,100
53998657989163,14:59:58.657,16.3000,100
53998657989163,14:59:58.657,16.3000,100
54005803561642,15:00:05.803,16.3100,2
54005803561642,15:00:05.803,16.3100,1
54005804683687,15:00:05.804,16.3100,24
54005804683687,15:00:05.804,16.3100,76
54008251769745,15:00:08.251,16.3100,1
54008251769745,15:00:08.251,16.3100,1
54075923949037,15:01:15.923,16.3200,100
54075924631117,15:01:15.924,16.3200,34
54075924631117,15:01:15.924,16.3200,66
54075924657694,15:01:15.924,16.3200,34
54116181796311,15:01:56.181,16.3200,100
54116181796311,15:01:56.181,16.3200,18
54116182603117,15:01:56.182,16.3200,100
54175391260488,15:02:55.391,16.3200,100
54186185788870,15:03:06.185,16.3200,100
54200802028317,15:03:20.802,16.3100,100
54200802028317,15:03:20.802,16.3100,4
54264933303259,15:04:24.933,16.2800,71
54268089297406,15:04:28.089,16.2800,29
54279024462515,15:04:39.024,16.2700,90
54279024693355,15:04:39.024,16.2700,10
54291747785066,15:04:51.747,16.2700,200
54291747785066,15:04:51.747,16.2700,100
54291747785066,15:04:51.747,16.2700,25
54291747785066,15:04:51.747,16.2700,100
54305974312330,15:05:05.974,16.2700,4
54305974312330,15:05:05.974,16.2700,1
54316367500814,15:05:16.367,16.2500,74
54316367512814,15:05:16.367,16.2500,26
54372675554796,15:06:12.675,16.2400,100
54380052101713,15:06:20.052,16.2500,100
54381822426076,15:06:21.822,16.2500,200
54571442539502,15:09:31.442,16.2500,9
54638105078033,15:10:38.105,16.2500,100
54657580099183,15:10:57.580,16.2300,100
54657797787361,15:10:57.797,16.2300,100
54735224336057,15:12:15.224,16.2300,100
54735224467492,15:12:15.224,16.2300,1
54735224467492,15:12:15.224,16.2300,99
54735224479430,15:12:15.224,16.2300,1
54791519907581,15:13:11.519,16.2200,4
54822313322299,15:13:42.313,16.2200,96
54822313322299,15:13:42.313,16.2200,4
54915498149294,15:15:15.498,16.2200,96
54915498149294,15:15:15.498,16.2200,4
54953941109030,15:15:53.941,16.2700,100
54954404343690,15:15:54.404,16.2700,100
54954404343690,15:15:54.404,16.2700,100
54954404528830,15:15:54.404,16.2700,100
54995202129010,15:16:35.202,16.2600,100
54995202172830,15:16:35.202,16.2600,100
54995205782126,15:16:35.205,16.2500,100
54995206481747,15:16:35.206,16.2500,100
55058396933549,15:17:38.396,16.2300,2
55058396933549,15:17:38.396,16.2300,2
55080585044560,15:18:00.585,16.2300,100
55100885426183,15:18:20.885,16.2400,3
55158665737296,15:19:18.665,16.2300,60
55173071938898,15:19:33.071,16.2400,183
55173071940948,15:19:33.071,16.2400,14
55173071940948,15:19:33.071,16.2400,59
55173071947575,15:19:33.071,16.2400,41
55173071953332,15:19:33.071,16.2400,114
55173071968525,15:19:33.071,16.2400,114
55173071983918,15:19:33.071,16.2400,72
55175538686933,15:19:35.538,16.2500,100
55185262254574,15:19:45.262,16.2500,100
55219702293703,15:20:19.702,16.2700,100
55248520856407,15:20:48.520,16.2800,100
55248522220299,15:20:48.522,16.2800,42
55331338481718,15:22:11.338,16.2600,5
55331339132212,15:22:11.339,16.2600,95
55331339132212,15:22:11.339,16.2600,51
55341213952982,15:22:21.213,16.2600,51
55341214445017,15:22:21.214,16.2600,100
55382270587696,15:23:02.270,16.2600,100
55384337069581,15:23:04.337,16.2600,3
55416760234726,15:23:36.760,16.2400,38
55416760234726,15:23:36.760,16.2400,135
55416760262399,15:23:36.760,16.2400,34
55469613873698,15:24:29.613,16.2200,100
55529719756317,15:25:29.719,16.2100,61
55538290141588,15:25:38.290,16.2000,100
55542316399766,15:25:42.316,16.1900,3
55542316399766,15:25:42.316,16.1900,3
55542319213820,15:25:42.319,16.1900,7
55542319213820,15:25:42.319,16.1900,87
55564038521001,15:26:04.038,16.2100,7
55618787368095,15:26:58.787,16.2200,3
55619940940983,15:26:59.940,16.2100,92
55624548462770,15:27:04.548,16.2100,100
55639331806320,15:27:19.331,16.2100,100
55639331960259,15:27:19.331,16.2100,10
55674652945000,15:27:54.652,16.2400,10
55762965386661,15:29:22.965,16.2200,100
55821703270719,15:30:21.703,16.1900,51
55821703290422,15:30:21.703,16.1900,49
55835105644299,15:30:35.105,16.2000,100
55857595572463,15:30:57.595,16.2000,50
55857595574343,15:30:57.595,16.2000,26
55857595574343,15:30:57.595,16.2000,74
55857597468774,15:30:57.597,16.1900,19
55857597505124,15:30:57.597,16.1900,81
55865649745473,15:31:05.649,16.1700,3
55938543541070,15:32:18.543,16.1900,2
55938543541070,15:32:18.543,16.1900,98
55938543546803,15:32:18.543,16.1900,2
55938543546803,15:32:18.543,16.1900,6
55938543546803,15:32:18.543,16.1900,92
55938543596139,15:32:18.543,16.1900,8
55940659155227,15:32:20.659,16.1800,100
55948220274110,15:32:28.220,16.1800,100
56009858252323,15:33:29.858,16.1900,100
56043230791985,15:34:03.230,16.1900,11
56125012314461,15:35:25.012,16.1800,100
56125012885243,15:35:25.012,16.1800,45
56125012902211,15:35:25.012,16.1800,5
56125012903902,15:35:25.012,16.1800,46
56149235861393,15:35:49.235,16.2000,10
56153259978889,15:35:53.259,16.2100,10
56153259978889,15:35:53.259,16.2100,8
56153260779258,15:35:53.260,16.2100,46
56170174595276,15:36:10.174,16.2100,100
56200070923735,15:36:40.070,16.2000,100
56237911541368,15:37:17.911,16.2100,100
56278847268447,15:37:58.847,16.2000,100
56278847268447,15:37:58.847,16.2000,52
56278847976410,15:37:58.847,16.2000,48
56463447125051,15:41:03.447,16.1900,62
56463447645346,15:41:03.447,16.1900,131
56463447745538,15:41:03.447,16.1900,7
56463447745538,15:41:03.447,16.1900,93
56463447748835,15:41:03.447,16.1900,7
56463447748835,15:41:03.447,16.1900,93
56463447787685,15:41:03.447,16.1900,7
56480814560272,15:41:20.814,16.1900,100
56556296596355,15:42:36.296,16.1800,200
56618084058798,15:43:38.084,16.1900,100
56618084058798,15:43:38.084,16.1900,100
56618103625112,15:43:38.103,16.1800,100
56618103625112,15:43:38.103,16.1800,100
56631009790731,15:43:51.009,16.1900,100
56631009790731,15:43:51.009,16.1900,100
56631009790731,15:43:51.009,16.1900,100
56631010546669,15:43:51.010,16.1900,19
56631086637720,15:43:51.086,16.1900,100
56631086637720,15:43:51.086,16.1900,3
56631106125839,15:43:51.106,16.1900,100
56631106125839,15:43:51.106,16.1900,100
56631106125839,15:43:51.106,16.1900,100
56700102776095,15:45:00.102,16.1900,100
56700102776095,15:45:00.102,16.1900,123
56700102776095,15:45:00.102,16.1800,100
56700103046019,15:45:00.103,16.1900,100
56700104078865,15:45:00.104,16.1800,100
56700148981447,15:45:00.148,16.1800,100
56701114002863,15:45:01.114,16.1800,2
56727262745153,15:45:27.262,16.1800,100
56828834029848,15:47:08.834,16.1800,98
56828834029848,15:47:08.834,16.1800,100
56828834760680,15:47:08.834,16.1800,100
56858129581096,15:47:38.129,16.1800,20
56882079421217,15:48:02.079,16.1800,300
56882079421217,15:48:02.079,16.1800,89
56882079421217,15:48:02.079,16.1800,111
56882079484599,15:48:02.079,16.1800,100
56882079596632,15:48:02.079,16.1800,100
56946443023455,15:49:06.443,16.1800,98
57001299858311,15:50:01.299,16.1900,8
57001299858311,15:50:01.299,16.1900,1300
57001301496651,15:50:01.301,16.1900,100
57087447637658,15:51:27.447,16.1900,23
57087447637658,15:51:27.447,16.1900,77
57087447790885,15:51:27.447,16.1900,5
57087447807007,15:51:27.447,16.1900,18
57087447807007,15:51:27.447,16.1900,15
57087447807007,15:51:27.447,16.1900,30
57089485728491,15:51:29.485,16.1700,100
57092977436438,15:51:32.977,16.1700,5
57099730821472,15:51:39.730,16.1700,95
57099730821472,15:51:39.730,16.1700,5
57099741931841,15:51:39.741,16.1700,1
57138974815333,15:52:18.974,16.1600,3
57138974815333,15:52:18.974,16.1600,6
57190273995959,15:53:10.273,16.1300,100
57294295462968,15:54:54.295,16.1300,30
57294295462968,15:54:54.295,16.1300,60
57294296205263,15:54:54.296,16.1300,100
57300952161833,15:55:00.952,16.1150,100
57304652370717,15:55:04.652,16.1200,200
57304653176792,15:55:04.653,16.1250,100
57304653176792,15:55:04.653,16.1200,100
57310125811500,15:55:10.125,16.1300,100
57310125811500,15:55:10.125,16.1300,100
57334052261396,15:55:34.052,16.1350,100
57338571555443,15:55:38.571,16.1400,6
57342162030318,15:55:42.162,16.1400,100
57344003942274,15:55:44.003,16.1400,100
57349544361728,15:55:49.544,16.1400,100
57349551412326,15:55:49.551,16.1400,100
57356092685663,15:55:56.092,16.1450,100
57363564916693,15:56:03.564,16.1500,100
57372135791400,15:56:12.135,16.1600,200
57372139626122,15:56:12.139,16.1600,200
57391485209012,15:56:31.485,16.1600,100
57391485209012,15:56:31.485,16.1600,71
57391486196372,15:56:31.486,16.1650,100
57391986923658,15:56:31.986,16.1650,49
57400348001411,15:56:40.348,16.1700,163
57400348001411,15:56:40.348,16.1700,35
57400348640660,15:56:40.348,16.1700,44
57468212499974,15:57:48.212,16.1650,5
57468438057431,15:57:48.438,16.1650,95
57468438057431,15:57:48.438,16.1650,5
57469934079265,15:57:49.934,16.1600,4
57469934147908,15:57:49.934,16.1600,33
57469934147908,15:57:49.934,16.1600,8
57470858436732,15:57:50.858,16.1600,92
57470858436732,15:57:50.858,16.1600,8
57473126534875,15:57:53.126,16.1600,17
57473126534875,15:57:53.126,16.1600,74
57473128570825,15:57:53.128,16.1600,26
57473128570825,15:57:53.128,16.1600,7
57473128570825,15:57:53.128,16.1600,1
57473128570825,15:57:53.128,16.1600,4
57473128570825,15:57:53.128,16.1600,100
57473128570825,15:57:53.128,16.1600,62
57477236412403,15:57:57.236,16.1600,200
57477236412403,15:57:57.236,16.1600,100
57477236412403,15:57:57.236,16.1600,300
57480276570910,15:58:00.276,16.1600,4
57494596942491,15:58:14.596,16.1650,100
57494596942491,15:58:14.596,16.1650,100
57508709316448,15:58:28.709,16.1700,28
57508709316448,15:58:28.709,16.1700,72
57548884385726,15:59:08.884,16.1700,100
57548884385726,15:59:08.884,16.1700,53
57548884385726,15:59:08.884,16.1700,100
57548884572796,15:59:08.884,16.1700,100
57549103284821,15:59:09.103,16.1700,100
57549103284821,15:59:09.103,16.1700,100
57550046624384,15:59:10.046,16.1750,100
57550046624384,15:59:10.046,16.1800,100
57550046624384,15:59:10.046,16.1800,100
57550046624384,15:59:10.046,16.1900,100
57552902824922,15:59:12.902,16.1800,100
57555048798120,15:59:15.048,16.1850,100
57555048798120,15:59:15.048,16.1900,200
57555048798120,15:59:15.048,16.1900,100
57555049554073,15:59:15.049,16.1900,100
57555050008258,15:59:15.050,16.1900,100
57555051404922,15:59:15.051,16.1900,100
57555051404922,15:59:15.051,16.1900,100
57555051404922,15:59:15.051,16.1900,100
57555051404922,15:59:15.051,16.1900,100
57555853369432,15:59:15.853,16.1900,7
57556361948931,15:59:16.361,16.1900,23
57556507193812,15:59:16.507,16.1900,11
57556699904859,15:59:16.699,16.1900,59
57556700707160,15:59:16.700,16.2000,100
57560076002918,15:59:20.076,16.2000,100
57571662145733,15:59:31.662,16.2050,100
57571662145733,15:59:31.662,16.2100,100
57572420268898,15:59:32.420,16.2100,14
57584227047859,15:59:44.227,16.2050,100
57587223105908,15:59:47.223,16.2100,31
57587223660947,15:59:47.223,16.2100,69
57589431218054,15:59:49.431,16.2050,100
57600456166189,16:00:00.456,0.0000,0
