timestamp,time,price,volume
34200273942207,09:30:00.273,63.2900,2092
34200474001012,09:30:00.474,63.3200,16
34200474001012,09:30:00.474,63.4000,63
34231189414900,09:30:31.189,63.1200,4
34231190690126,09:30:31.190,63.1200,1
34238966962901,09:30:38.966,63.1200,4
34238967277005,09:30:38.967,63.1600,100
34254919467623,09:30:54.919,63.0400,1
34279915754833,09:31:19.915,63.0400,99
34279915754833,09:31:19.915,63.0400,1
34279915754833,09:31:19.915,63.0400,59
34314074819823,09:31:54.074,62.9100,1
34470153632963,09:34:30.153,62.9100,1
34483079125474,09:34:43.079,62.9100,1
34483401670291,09:34:43.401,62.9100,1
34483831191652,09:34:43.831,62.9100,1
34484367787132,09:34:44.367,62.9100,1
34484996329516,09:34:44.996,62.9100,1
34498371404538,09:34:58.371,62.9100,1
34498907955213,09:34:58.907,62.9100,1
34499551738931,09:34:59.551,62.9100,1
34502966915174,09:35:02.966,62.9100,1
34584678978042,09:36:24.678,62.9100,4
34605338444574,09:36:45.338,62.9100,20
34605338471796,09:36:45.338,62.9100,67
34605338471796,09:36:45.338,62.9100,24
34605338471796,09:36:45.338,62.9100,5
34605338997139,09:36:45.338,62.8500,230
34605339479477,09:36:45.339,62.8500,100
34605339480950,09:36:45.339,62.8500,100
34605339529594,09:36:45.339,62.8000,100
34605339562099,09:36:45.339,62.8000,400
34605473994048,09:36:45.473,62.8500,100
34617951694152,09:36:57.951,62.8800,100
34617951718051,09:36:57.951,62.8800,3
34617952141695,09:36:57.952,62.9300,3
34617952438593,09:36:57.952,62.9800,3
34647154948194,09:37:27.154,63.0000,100
34647154948194,09:37:27.154,63.0000,93
34647155059319,09:37:27.155,63.0000,7
34772178590593,09:39:32.178,63.0000,67
34772179030217,09:39:32.179,63.0000,12
34772179118846,09:39:32.179,63.0000,21
34772179118846,09:39:32.179,63.0000,100
34772179713768,09:39:32.179,63.0300,3
34921880916890,09:42:01.880,62.9000,8
34921881038953,09:42:01.881,62.8800,55
34921881049861,09:42:01.881,62.8800,45
35015381563658,09:43:35.381,62.7400,1
35088497222178,09:44:48.497,62.7400,2
35088497224271,09:44:48.497,62.7400,2
35088497297278,09:44:48.497,62.7100,100
35088497307891,09:44:48.497,62.7000,100
35088546914459,09:44:48.546,62.6900,15
35088546914459,09:44:48.546,62.6900,1200
35088546914459,09:44:48.546,62.6900,14
35257567285285,09:47:37.567,62.6300,3
35257570079585,09:47:37.570,62.6300,1
35257572816285,09:47:37.572,62.6100,1
35257574248339,09:47:37.574,62.6000,1
35278293612647,09:47:58.293,62.5800,2
35278708242696,09:47:58.708,62.5800,1
35294800592933,09:48:14.800,62.5800,1
35294947222475,09:48:14.947,62.5800,1
35295238863288,09:48:15.238,62.5800,1
35295675457588,09:48:15.675,62.5800,1
35296257020478,09:48:16.257,62.5000,1
35296257102313,09:48:16.257,62.4900,100
35378307489094,09:49:38.307,62.3300,1
35420163985108,09:50:20.163,62.3200,1
35420765587890,09:50:20.765,62.3200,1
35421517120205,09:50:21.517,62.3200,1
35422418689439,09:50:22.418,62.3200,1
35423469228505,09:50:23.469,62.3200,1
35424556804593,09:50:24.556,62.3200,1
35425799334938,09:50:25.799,62.3200,1
35427150801492,09:50:27.150,62.3100,1
35428652327281,09:50:28.652,62.3100,1
35430303830494,09:50:30.303,62.3100,1
35432105408396,09:50:32.105,62.3100,1
35433968942924,09:50:33.968,62.3100,1
35435920512336,09:50:35.920,62.3100,1
35438022116963,09:50:38.022,62.3100,1
35440273732840,09:50:40.273,62.3100,1
35451094882255,09:50:51.094,62.4200,100
35451094981907,09:50:51.094,62.4200,100
35451094981907,09:50:51.094,62.4200,8
35451094981907,09:50:51.094,62.4200,13
35451094981907,09:50:51.094,62.4200,12
35451095518653,09:50:51.095,62.4200,100
35452022862298,09:50:52.022,62.4200,100
35454491733983,09:50:54.491,62.4200,100
35454491733983,09:50:54.491,62.4100,2
35455026222624,09:50:55.026,62.4100,98
35455026222624,09:50:55.026,62.4100,4
35455752858492,09:50:55.752,62.4000,96
35534826523935,09:52:14.826,62.4100,100
35534826561015,09:52:14.826,62.4100,2
35534826561015,09:52:14.826,62.4000,67
35534826867901,09:52:14.826,62.4000,100
35534826892349,09:52:14.826,62.4000,33
35534843606732,09:52:14.843,62.4000,23
35610425933926,09:53:30.425,62.2600,55
35686238939602,09:54:46.238,62.3800,74
35686239248047,09:54:46.239,62.3800,326
35686239248047,09:54:46.239,62.3800,8
35686239248047,09:54:46.239,62.3800,100
35686241175872,09:54:46.241,62.4000,100
35686241175872,09:54:46.241,62.4100,200
35686244790777,09:54:46.244,62.4100,400
35686244825531,09:54:46.244,62.4100,598
35686244864681,09:54:46.244,62.4300,3
35686360227319,09:54:46.360,62.4000,100
35691073425175,09:54:51.073,62.4100,100
35691177216564,09:54:51.177,62.4600,100
35691177621881,09:54:51.177,62.4300,100
35691673106672,09:54:51.673,62.4300,100
35691673106672,09:54:51.673,62.4300,100
35691973013500,09:54:51.973,62.4300,100
35691977141214,09:54:51.977,62.4000,100
35692872553854,09:54:52.872,62.4000,30
35695141259081,09:54:55.141,62.3700,100
35755476392692,09:55:55.476,62.4600,4
35779458247638,09:56:19.458,62.3600,73
35805174452809,09:56:45.174,62.4700,6
35858540882282,09:57:38.540,62.4600,100
35866300206961,09:57:46.300,62.4800,3
35866300206961,09:57:46.300,62.5000,97
35882217552926,09:58:02.217,62.4900,100
35938183547303,09:58:58.183,62.4900,31
35970295310865,09:59:30.295,62.3900,9
35970295979485,09:59:30.295,62.3800,14
35970296093607,09:59:30.296,62.3700,66
35970296098694,09:59:30.296,62.3700,34
35970296098694,09:59:30.296,62.3700,20
36002634108594,10:00:02.634,62.3700,14
36002634108594,10:00:02.634,62.3700,46
36015766133140,10:00:15.766,62.3000,50
36015766440141,10:00:15.766,62.2900,1
36015767199555,10:00:15.767,62.2600,100
36015767223837,10:00:15.767,62.2600,45
36015767233976,10:00:15.767,62.2500,66
36015767242176,10:00:15.767,62.2500,34
36015768517836,10:00:15.768,62.2400,54
36015768517836,10:00:15.768,62.2600,46
36067930263832,10:01:07.930,62.3500,8
36076055141259,10:01:16.055,62.3900,3
36076055141259,10:01:16.055,62.4000,3
36076055141259,10:01:16.055,62.4500,94
36118226354103,10:01:58.226,62.4400,71
36118226354103,10:01:58.226,62.4400,29
36119276000694,10:01:59.276,62.4400,71
36256514738958,10:04:16.514,62.3500,2
36296696807392,10:04:56.696,62.3500,2
36296696807392,10:04:56.696,62.3500,19
36296696807392,10:04:56.696,62.3500,79
36296696892373,10:04:56.696,62.3500,21
36296696991573,10:04:56.696,62.3500,79
36296734982621,10:04:56.734,62.3000,11
36363201299951,10:06:03.201,62.3000,1
36465871804078,10:07:45.871,62.3000,44
36465871804078,10:07:45.871,62.2900,56
36476926038333,10:07:56.926,62.2800,1
36490722362641,10:08:10.722,62.3000,100
36490733152947,10:08:10.733,62.2900,6
36490733152947,10:08:10.733,62.2900,100
36490733152947,10:08:10.733,62.2900,100
36490733991535,10:08:10.733,62.2800,81
36490733991535,10:08:10.733,62.2800,19
36490734042144,10:08:10.734,62.2800,100
36490734060948,10:08:10.734,62.2800,81
36490734060948,10:08:10.734,62.2800,19
36490734089397,10:08:10.734,62.2800,100
36490734124404,10:08:10.734,62.2800,81
36490734124404,10:08:10.734,62.2800,19
36490734240787,10:08:10.734,62.3100,15
36490736421302,10:08:10.736,62.2800,35
36491199263117,10:08:11.199,62.3500,100
36491199263117,10:08:11.199,62.3500,2
36491199263117,10:08:11.199,62.3500,98
36491199526056,10:08:11.199,62.3500,2
36491199701193,10:08:11.199,62.3500,38
36491200129022,10:08:11.200,62.3300,10
36491200225691,10:08:11.200,62.3500,10
36491231513248,10:08:11.231,62.3300,1
36491698715441,10:08:11.698,62.3800,100
36491899055895,10:08:11.899,62.3500,1
36509001520362,10:08:29.001,62.4100,100
36588664727582,10:09:48.664,62.4100,100
36594865132016,10:09:54.865,62.4800,8
36594865148865,10:09:54.865,62.4900,4
36594865148865,10:09:54.865,62.4900,4
36598964653641,10:09:58.964,62.4800,100
36708740252810,10:11:48.740,62.3900,1
36708740252810,10:11:48.740,62.3900,1
36708740303813,10:11:48.740,62.3900,100
36708740750579,10:11:48.740,62.3900,37
36708740782239,10:11:48.740,62.3700,100
36708741093323,10:11:48.741,62.3600,12
36708741119572,10:11:48.741,62.3600,7
36708741259233,10:11:48.741,62.3600,63
36708741665196,10:11:48.741,62.3600,37
36713968692183,10:11:53.968,62.3600,4
36713968692183,10:11:53.968,62.3600,96
36723305775717,10:12:03.305,62.3600,19
36789874975996,10:13:09.874,62.4050,100
36806850178058,10:13:26.850,62.4200,24
36901035546784,10:15:01.035,62.4050,100
37035213312370,10:17:15.213,62.4500,5
37035213312370,10:17:15.213,62.4500,4
37035213312370,10:17:15.213,62.4500,4
37035213312370,10:17:15.213,62.4500,55
37085185968368,10:18:05.185,62.3700,16
37085186495703,10:18:05.186,62.3600,44
37085186495703,10:18:05.186,62.3600,1
37085186495703,10:18:05.186,62.3600,5
37085186495703,10:18:05.186,62.3600,19
37154636378706,10:19:14.636,62.3000,100
37154638804993,10:19:14.638,62.2900,1
37154640144414,10:19:14.640,62.2900,1
37154641529779,10:19:14.641,62.2900,1
37154642892651,10:19:14.642,62.2900,1
37154646422782,10:19:14.646,62.2900,5
37158418655039,10:19:18.418,62.2300,100
37158426792037,10:19:18.426,62.2300,100
37158438810029,10:19:18.438,62.2100,1
37158463727266,10:19:18.463,62.1400,101
37158463884379,10:19:18.463,62.1400,108
37178088490499,10:19:38.088,62.0800,1
37178089901410,10:19:38.089,62.0800,1
37228830667493,10:20:28.830,62.1000,1
37228832310526,10:20:28.832,62.1100,1
37228833623107,10:20:28.833,62.1100,1
37228834941889,10:20:28.834,62.1100,1
37228836262267,10:20:28.836,62.1100,1
37278001075130,10:21:18.001,62.1400,60
37278002321472,10:21:18.002,62.1100,1
37278565598383,10:21:18.565,62.1100,1
37279317227732,10:21:19.317,62.1100,1
37280255920059,10:21:20.255,62.1100,1
37304553912188,10:21:44.553,62.1100,1
37371220086641,10:22:51.220,62.1900,6
37380264860573,10:23:00.264,62.1650,100
37380264860573,10:23:00.264,62.2000,100
37380264860573,10:23:00.264,62.2000,76
37380264860573,10:23:00.264,62.2000,58
37380264889298,10:23:00.264,62.2000,42
37380264889298,10:23:00.264,62.2000,58
37380313434777,10:23:00.313,62.2300,100
37381212793785,10:23:01.212,62.2500,100
37381213362390,10:23:01.213,62.2800,100
37383071302431,10:23:03.071,62.2800,100
37415381832264,10:23:35.381,62.2600,100
37422061303346,10:23:42.061,62.2600,100
37422061303346,10:23:42.061,62.2800,100
37422061431138,10:23:42.061,62.2900,9
37422063410134,10:23:42.063,62.2900,22
37422063849472,10:23:42.063,62.3000,3
37422063849472,10:23:42.063,62.3000,3
37422193239700,10:23:42.193,62.3700,100
37422993074251,10:23:42.993,62.3700,25
37425592949927,10:23:45.592,62.3250,100
37428890864213,10:23:48.890,62.3800,100
37617873731193,10:26:57.873,62.3500,100
37617873731193,10:26:57.873,62.3900,28
37617874045163,10:26:57.874,62.3900,72
37617874045163,10:26:57.874,62.3900,56
37620986230409,10:27:00.986,62.3300,7
37628211473532,10:27:08.211,62.3900,100
37628947150796,10:27:08.947,62.3300,100
37638701155160,10:27:18.701,62.3600,100
37640900865167,10:27:20.900,62.4000,5
37640900865167,10:27:20.900,62.4000,3
37640900865167,10:27:20.900,62.4000,2
37640900865167,10:27:20.900,62.4000,90
37674235658968,10:27:54.235,62.3600,100
37674235658968,10:27:54.235,62.3500,1
37681372128641,10:28:01.372,62.3500,99
37681372128641,10:28:01.372,62.3500,1
37690056556561,10:28:10.056,62.3500,100
37690056556561,10:28:10.056,62.3500,19
37818904249782,10:30:18.904,62.3800,10
37824221868802,10:30:24.221,62.3800,100
37872530138720,10:31:12.530,62.3800,10
37872530138720,10:31:12.530,62.4000,10
37872530138720,10:31:12.530,62.4200,80
37909209079286,10:31:49.209,62.3500,4
37919382166007,10:31:59.382,62.3500,1
37923706852102,10:32:03.706,62.3500,1
37924117455796,10:32:04.117,62.3500,1
37924732035718,10:32:04.732,62.3500,1
37935093521196,10:32:15.093,62.3300,1
37963282370770,10:32:43.282,62.3300,1
37963318915303,10:32:43.318,62.3500,100
37972982512001,10:32:52.982,62.3850,100
37989330327863,10:33:09.330,62.3900,1
38000145852933,10:33:20.145,62.3400,49
38000146913255,10:33:20.146,62.3400,51
38000146913255,10:33:20.146,62.3400,19
38000146913255,10:33:20.146,62.3400,1
38000147264636,10:33:20.147,62.3300,5
38000208746873,10:33:20.208,62.3000,100
38023453887775,10:33:43.453,62.2900,60
38091789941877,10:34:51.789,62.3200,25
38114085077968,10:35:14.085,62.3000,1
38114086814229,10:35:14.086,62.3000,1
38114088158268,10:35:14.088,62.3000,1
38114089525105,10:35:14.089,62.3000,1
38114305075628,10:35:14.305,62.3000,1
38148205931206,10:35:48.205,62.3300,100
38164876002427,10:36:04.876,62.3400,100
38167472017901,10:36:07.472,62.3700,8
38167472048768,10:36:07.472,62.3700,92
38167472048768,10:36:07.472,62.3700,8
38167472098556,10:36:07.472,62.3700,8
38167472635410,10:36:07.472,62.3700,92
38167472635410,10:36:07.472,62.3800,8
38167474575516,10:36:07.474,62.3800,92
38167555046512,10:36:07.555,62.3500,100
38167555046512,10:36:07.555,62.3500,41
38167555075228,10:36:07.555,62.3500,5
38168108506549,10:36:08.108,62.3600,40
38168108506549,10:36:08.108,62.3600,60
38168108582874,10:36:08.108,62.3600,16
38168108605267,10:36:08.108,62.3600,12
38168108736345,10:36:08.108,62.3600,12
38171861132089,10:36:11.861,62.3500,100
38171861132089,10:36:11.861,62.3400,100
38172070010824,10:36:12.070,62.3400,100
38172074338413,10:36:12.074,62.3400,5
38172074338413,10:36:12.074,62.3400,100
38186046283357,10:36:26.046,62.3400,3
38186046283357,10:36:26.046,62.3400,20
38193254809877,10:36:33.254,62.3950,100
38193254809877,10:36:33.254,62.4500,100
38497764113844,10:41:37.764,62.4200,100
38497764113844,10:41:37.764,62.4200,2
38497764113844,10:41:37.764,62.4200,20
38497765481742,10:41:37.765,62.4100,100
38662830337285,10:44:22.830,62.4700,10
38662830337285,10:44:22.830,62.4700,5
38662830337285,10:44:22.830,62.4700,5
38662830337285,10:44:22.830,62.4700,11
38662830746135,10:44:22.830,62.4600,100
38662831214078,10:44:22.831,62.4300,100
38662831408834,10:44:22.831,62.4500,22
38662831434545,10:44:22.831,62.4500,78
38662831434545,10:44:22.831,62.4500,125
38662831434545,10:44:22.831,62.4500,100
38662879709720,10:44:22.879,62.4000,100
38662880064874,10:44:22.880,62.4300,10
38662880424952,10:44:22.880,62.4300,90
38662927154056,10:44:22.927,62.4300,10
38662927154056,10:44:22.927,62.4300,90
38662927202485,10:44:22.927,62.4300,10
38662927507237,10:44:22.927,62.4300,66
38662927849712,10:44:22.927,62.4200,100
38662927911721,10:44:22.927,62.4200,100
38662928122218,10:44:22.928,62.4200,100
38662961264897,10:44:22.961,62.4300,34
38663910501251,10:44:23.910,62.3900,16
38663910501251,10:44:23.910,62.3900,6
38663910501251,10:44:23.910,62.3900,4
38663995862832,10:44:23.995,62.3700,100
38664003477003,10:44:24.003,62.3700,100
38664106777017,10:44:24.106,62.3800,100
38664107005282,10:44:24.107,62.3900,131
38664107058221,10:44:24.107,62.3900,69
38664786753143,10:44:24.786,62.4000,100
38664967535858,10:44:24.967,62.4400,100
38665564781581,10:44:25.564,62.3900,100
38665566706201,10:44:25.566,62.4050,100
38665566706201,10:44:25.566,62.4300,46
38697097037074,10:44:57.097,62.4100,50
38697231709889,10:44:57.231,62.4000,1
38697231709889,10:44:57.231,62.4000,24
38823327204307,10:47:03.327,62.3700,1
38823327204307,10:47:03.327,62.3700,5
38830223024676,10:47:10.223,62.3600,20
38830223024676,10:47:10.223,62.3600,11
38830223024676,10:47:10.223,62.3500,69
38830253238010,10:47:10.253,62.3500,100
38830253238010,10:47:10.253,62.3500,1
38830253723818,10:47:10.253,62.3500,28
39055190767980,10:50:55.190,62.3200,100
39145262552637,10:52:25.262,62.3200,1
39145262552637,10:52:25.262,62.3200,8
39150463308068,10:52:30.463,62.3000,1
39150464755876,10:52:30.464,62.3000,1
39185464002912,10:53:05.464,62.2900,1
39192226991795,10:53:12.226,62.2900,1
39192227019440,10:53:12.227,62.2900,98
39192227019440,10:53:12.227,62.2900,4
39192227019440,10:53:12.227,62.2900,5
39192227019440,10:53:12.227,62.2900,7
39192227236910,10:53:12.227,62.2800,75
39192227252408,10:53:12.227,62.2800,25
39192227252408,10:53:12.227,62.2800,89
39192227290179,10:53:12.227,62.2800,11
39192262904702,10:53:12.262,62.2500,75
39193314536747,10:53:13.314,62.1500,10
39193314536747,10:53:13.314,62.1300,1
39193314536747,10:53:13.314,62.1000,100
39193314536747,10:53:13.314,62.1000,100
39193315485040,10:53:13.315,62.1000,100
39193323970661,10:53:13.323,62.1000,100
39193325017516,10:53:13.325,62.1000,100
39193325017516,10:53:13.325,62.1000,200
39193325627413,10:53:13.325,62.1000,100
39193972113053,10:53:13.972,62.1400,50
39196244111615,10:53:16.244,62.0200,300
39196244111615,10:53:16.244,62.0000,100
39196244111615,10:53:16.244,61.9900,100
39196244111615,10:53:16.244,61.9900,100
39196244111615,10:53:16.244,61.9800,100
39196244111615,10:53:16.244,61.9800,100
39196244111615,10:53:16.244,61.9800,200
39196244111615,10:53:16.244,61.9800,100
39196244111615,10:53:16.244,61.9800,100
39196244111615,10:53:16.244,61.9800,89
39196245380534,10:53:16.245,61.9800,1
39196249532803,10:53:16.249,61.9800,1
39199721363553,10:53:19.721,62.0100,1
39201143935868,10:53:21.143,62.0300,1
39208631226084,10:53:28.631,62.0200,100
39208631226084,10:53:28.631,62.0200,100
39243134533849,10:54:03.134,62.0000,59
39243136104487,10:54:03.136,62.0000,1
39267149589547,10:54:27.149,62.0000,1
39267149589547,10:54:27.149,62.0000,3
39267150838938,10:54:27.150,62.0000,1
39278327348290,10:54:38.327,62.0400,40
39278329271121,10:54:38.329,62.0200,1
39278329396982,10:54:38.329,62.0400,1
39279007070364,10:54:39.007,62.0100,1
39279683634960,10:54:39.683,62.0100,1
39280585173005,10:54:40.585,62.0100,1
39281711843968,10:54:41.711,62.0100,1
39283063359996,10:54:43.063,62.0100,1
39284485891602,10:54:44.485,62.0100,1
39285885137419,10:54:45.885,62.0100,94
39285885137419,10:54:45.885,62.0100,6
39286272921853,10:54:46.272,62.0550,100
39308630563387,10:55:08.630,62.0900,2
39308630563387,10:55:08.630,62.0900,1
39308630658945,10:55:08.630,62.0900,1
39308630744783,10:55:08.630,62.0550,100
39308630744783,10:55:08.630,62.0900,24
39308631039032,10:55:08.631,62.0900,35
39308631039032,10:55:08.631,62.1000,89
39308631153270,10:55:08.631,62.1000,11
39308631153270,10:55:08.631,62.1000,15
39308631153270,10:55:08.631,62.1000,9
39308631343748,10:55:08.631,62.1000,120
39308631701877,10:55:08.631,62.1000,20
39308632188393,10:55:08.632,62.1000,11
39308638206658,10:55:08.638,62.0700,15
39308638206658,10:55:08.638,62.0700,100
39308638387386,10:55:08.638,62.0900,10
39308638736054,10:55:08.638,62.0800,100
39310777534309,10:55:10.777,62.1100,20
39310778573224,10:55:10.778,62.0900,10
39334443500488,10:55:34.443,62.1100,10
39336980824167,10:55:36.980,62.0900,100
39336981169272,10:55:36.981,62.1200,60
39336983366349,10:55:36.983,62.0900,30
39337156203480,10:55:37.156,62.0800,100
39337156858088,10:55:37.156,62.0800,100
39337156858088,10:55:37.156,62.0800,1
39337156887476,10:55:37.156,62.0800,100
39433576348336,10:57:13.576,62.0900,100
39433576421552,10:57:13.576,62.0900,100
39433576425768,10:57:13.576,62.0900,1
39433576425768,10:57:13.576,62.0900,20
39433576425768,10:57:13.576,62.0900,18
39433576425768,10:57:13.576,62.0900,20
39433576527962,10:57:13.576,62.0800,100
39433576527962,10:57:13.576,62.0800,5
39433576713550,10:57:13.576,62.0700,100
39433580414093,10:57:13.580,62.0700,5
39599450831626,10:59:59.450,62.0100,2
39599452176171,10:59:59.452,62.0000,20
39599492219405,10:59:59.492,61.9900,100
39599492275873,10:59:59.492,61.9900,20
39635231428377,11:00:35.231,61.9600,100
39635231428377,11:00:35.231,61.9600,45
39635231428377,11:00:35.231,61.9600,2
39635239906481,11:00:35.239,61.9500,5
39635239906481,11:00:35.239,61.9500,95
39635239932945,11:00:35.239,61.9500,5
39635240438589,11:00:35.240,61.9300,57
39635240439122,11:00:35.240,61.9300,18
39635240478034,11:00:35.240,61.9300,100
39635240488562,11:00:35.240,61.9300,24
39635240735706,11:00:35.240,61.9300,1
39646279679558,11:00:46.279,61.9000,1
39663402961020,11:01:03.402,61.9500,16
39663403137525,11:01:03.403,61.9500,8
39663403239621,11:01:03.403,61.9500,8
39663466905328,11:01:03.466,61.9500,28
39663466905328,11:01:03.466,61.9600,4
39663466905328,11:01:03.466,61.9600,4
39663466905328,11:01:03.466,61.9600,14
39663466905328,11:01:03.466,61.9600,4
39663466905328,11:01:03.466,61.9600,46
39663468753476,11:01:03.468,61.9600,54
39663494443073,11:01:03.494,61.9800,100
39663607196656,11:01:03.607,61.9800,100
39663797455580,11:01:03.797,61.9900,100
39768906329375,11:02:48.906,62.0000,100
39867566919372,11:04:27.566,61.9600,50
39895260139750,11:04:55.260,61.9600,100
39895260184485,11:04:55.260,61.9600,4
39895260184485,11:04:55.260,61.9600,15
39895260199705,11:04:55.260,61.9600,10
39895260283195,11:04:55.260,61.9600,38
39895260372030,11:04:55.260,61.9500,21
39895260372030,11:04:55.260,61.9400,5
39900717840585,11:05:00.717,61.9800,60
39900717840585,11:05:00.717,61.9900,40
39900717867834,11:05:00.717,61.9900,60
39937248407068,11:05:37.248,62.0000,100
39959888025976,11:05:59.888,62.0000,100
39961680381989,11:06:01.680,62.0300,100
39961680381989,11:06:01.680,62.0300,94
39964525144228,11:06:04.525,62.0400,100
40052863301381,11:07:32.863,62.0100,100
40052863301381,11:07:32.863,62.0100,5
40052863301381,11:07:32.863,62.0100,21
40052863301381,11:07:32.863,62.0100,2
40052863301381,11:07:32.863,62.0100,12
40240262583206,11:10:40.262,61.9900,60
40240262583206,11:10:40.262,62.0000,54
40240262640314,11:10:40.262,62.0000,44
40240262659643,11:10:40.262,62.0000,2
40240262659643,11:10:40.262,62.0000,3
40240262663763,11:10:40.262,62.0000,11
40240262663763,11:10:40.262,62.0000,100
40240262804556,11:10:40.262,62.0000,100
40240262978315,11:10:40.262,62.0100,2
40492575372690,11:14:52.575,61.9500,4
40492575372690,11:14:52.575,61.9200,21
40495147810573,11:14:55.147,61.9100,4
40495151212780,11:14:55.151,61.9100,5
40495160714187,11:14:55.160,61.8500,90
40504754372862,11:15:04.754,61.8900,100
40588123664637,11:16:28.123,61.8500,100
40592011681057,11:16:32.011,61.8400,9
40592011681057,11:16:32.011,61.8400,1
40592026669095,11:16:32.026,61.8300,100
40592028295828,11:16:32.028,61.7900,100
40592028295828,11:16:32.028,61.7800,400
40592028321572,11:16:32.028,61.7800,100
40592037521938,11:16:32.037,61.7600,100
40592047047796,11:16:32.047,61.7200,100
40592047047796,11:16:32.047,61.7200,100
40592047136776,11:16:32.047,61.7200,69
40592047912084,11:16:32.047,61.7200,31
40592054538225,11:16:32.054,61.6900,100
40592054538225,11:16:32.054,61.6900,100
40592092649950,11:16:32.092,61.6900,1
40592092653507,11:16:32.092,61.6800,20
40697973075481,11:18:17.973,61.7400,100
40697973075481,11:18:17.973,61.7400,100
40750446144556,11:19:10.446,61.7200,100
40803309864614,11:20:03.309,61.7200,1
40803309892914,11:20:03.309,61.7200,99
40803309892914,11:20:03.309,61.7200,20
40803309892914,11:20:03.309,61.7200,3
40803309892914,11:20:03.309,61.7200,200
40803309892914,11:20:03.309,61.7200,12
40803310129884,11:20:03.310,61.7100,21
40803310342239,11:20:03.310,61.7100,13
40803310444206,11:20:03.310,61.7100,7
40803310521966,11:20:03.310,61.6700,200
40907268467990,11:21:47.268,61.5900,1
40907269831476,11:21:47.269,61.5800,11
40908828483639,11:21:48.828,61.5600,1
40935013867413,11:22:15.013,61.5000,1
40935017055603,11:22:15.017,61.5000,39
40935017092742,11:22:15.017,61.5000,2
40935017105819,11:22:15.017,61.5000,59
40935028179515,11:22:15.028,61.4400,100
40935135589604,11:22:15.135,61.4300,97
40935135614836,11:22:15.135,61.4300,103
40935135641736,11:22:15.135,61.4300,100
40937608970211,11:22:17.608,61.4400,25
40989411516165,11:23:09.411,61.3300,100
40989427779328,11:23:09.427,61.3300,1
40989427779328,11:23:09.427,61.3200,58
40989427779328,11:23:09.427,61.3000,58
40989427779328,11:23:09.427,61.2900,83
40989430094180,11:23:09.430,61.2800,1
40989446379485,11:23:09.446,61.2800,99
40989446379485,11:23:09.446,61.2700,101
40989464110180,11:23:09.464,61.2700,99
40989464110180,11:23:09.464,61.2700,1
40989465359364,11:23:09.465,61.2600,1
40989471610768,11:23:09.471,61.2700,1
40989485153046,11:23:09.485,61.2800,18
40989485247429,11:23:09.485,61.3100,15
40989488365828,11:23:09.488,61.3100,1
40989499977932,11:23:09.499,61.3100,99
40989499977932,11:23:09.499,61.3000,101
40989518033034,11:23:09.518,61.2700,100
40989552093055,11:23:09.552,61.3300,100
40989570000570,11:23:09.570,61.2600,100
40989608379527,11:23:09.608,61.2600,5
40989623634853,11:23:09.623,61.2600,4
40989634039560,11:23:09.634,61.1700,100
40989634039560,11:23:09.634,61.1600,100
40989634039560,11:23:09.634,61.1500,78
40993472955706,11:23:13.472,61.1900,100
40993472955706,11:23:13.472,61.1800,30
41003852571057,11:23:23.852,61.1900,100
41019475011523,11:23:39.475,61.2000,1
41027752269585,11:23:47.752,61.2000,100
41047022145936,11:24:07.022,61.2100,1
41047023541355,11:24:07.023,61.2100,1
41047025100373,11:24:07.025,61.2100,1
41047276809426,11:24:07.276,61.2100,1
41047778364155,11:24:07.778,61.2100,1
41048529922879,11:24:08.529,61.2100,1
41049531478881,11:24:09.531,61.2100,1
41050783070745,11:24:10.783,61.2100,1
41059258985541,11:24:19.258,61.2900,100
41066394076096,11:24:26.394,61.2900,100
41081238919876,11:24:41.238,61.2900,200
41081240114953,11:24:41.240,61.3000,9
41081240140215,11:24:41.240,61.3000,91
41081240140215,11:24:41.240,61.3000,100
41081241123199,11:24:41.241,61.3000,15
41081241207098,11:24:41.241,61.3000,85
41081241951267,11:24:41.241,61.3000,5
41081352785352,11:24:41.352,61.3200,100
41083080213929,11:24:43.080,61.3300,100
41083080238687,11:24:43.080,61.3300,100
41083081092963,11:24:43.081,61.3300,100
41083272982010,11:24:43.272,61.3600,100
41083272982010,11:24:43.272,61.3600,63
41112430527987,11:25:12.430,61.3400,100
41112430527987,11:25:12.430,61.3400,22
41112430527987,11:25:12.430,61.3400,1
41112432262493,11:25:12.432,61.3100,22
41112437868335,11:25:12.437,61.2900,100
41112440968322,11:25:12.440,61.2400,100
41112440968322,11:25:12.440,61.2400,100
41145163789341,11:25:45.163,61.4100,97
41162535670773,11:26:02.535,61.3200,100
41322329589357,11:28:42.329,61.3300,100
41322329589357,11:28:42.329,61.3300,4
41322329941034,11:28:42.329,61.3200,75
41322329956074,11:28:42.329,61.3200,25
41322329956074,11:28:42.329,61.3200,25
41322329956074,11:28:42.329,61.3200,100
41322330638654,11:28:42.330,61.3100,22
41322330707824,11:28:42.330,61.2900,1
41322331347194,11:28:42.331,61.2700,1
41322340525695,11:28:42.340,61.2600,100
41322341820454,11:28:42.341,61.2500,100
41322341820454,11:28:42.341,61.2400,100
41338304882213,11:28:58.304,61.2100,100
41338306256877,11:28:58.306,61.2000,100
41346512478656,11:29:06.512,61.1700,1
41384856476692,11:29:44.856,61.2400,100
41384985968756,11:29:44.985,61.2400,100
41404191345183,11:30:04.191,61.2000,14
41464161668909,11:31:04.161,61.3000,100
41464161693584,11:31:04.161,61.3000,4
41464161693584,11:31:04.161,61.3000,200
41464161695108,11:31:04.161,61.3000,20
41464241458990,11:31:04.241,61.3200,1
41482717001279,11:31:22.717,61.2500,100
41489233728757,11:31:29.233,61.3400,200
41505541700331,11:31:45.541,61.4000,100
41506566421648,11:31:46.566,61.3400,35
41567122628955,11:32:47.122,61.4100,2
41567122628955,11:32:47.122,61.4100,2
41568614997705,11:32:48.614,61.4400,100
41568615437579,11:32:48.615,61.4600,100
41570618116110,11:32:50.618,61.4800,100
41570621696447,11:32:50.621,61.5000,197
41570621696447,11:32:50.621,61.5000,100
41572629578639,11:32:52.629,61.5900,100
41572629578639,11:32:52.629,61.5900,100
41633945226769,11:33:53.945,61.6900,1
41633947134053,11:33:53.947,61.7000,15
41636651009419,11:33:56.651,61.7200,1
41720631882041,11:35:20.631,61.6100,4
41720631882041,11:35:20.631,61.6100,56
41720631882041,11:35:20.631,61.6100,34
41720631882041,11:35:20.631,61.6100,5
41720632543527,11:35:20.632,61.6700,15
41720632987031,11:35:20.632,61.6300,3
41720877979655,11:35:20.877,61.6700,2
41720878004589,11:35:20.878,61.6700,1
41720878004589,11:35:20.878,61.6700,80
41723333281717,11:35:23.333,61.6900,92
41723333281717,11:35:23.333,61.7000,8
41723333376038,11:35:23.333,61.7000,92
41757576963132,11:35:57.576,61.7500,4
41757576963132,11:35:57.576,61.7500,96
41757576988753,11:35:57.576,61.7500,4
41757576988753,11:35:57.576,61.7500,200
41758683329234,11:35:58.683,61.7800,100
41758686607283,11:35:58.686,61.8100,100
41780918010358,11:36:20.918,61.7600,1
41834986840814,11:37:14.986,61.8300,25
41883310534965,11:38:03.310,61.8300,45
42009579415888,11:40:09.579,61.8000,1
42062855278559,11:41:02.855,61.8300,22
42062855278559,11:41:02.855,61.8500,78
42062855307180,11:41:02.855,61.8500,22
42062855307180,11:41:02.855,61.8500,12
42062855307180,11:41:02.855,61.8500,3
42062855307180,11:41:02.855,61.8500,2
42062855307180,11:41:02.855,61.8500,5
42062855308698,11:41:02.855,61.8500,44
42385581232114,11:46:25.581,61.8600,1
42421695173927,11:47:01.695,61.8100,1
42421695199938,11:47:01.695,61.8100,99
42421695199938,11:47:01.695,61.8100,12
42421696247540,11:47:01.696,61.8000,1
42421696247540,11:47:01.696,61.8000,100
42421697021672,11:47:01.697,61.7800,22
42423631361763,11:47:03.631,61.7600,1
42482240275557,11:48:02.240,61.8800,55
42482240275557,11:48:02.240,61.8800,45
42482413844962,11:48:02.413,61.8800,55
42624630715728,11:50:24.630,61.8400,2
42624630715728,11:50:24.630,61.8400,98
42647235290999,11:50:47.235,61.8400,2
42647235290999,11:50:47.235,61.8400,3
42647235290999,11:50:47.235,61.8400,74
42685793402743,11:51:25.793,61.8300,22
42685793402743,11:51:25.793,61.8300,77
42761567428514,11:52:41.567,61.8600,1
42788821374086,11:53:08.821,61.8500,200
42788821510365,11:53:08.821,61.8500,100
42804739757390,11:53:24.739,61.8200,1
42840915551656,11:54:00.915,61.8200,2
42840915551656,11:54:00.915,61.8000,100
42840915551656,11:54:00.915,61.8000,5
42840915551656,11:54:00.915,61.8000,5
42840915551656,11:54:00.915,61.8000,3
42840917889779,11:54:00.917,61.7900,100
42870124967953,11:54:30.124,61.7200,1
42870124967953,11:54:30.124,61.7200,5
42870124967953,11:54:30.124,61.7100,94
42870125288409,11:54:30.125,61.7100,6
42870125453900,11:54:30.125,61.7000,100
42870125453900,11:54:30.125,61.7000,100
42870125453900,11:54:30.125,61.7000,6
42870125787682,11:54:30.125,61.7000,100
42870125871965,11:54:30.125,61.7000,100
42870136414394,11:54:30.136,61.7100,1
42903841093440,11:55:03.841,61.7000,100
42903841093440,11:55:03.841,61.7000,1
42909008351708,11:55:09.008,61.6300,100
42917266798866,11:55:17.266,61.6100,1
42922304074197,11:55:22.304,61.6200,1
42922305564775,11:55:22.305,61.6200,1
42922306943601,11:55:22.306,61.6200,1
42923152994988,11:55:23.152,61.6200,1
42933146207965,11:55:33.146,61.6200,1
42959251134489,11:55:59.251,61.7000,100
42984878646714,11:56:24.878,61.7200,100
42984878677093,11:56:24.878,61.7200,100
42984880450177,11:56:24.880,61.7000,1
42984909598059,11:56:24.909,61.7700,100
42984910746812,11:56:24.910,61.8200,31
42984910773075,11:56:24.910,61.8200,100
42986898829273,11:56:26.898,61.7700,3
43137565784229,11:58:57.565,61.8400,1
43179599813611,11:59:39.599,61.8800,54
43204665757827,12:00:04.665,61.7900,100
43204678646656,12:00:04.678,61.7800,100
43204678646656,12:00:04.678,61.7800,2
43204678646656,12:00:04.678,61.7800,9
43235221242278,12:00:35.221,61.7800,2
43235221242278,12:00:35.221,61.7800,10
43235221242278,12:00:35.221,61.7700,2
43323866449989,12:02:03.866,61.7800,25
43323866449989,12:02:03.866,61.7800,1
43323866449989,12:02:03.866,61.7800,16
43424357774844,12:03:44.357,61.7800,7
43424357774844,12:03:44.357,61.7800,1
43424357774844,12:03:44.357,61.7800,92
43424379044373,12:03:44.379,61.7700,100
43424625518201,12:03:44.625,61.7500,1
43555069013853,12:05:55.069,61.7500,1
43555069039960,12:05:55.069,61.7500,1
43555069039960,12:05:55.069,61.7500,100
43555069039960,12:05:55.069,61.7500,8
43555070150978,12:05:55.070,61.7400,20
43555070503071,12:05:55.070,61.7300,1
43555071855899,12:05:55.071,61.7400,1
43556562314970,12:05:56.562,61.7400,4
43556563189003,12:05:56.563,61.7300,19
43556563482728,12:05:56.563,61.7100,1
43556827108669,12:05:56.827,61.7000,1
43650145789621,12:07:30.145,61.7000,3
43650145789621,12:07:30.145,61.7000,5
43650145789621,12:07:30.145,61.7000,1
43650145789621,12:07:30.145,61.7000,6
43650147650099,12:07:30.147,61.6800,100
43665414706330,12:07:45.414,61.6700,1
43665414732547,12:07:45.414,61.6700,19
43666259445823,12:07:46.259,61.6600,1
43666259471483,12:07:46.259,61.6600,1
43680837440491,12:08:00.837,61.6500,1
43738031583198,12:08:58.031,61.7200,100
43738032193004,12:08:58.032,61.7300,100
43738032193004,12:08:58.032,61.7300,15
43738032193004,12:08:58.032,61.7300,5
43738032193004,12:08:58.032,61.7300,1
43738032193004,12:08:58.032,61.7300,1
43738032193004,12:08:58.032,61.7300,2
43738032534427,12:08:58.032,61.7300,1
43738034356300,12:08:58.034,61.7500,500
43738036584373,12:08:58.036,61.8000,100
43738036679959,12:08:58.036,61.8100,100
43738037710977,12:08:58.037,61.8100,100
43739249053466,12:08:59.249,61.8200,58
43739249578112,12:08:59.249,61.8200,42
43862880512700,12:11:02.880,61.8400,3
43862884225623,12:11:02.884,61.8300,5
43862884225623,12:11:02.884,61.8300,10
43862930663851,12:11:02.930,61.8100,23
44214695738183,12:16:54.695,61.7200,1
44214709611927,12:16:54.709,61.7200,1
44216251655620,12:16:56.251,61.8000,100
44266569497910,12:17:46.569,61.7800,1
44266569497910,12:17:46.569,61.7800,100
44266570589384,12:17:46.570,61.7700,100
44266571517256,12:17:46.571,61.7600,5
44266571517256,12:17:46.571,61.7600,9
44339053981640,12:18:59.053,61.7200,1
44340026481582,12:19:00.026,61.7200,1
44340027908971,12:19:00.027,61.7200,1
44371890926017,12:19:31.890,61.7900,200
44371891168459,12:19:31.891,61.8000,11
44371891168459,12:19:31.891,61.8000,4
44371891168459,12:19:31.891,61.8000,5
44371891168459,12:19:31.891,61.8000,3
44371891168459,12:19:31.891,61.8000,100
44420475391654,12:20:20.475,61.9300,25
44420475553821,12:20:20.475,61.9300,75
44420475553821,12:20:20.475,61.9400,25
44420475580775,12:20:20.475,61.9400,75
44544193316367,12:22:24.193,62.0200,1
44544193316367,12:22:24.193,62.0200,100
44544193316367,12:22:24.193,62.0200,99
44544193343610,12:22:24.193,62.0200,1
44544193893452,12:22:24.193,62.0600,100
44544193893452,12:22:24.193,62.0600,100
44544194612084,12:22:24.194,62.0900,10
44563354730494,12:22:43.354,62.1200,1
44565418660540,12:22:45.418,62.0600,100
44565418660540,12:22:45.418,62.0500,100
44565418660540,12:22:45.418,62.0500,100
44565418660540,12:22:45.418,62.0500,4
44565418660540,12:22:45.418,62.0500,24
44565419588899,12:22:45.419,62.0400,100
44688788586211,12:24:48.788,62.0500,1
44762180798447,12:26:02.180,62.0300,2
44762181885401,12:26:02.181,62.0000,100
44772207495705,12:26:12.207,61.9900,100
44772207495705,12:26:12.207,61.9900,25
44772207495705,12:26:12.207,61.9900,1
44772207495705,12:26:12.207,61.9900,25
44772208135830,12:26:12.208,61.9700,2
44772208160130,12:26:12.208,61.9700,98
44775020002835,12:26:15.020,62.0000,4
44775020002835,12:26:15.020,62.0000,4
44775020002835,12:26:15.020,62.0000,3
44775020002835,12:26:15.020,62.0000,2
44775020002835,12:26:15.020,62.0000,87
44775020030258,12:26:15.020,62.0000,13
44775020119591,12:26:15.020,62.0000,100
44778145019883,12:26:18.145,61.9600,20
44778145019883,12:26:18.145,61.9600,32
44783670289623,12:26:23.670,62.0000,100
44795193535675,12:26:35.193,62.0100,100
44871796862491,12:27:51.796,61.9600,68
44871796862491,12:27:51.796,61.9600,1
44871797207981,12:27:51.797,61.9500,1
44871797449412,12:27:51.797,61.9400,5
44939777057932,12:28:59.777,61.9300,1
44939777057932,12:28:59.777,61.9200,100
44939777057932,12:28:59.777,61.9100,20
44939777057932,12:28:59.777,61.9000,79
44947519083008,12:29:07.519,61.9500,1000
44947519120762,12:29:07.519,61.9500,55
44947519136046,12:29:07.519,61.9500,45
44977336381817,12:29:37.336,61.9400,100
44977336381817,12:29:37.336,61.9500,2
44977336381817,12:29:37.336,61.9500,2
44977336381817,12:29:37.336,61.9500,6
44977336381817,12:29:37.336,61.9500,2
44977336471819,12:29:37.336,61.9500,100
45127257961436,12:32:07.257,61.9500,1
45212587627674,12:33:32.587,61.9100,1
45212587627674,12:33:32.587,61.9100,100
45212588009574,12:33:32.588,61.9000,25
45212588009574,12:33:32.588,61.9000,5
45245178509730,12:34:05.178,61.8900,10
45245178509730,12:34:05.178,61.8900,10
45245178509730,12:34:05.178,61.8900,2
45276030465204,12:34:36.030,61.8600,100
45276030530732,12:34:36.030,61.8600,1
45276030530732,12:34:36.030,61.8600,46
45300584762273,12:35:00.584,61.8600,1
45300587575542,12:35:00.587,61.8600,2
45308544481516,12:35:08.544,61.8400,49
45404256444820,12:36:44.256,61.8400,1
45421262165570,12:37:01.262,61.8300,20
45421262165570,12:37:01.262,61.8300,1
45421262165570,12:37:01.262,61.8100,20
45421262165570,12:37:01.262,61.8100,11
45421262165570,12:37:01.262,61.8000,25
45421262165570,12:37:01.262,61.8000,23
45441009087136,12:37:21.009,61.8700,88
45441009434255,12:37:21.009,61.8700,112
45441009689615,12:37:21.009,61.8700,63
45441011458506,12:37:21.011,61.9000,100
45441011989489,12:37:21.011,61.9000,3
45441039979214,12:37:21.039,61.9200,100
45441040356077,12:37:21.040,61.9300,100
45571298840584,12:39:31.298,61.9300,1
45571298840584,12:39:31.298,61.9000,18
45571299153330,12:39:31.299,61.8900,3
45589634493558,12:39:49.634,61.8900,12
45655960404650,12:40:55.960,61.9800,100
45655960804837,12:40:55.960,61.9800,23
45655960878942,12:40:55.960,61.9800,17
45655960878942,12:40:55.960,61.9900,83
45655960905416,12:40:55.960,61.9900,17
45655961591919,12:40:55.961,62.0000,2
45690782330416,12:41:30.782,62.0700,1
45690782866917,12:41:30.782,62.0400,100
45690782866917,12:41:30.782,62.0400,2
45690782903432,12:41:30.782,62.0400,1
45690783315427,12:41:30.783,62.0300,3
45690783322997,12:41:30.783,62.0300,77
45690783740573,12:41:30.783,62.0200,5
45843968871535,12:44:03.968,62.0100,1
45988480549581,12:46:28.480,62.0200,1
46078820422298,12:47:58.820,62.0600,15
46109030779176,12:48:29.030,61.9800,3
46109030814147,12:48:29.030,61.9800,5
46113069077916,12:48:33.069,61.9700,4
46113069077916,12:48:33.069,61.9700,1
46113069077916,12:48:33.069,61.9700,16
46113069077916,12:48:33.069,61.9700,2
46113069991561,12:48:33.069,61.9600,27
46113070294413,12:48:33.070,61.9500,50
46113070294413,12:48:33.070,61.9500,5
46113072341060,12:48:33.072,61.9400,20
46113076770197,12:48:33.076,61.9400,100
46113079634039,12:48:33.079,61.9300,10
46113079634039,12:48:33.079,61.9300,100
46113079634039,12:48:33.079,61.9300,100
46113079863772,12:48:33.079,61.9200,2
46113079888437,12:48:33.079,61.9200,88
46113079888437,12:48:33.079,61.9200,10
46113089143733,12:48:33.089,61.9200,100
46113099152173,12:48:33.099,61.9100,20
46113099152173,12:48:33.099,61.9100,100
46113099152173,12:48:33.099,61.9100,5
46113109272290,12:48:33.109,61.9000,20
46113109272290,12:48:33.109,61.9000,80
46290647218722,12:51:30.647,61.9500,1
46329340713306,12:52:09.340,61.9100,1
46330922337988,12:52:10.922,61.9100,1
46330922337988,12:52:10.922,61.9100,200
46330924759885,12:52:10.924,61.9000,100
46330924759885,12:52:10.924,61.9000,57
46408917512934,12:53:28.917,61.9200,1
46421707288842,12:53:41.707,61.8900,1
46445609142705,12:54:05.609,61.8800,1
46448906268867,12:54:08.906,61.8700,1
46448906268867,12:54:08.906,61.8700,19
46448906268867,12:54:08.906,61.8700,1
46448906268867,12:54:08.906,61.8700,79
46448907521191,12:54:08.907,61.8600,1
46480609941174,12:54:40.609,61.8700,1
46496957954197,12:54:56.957,61.8700,100
46522534999052,12:55:22.534,61.8900,1
46522544429169,12:55:22.544,61.9300,100
46597960374379,12:56:37.960,61.9900,1
46598528553311,12:56:38.528,62.0000,90
46600650583671,12:56:40.650,62.0000,100
46600650646328,12:56:40.650,62.0100,100
46606939689346,12:56:46.939,62.0400,100
46606939715396,12:56:46.939,62.0400,1
46606939715970,12:56:46.939,62.0400,1
46652667448667,12:57:32.667,62.1500,100
46658554888431,12:57:38.554,62.1900,100
46658554913616,12:57:38.554,62.1900,10
46658557786062,12:57:38.557,62.1900,100
46681872449275,12:58:01.872,62.1500,1
46681872449275,12:58:01.872,62.1500,1
46681872449275,12:58:01.872,62.1500,3
46718895685358,12:58:38.895,62.1500,5
46718895685358,12:58:38.895,62.1400,95
46718895712887,12:58:38.895,62.1400,5
46718895712887,12:58:38.895,62.1400,27
46718895712887,12:58:38.895,62.1400,1
46736218756616,12:58:56.218,62.1500,100
46747595862102,12:59:07.595,62.1700,100
46758031058878,12:59:18.031,62.1600,100
46765233720808,12:59:25.233,62.1600,100
46775615242294,12:59:35.615,62.1800,100
46775779882152,12:59:35.779,62.1600,1
46815515734224,13:00:15.515,62.1300,1
46815515734224,13:00:15.515,62.1300,28
46815515850195,13:00:15.515,62.1300,72
46815515850195,13:00:15.515,62.1300,27
46815516340106,13:00:15.516,62.1300,10
46815516340106,13:00:15.516,62.1200,39
46815516340106,13:00:15.516,62.1200,90
46815516370203,13:00:15.516,62.1200,10
46815517094090,13:00:15.517,62.1000,100
46815517129028,13:00:15.517,62.0800,5
46876042011559,13:01:16.042,62.0700,6
46977839532552,13:02:57.839,62.1100,1
46977840281548,13:02:57.840,62.1000,99
46977840721513,13:02:57.840,62.1000,1
46977840721513,13:02:57.840,62.1000,1
46977840726393,13:02:57.840,62.1000,99
47004413733175,13:03:24.413,62.0900,2
47023490406103,13:03:43.490,62.0500,20
47023490406103,13:03:43.490,62.0500,63
47023504757319,13:03:43.504,62.0400,200
47023504826832,13:03:43.504,62.0300,20
47023512843685,13:03:43.512,62.0200,1
47107134443374,13:05:07.134,62.0300,1
47118392493913,13:05:18.392,62.0200,1
47121295772652,13:05:21.295,62.0500,1
47170343919900,13:06:10.343,62.0100,1
47192242693780,13:06:32.242,62.0700,11
47192242719486,13:06:32.242,62.0300,100
47192242719486,13:06:32.242,62.0700,59
47192243006259,13:06:32.243,62.0700,30
47192243006259,13:06:32.243,62.0700,70
47238904565170,13:07:18.904,62.0500,100
47238905187375,13:07:18.905,62.0700,19
47239585970920,13:07:19.585,62.0500,1
47239660056434,13:07:19.660,62.0200,1
47239660957543,13:07:19.660,62.0100,98
47257292667086,13:07:37.292,62.0500,81
47257294584201,13:07:37.294,62.0600,19
47257624903652,13:07:37.624,62.0600,99
47257889864099,13:07:37.889,62.0600,1
47305148645136,13:08:25.148,62.0500,1
47305149496621,13:08:25.149,62.0200,60
47305149496621,13:08:25.149,62.0100,39
47358658856275,13:09:18.658,62.0100,1
47358658856275,13:09:18.658,62.0100,38
47517963152481,13:11:57.963,62.0300,1
47550141291488,13:12:30.141,62.0200,1
47550142078017,13:12:30.142,62.0000,1
47550152667594,13:12:30.152,62.0000,1
47565266691544,13:12:45.266,61.9900,1
47582830792541,13:13:02.830,61.9900,1
47615491167353,13:13:35.491,61.9900,1
47616009603656,13:13:36.009,61.9900,27
47616009603656,13:13:36.009,61.9900,60
47616009603656,13:13:36.009,61.9900,13
47616009673237,13:13:36.009,61.9900,8
47616009673237,13:13:36.009,61.9900,1
47618756462858,13:13:38.756,61.9800,1
47670086805380,13:14:30.086,61.9800,4
47670086862962,13:14:30.086,61.9700,20
47670086862962,13:14:30.086,61.9700,100
47670086862962,13:14:30.086,61.9700,1
47670086862962,13:14:30.086,61.9700,29
47670086862962,13:14:30.086,61.9700,11
47670087510644,13:14:30.087,61.9600,1
47670087510644,13:14:30.087,61.9600,19
47679349802312,13:14:39.349,61.9400,1
47712114801457,13:15:12.114,61.9900,34
47712114828735,13:15:12.114,61.9900,66
47714321374130,13:15:14.321,62.0000,11
47714321374130,13:15:14.321,62.0000,3
47714321374130,13:15:14.321,62.0000,2
47714321374130,13:15:14.321,62.0000,2
47714321374130,13:15:14.321,62.0000,82
47714321402109,13:15:14.321,62.0000,18
47723302578231,13:15:23.302,62.0000,100
47723303043848,13:15:23.303,61.9900,100
47754965046111,13:15:54.965,61.9800,100
47754965046111,13:15:54.965,61.9800,1
47834785512526,13:17:14.785,61.9600,1
47902008895407,13:18:22.008,62.0000,100
47902008895407,13:18:22.008,62.0000,1
47962022199517,13:19:22.022,62.0100,100
47977780467414,13:19:37.780,62.0100,1
48025600556753,13:20:25.600,62.0100,1
48028319386559,13:20:28.319,61.9800,100
48028319419870,13:20:28.319,61.9800,1
48028319469805,13:20:28.319,61.9800,1
48045835494411,13:20:45.835,61.9600,50
48045849959534,13:20:45.849,61.9600,4
48057702244605,13:20:57.702,61.9600,89
48058936530743,13:20:58.936,61.9600,100
48061511029650,13:21:01.511,61.9900,2
48061511029650,13:21:01.511,61.9900,3
48061511029650,13:21:01.511,61.9900,2
48061511029650,13:21:01.511,61.9900,1
48061511240609,13:21:01.511,61.9900,100
48061511622692,13:21:01.511,61.9900,100
48061512704320,13:21:01.512,62.0000,100
48071608963969,13:21:11.608,62.0200,90
48120780248635,13:22:00.780,62.0100,1
48135958080149,13:22:15.958,61.9800,1
48135958080149,13:22:15.958,61.9800,30
48143113701063,13:22:23.113,61.9700,100
48143113701063,13:22:23.113,61.9700,1
48182403651493,13:23:02.403,61.9500,5
48214862589193,13:23:34.862,61.9500,100
48257459729024,13:24:17.459,61.9900,2
48257459729024,13:24:17.459,61.9900,3
48257459729024,13:24:17.459,61.9900,2
48257459729024,13:24:17.459,61.9900,93
48257459848903,13:24:17.459,61.9900,6
48257461377046,13:24:17.461,61.9900,1
48263924798863,13:24:23.924,61.9900,1
48263930548820,13:24:23.930,61.9800,100
48263930548820,13:24:23.930,61.9800,100
48263955336849,13:24:23.955,61.9500,2
48406790369727,13:26:46.790,62.0000,100
48406790369727,13:26:46.790,62.0100,2
48406790369727,13:26:46.790,62.0100,5
48412131440877,13:26:52.131,62.0000,100
48415119315177,13:26:55.119,61.9900,1
48434444051380,13:27:14.444,62.0100,60
48485097914310,13:28:05.097,62.0100,13
48513754507561,13:28:33.754,61.9800,1
48513754507561,13:28:33.754,61.9800,100
48513754507561,13:28:33.754,61.9800,100
48513754507561,13:28:33.754,61.9800,47
48513754536676,13:28:33.754,61.9800,53
48513754536676,13:28:33.754,61.9800,100
48513754536676,13:28:33.754,61.9800,31
48513756631797,13:28:33.756,61.9600,100
48513757503897,13:28:33.757,61.9800,100
48596315943066,13:29:56.315,61.9700,2
48598040820245,13:29:58.040,61.9600,2
48652181127835,13:30:52.181,61.9800,2
48681613881903,13:31:21.613,62.0000,100
48681662311647,13:31:21.662,62.0100,22
48681662311647,13:31:21.662,62.0100,25
48707908994784,13:31:47.908,61.9800,2
48739704570447,13:32:19.704,61.9600,1
48750102158966,13:32:30.102,61.9400,100
48750102158966,13:32:30.102,61.9400,1
48750102617871,13:32:30.102,61.9300,10
48750132300208,13:32:30.132,61.9200,3
48750133279036,13:32:30.133,61.9000,10
48755345837720,13:32:35.345,61.9000,2
48829912710491,13:33:49.912,61.9200,1
48829912735244,13:33:49.912,61.9200,1
48861907920044,13:34:21.907,61.9100,1
48861907944952,13:34:21.907,61.9100,99
48861908486259,13:34:21.908,61.9000,1
48861908486259,13:34:21.908,61.9000,32
48891509456041,13:34:51.509,61.8900,10
48891509456041,13:34:51.509,61.8900,78
48891509456041,13:34:51.509,61.8900,12
48891520770197,13:34:51.520,61.8800,1
48906319010763,13:35:06.319,61.8600,1
48980908959305,13:36:20.908,61.9400,4
48980908959305,13:36:20.908,61.9400,9
48980908959305,13:36:20.908,61.9400,3
48980908959305,13:36:20.908,61.9400,98
48980908986130,13:36:20.908,61.9400,2
48980908986130,13:36:20.908,61.9400,2
48980909586642,13:36:20.909,61.9400,20
48980910168357,13:36:20.910,61.9500,3
48980910192315,13:36:20.910,61.9500,97
49033015997016,13:37:13.015,61.9600,2
49033023418963,13:37:13.023,61.9400,2
49033041254172,13:37:13.041,61.9100,100
49033041787642,13:37:13.041,61.9100,100
49073907064673,13:37:53.907,61.9600,2
49098793695358,13:38:18.793,61.9200,1
49135909015335,13:38:55.909,61.9400,2
49199029016101,13:39:59.029,61.9200,1
49202007601608,13:40:02.007,61.9300,2
49227103208208,13:40:27.103,61.9000,1
49227103233678,13:40:27.103,61.9000,99
49227103233678,13:40:27.103,61.9000,100
49256909972340,13:40:56.909,61.9200,1
49262909574468,13:41:02.909,61.9300,1
49269348435291,13:41:09.348,61.9100,30
49269357258772,13:41:09.357,61.9000,22
49317908468877,13:41:57.908,61.9200,2
49378907360500,13:42:58.907,61.9200,2
49452150976144,13:44:12.150,61.9400,65
49452151002110,13:44:12.151,61.9400,35
49452151002110,13:44:12.151,61.9400,3
49454077345767,13:44:14.077,61.9400,1
49454580918149,13:44:14.580,61.9600,17
49454580918149,13:44:14.580,61.9600,83
49455910514777,13:44:15.910,61.9700,1
49501289984542,13:45:01.289,61.9600,2
49507583265832,13:45:07.583,61.9400,3
49513372464103,13:45:13.372,61.9300,100
49513372464103,13:45:13.372,61.9300,19
49513372505412,13:45:13.372,61.9300,15
49562907744187,13:46:02.907,61.9500,2
49641068691419,13:47:21.068,61.9500,2
49641068691419,13:47:21.068,61.9400,14
49683913054035,13:48:03.913,61.9400,1
49685908939681,13:48:05.908,61.9600,1
49738915991929,13:48:58.915,61.9300,1
49744913485517,13:49:04.913,61.9400,2
49822235731125,13:50:22.235,61.9800,100
49822236000694,13:50:22.236,61.9600,10
49834913677187,13:50:34.913,61.9700,2
49837903601595,13:50:37.903,61.9400,100
49837903601595,13:50:37.903,61.9400,3
49850491742315,13:50:50.491,61.9400,100
49854323715436,13:50:54.323,61.9100,1
49854325406456,13:50:54.325,61.9100,1
49913226638302,13:51:53.226,61.9100,70
49927908644408,13:52:07.908,61.9300,2
49927911594293,13:52:07.911,61.9100,1
49927912994680,13:52:07.912,61.9100,1
49927914352862,13:52:07.914,61.9100,1
49931532738642,13:52:11.532,61.9000,1
49931532738642,13:52:11.532,61.9000,1
49934624704622,13:52:14.624,61.9100,100
49934625861479,13:52:14.625,61.9000,1
49934625887222,13:52:14.625,61.9000,99
49935140928686,13:52:15.140,61.9200,100
49989999522936,13:53:09.999,61.9300,5
49990908830429,13:53:10.908,61.9600,100
49990910146986,13:53:10.910,61.9400,1
49991909397284,13:53:11.909,61.9600,1
49991911314359,13:53:11.911,61.9600,1
49993764736469,13:53:13.764,61.9400,14
50034113405538,13:53:54.113,62.0000,100
50050456507414,13:54:10.456,61.9900,1
50050457928146,13:54:10.457,61.9900,1
50050805492156,13:54:10.805,61.9900,1
50056181303288,13:54:16.181,62.0100,100
50056181674850,13:54:16.181,62.0200,10
50056181699446,13:54:16.181,62.0200,90
50057009030421,13:54:17.009,62.0500,100
50057009054682,13:54:17.009,62.0500,100
50058921303171,13:54:18.921,62.0900,2
50061369259366,13:54:21.369,62.0700,100
50105994939533,13:55:05.994,62.0200,10
50106025018013,13:55:06.025,62.0200,5
50106025018013,13:55:06.025,62.0100,5
50114907732950,13:55:14.907,62.0000,10
50114908845081,13:55:14.908,61.9900,1
50114908845081,13:55:14.908,61.9900,2
50114909396797,13:55:14.909,61.9800,10
50114909803951,13:55:14.909,61.9700,20
50186911266236,13:56:26.911,62.0100,2
50232908282640,13:57:12.908,62.0000,2
50234547642704,13:57:14.547,61.9800,1
50234547642704,13:57:14.547,61.9800,99
50234547670630,13:57:14.547,61.9800,1
50234548126235,13:57:14.548,61.9600,21
50234548160544,13:57:14.548,61.9600,1
50234548180419,13:57:14.548,61.9600,78
50234548743599,13:57:14.548,61.9600,5
50304782371700,13:58:24.782,61.9400,2
50304783504169,13:58:24.783,61.9300,10
50304783504169,13:58:24.783,61.9300,10
50304783504169,13:58:24.783,61.9300,1
50304783605696,13:58:24.783,61.9200,10
50304783605696,13:58:24.783,61.9200,10
50304783867102,13:58:24.783,61.9100,10
50304783867102,13:58:24.783,61.9100,10
50376909897091,13:59:36.909,61.9700,2
50378940086324,13:59:38.940,61.9000,100
50402713070784,14:00:02.713,61.8900,1
50402713070784,14:00:02.713,61.8900,3
50402713397863,14:00:02.713,61.8800,10
50402713397863,14:00:02.713,61.8800,24
50402713397863,14:00:02.713,61.8800,47
50402713441336,14:00:02.713,61.8800,41
50409484896410,14:00:09.484,61.9700,34
50409486996813,14:00:09.486,62.0100,6
50409486996813,14:00:09.486,62.0100,5
50409486996813,14:00:09.486,62.0100,3
50409486996813,14:00:09.486,62.0100,4
50409487536456,14:00:09.487,62.0600,31
50409487539830,14:00:09.487,61.9700,1
50415805041219,14:00:15.805,61.9800,100
50415805133254,14:00:15.805,61.9700,99
50415805133254,14:00:15.805,61.9700,1
50415805419135,14:00:15.805,61.9700,99
50415805419135,14:00:15.805,61.9700,100
50415805419135,14:00:15.805,61.9700,1
50415805419135,14:00:15.805,61.9700,66
50415806105044,14:00:15.806,61.9800,100
50416623503460,14:00:16.623,61.9800,37
50471398633916,14:01:11.398,61.9200,46
50471400708411,14:01:11.400,61.9200,54
50471400708411,14:01:11.400,61.9200,5
50471400708411,14:01:11.400,61.9200,39
50537908371997,14:02:17.908,61.9700,2
50605034072583,14:03:25.034,62.0400,2
50605052010058,14:03:25.052,61.9900,2
50605053286168,14:03:25.053,62.0000,5
50605053286168,14:03:25.053,61.9800,95
50605053319975,14:03:25.053,61.9800,5
50605055012506,14:03:25.055,61.9700,100
50605061446603,14:03:25.061,61.9500,100
50605067896578,14:03:25.067,61.9200,37
50605067924768,14:03:25.067,61.9300,100
50605067924768,14:03:25.067,61.9300,100
50605069573780,14:03:25.069,61.8800,10
50605069633347,14:03:25.069,61.8700,10
50605071510892,14:03:25.071,61.8600,100
50605077882226,14:03:25.077,61.8500,20
50643021440378,14:04:03.021,62.0000,9
50643022527551,14:04:03.022,61.9900,1
50643672932279,14:04:03.672,62.0350,100
50643672932279,14:04:03.672,62.0350,100
50657810829610,14:04:17.810,62.0900,80
50657810829610,14:04:17.810,62.0900,20
50667555869803,14:04:27.555,62.1000,100
50667555869803,14:04:27.555,62.1000,15
50667910526298,14:04:27.910,62.1300,2
50667910860996,14:04:27.910,62.1300,100
50706854545322,14:05:06.854,62.1900,1
50706854878439,14:05:06.854,62.1900,10
50706854893282,14:05:06.854,62.1900,1
50706854895043,14:05:06.854,62.1900,29
50706854901183,14:05:06.854,62.1900,20
50725947551248,14:05:25.947,62.1900,2
50782912894348,14:06:22.912,62.1900,2
50843910497041,14:07:23.910,62.2000,2
50903906854349,14:08:23.906,62.1900,2
50926970905624,14:08:46.970,62.1900,1
50926971003106,14:08:46.971,62.2100,70
50927102290194,14:08:47.102,62.1500,3
50927102290194,14:08:47.102,62.1300,39
50927102290194,14:08:47.102,62.1300,58
50929032640181,14:08:49.032,62.0900,1
50932360285945,14:08:52.360,62.1150,100
50940394420645,14:09:00.394,62.0800,100
50940394420645,14:09:00.394,62.0700,45
50955439000415,14:09:15.439,62.0800,100
50955439000415,14:09:15.439,62.0800,42
50955439000415,14:09:15.439,62.0800,1
50955440196512,14:09:15.440,62.0700,100
50981065728364,14:09:41.065,62.0400,20
50981082678869,14:09:41.082,62.0200,20
50981082678869,14:09:41.082,62.0200,200
50981082983932,14:09:41.082,62.0100,10
50997662012091,14:09:57.662,62.0100,5
50997662012091,14:09:57.662,62.0100,95
50997665472573,14:09:57.665,62.0100,5
50997665472573,14:09:57.665,62.0100,1
51039777043309,14:10:39.777,61.9900,1
51048956431120,14:10:48.956,62.0200,1
51048956456086,14:10:48.956,62.0200,1
51083046061051,14:11:23.046,62.0100,100
51083046061051,14:11:23.046,62.0500,107
51087910845867,14:11:27.910,62.0300,2
51087962610477,14:11:27.962,61.9800,1
51088685188929,14:11:28.685,61.9600,1
51089026407653,14:11:29.026,62.0200,100
51089027553970,14:11:29.027,62.0200,1
51089033673619,14:11:29.033,62.0500,100
51089033747436,14:11:29.033,62.0500,59
51089035006244,14:11:29.035,62.0500,5
51089035652680,14:11:29.035,62.0600,10
51089035652680,14:11:29.035,62.0600,18
51089035652680,14:11:29.035,62.0600,7
51089252009910,14:11:29.252,62.0200,99
51108022147890,14:11:48.022,62.0150,100
51108022234620,14:11:48.022,62.0400,100
51129643878535,14:12:09.643,62.0000,100
51129643891720,14:12:09.643,62.0300,41
51129643893374,14:12:09.643,62.0300,33
51129643904403,14:12:09.643,62.0300,26
51129643904403,14:12:09.643,62.0300,14
51129644009301,14:12:09.644,62.0300,1
51129644009301,14:12:09.644,62.0300,12
51129857164213,14:12:09.857,62.0200,17
51129908975164,14:12:09.908,62.0200,17
51130019905361,14:12:10.019,62.0500,100
51130022812066,14:12:10.022,62.0400,200
51148123833662,14:12:28.123,62.0400,97
51148123859725,14:12:28.123,62.0400,103
51148123859725,14:12:28.123,62.0400,100
51173736529280,14:12:53.736,62.0600,1
51173737389184,14:12:53.737,62.0200,100
51173737389184,14:12:53.737,62.0200,1
51184282206156,14:13:04.282,62.0600,3
51196731769596,14:13:16.731,62.0650,100
51199839133205,14:13:19.839,62.1000,7
51199839133205,14:13:19.839,62.1000,100
51199839133205,14:13:19.839,62.1000,2
51207908075027,14:13:27.908,62.1400,2
51219187330619,14:13:39.187,62.0800,78
51231953291518,14:13:51.953,62.1300,1
51243246114609,14:14:03.246,62.0700,21
51243246114609,14:14:03.246,62.0700,20
51243246310545,14:14:03.246,62.0500,66
51243246490120,14:14:03.246,62.0500,34
51243246490120,14:14:03.246,62.0500,66
51243246515564,14:14:03.246,62.0500,134
51247021141887,14:14:07.021,62.0700,100
51247143656686,14:14:07.143,62.0700,100
51247506492049,14:14:07.506,62.0800,100
51256520297739,14:14:16.520,62.0800,100
51257169410241,14:14:17.169,62.0800,100
51275810770805,14:14:35.810,62.0900,100
51277021486458,14:14:37.021,62.0800,100
51277021512457,14:14:37.021,62.0800,100
51277021512457,14:14:37.021,62.0800,100
51292955542788,14:14:52.955,62.0700,1
51300233109550,14:15:00.233,62.0400,1
51300234605039,14:15:00.234,62.0300,39
51300264552076,14:15:00.264,62.0200,6
51300268528574,14:15:00.268,61.9900,1
51301038743107,14:15:01.038,62.0400,100
51304047872974,14:15:04.047,62.0900,6
51324421428344,14:15:24.421,62.0400,40
51324421428344,14:15:24.421,62.0300,60
51324422351010,14:15:24.422,62.0200,44
51324428076460,14:15:24.428,62.0200,100
51324428076460,14:15:24.428,62.0200,56
51324429044855,14:15:24.429,62.0200,44
51324926534444,14:15:24.926,62.0900,3
51354954112029,14:15:54.954,62.0800,2
51381738535286,14:16:21.738,62.0200,1
51381739253508,14:16:21.739,62.0100,40
51381739253508,14:16:21.739,62.0100,100
51381739253508,14:16:21.739,62.0100,5
51381739253508,14:16:21.739,62.0100,100
51381739253508,14:16:21.739,62.0100,1
51381739282275,14:16:21.739,62.0100,100
51386526262044,14:16:26.526,62.0200,100
51386526287387,14:16:26.526,62.0200,100
51386526287387,14:16:26.526,62.0200,100
51386526700629,14:16:26.526,61.9500,25
51403028052907,14:16:43.028,62.0200,100
51403954729960,14:16:43.954,62.0200,22
51403955111106,14:16:43.955,62.0200,78
51403955111106,14:16:43.955,62.0200,1
51427034265106,14:17:07.034,62.0100,100
51427034289797,14:17:07.034,62.0100,100
51450019525639,14:17:30.019,62.0400,76
51450019525639,14:17:30.019,62.0400,16
51450020011931,14:17:30.020,62.0400,4
51450020011931,14:17:30.020,62.0400,5
51450020061999,14:17:30.020,62.0400,9
51450020085653,14:17:30.020,62.0400,9
51451471210033,14:17:31.471,62.0500,5
51451471210033,14:17:31.471,62.0500,4
51451471210033,14:17:31.471,62.0500,4
51476955212276,14:17:56.955,62.0800,1
51479952178230,14:17:59.952,62.0200,125
51479952178230,14:17:59.952,62.0200,1
51479952178230,14:17:59.952,62.0200,25
51508008294670,14:18:28.008,62.0600,2
51530824755299,14:18:50.824,62.0200,2
51536953667837,14:18:56.953,62.0600,2
51541302662139,14:19:01.302,62.0200,23
51541303656833,14:19:01.303,61.9700,100
51597956832095,14:19:57.956,62.0200,1
51597956832095,14:19:57.956,62.0200,80
51628015220472,14:20:28.015,62.0200,2
51656662120888,14:20:56.662,61.9800,100
51656662120888,14:20:56.662,61.9800,2
51656662165816,14:20:56.662,62.0000,41
51656662190477,14:20:56.662,61.9900,12
51656662239665,14:20:56.662,61.9900,41
51656662575825,14:20:56.662,61.9800,12
51656662796331,14:20:56.662,61.9700,100
51656663083765,14:20:56.663,61.9600,15
51656663103032,14:20:56.663,61.9600,80
51656663134019,14:20:56.663,61.9700,100
51656663331487,14:20:56.663,61.9600,5
51656663331487,14:20:56.663,61.9500,4
51675360358352,14:21:15.360,61.9700,100
51690962267439,14:21:30.962,61.9900,1
51708323554476,14:21:48.323,62.0100,1
51720029700487,14:22:00.029,62.0100,1
51748022875699,14:22:28.022,62.0100,1
51748023594672,14:22:28.023,62.0100,200
51748024217848,14:22:28.024,62.0200,100
51748024217848,14:22:28.024,62.0400,10
51748024393861,14:22:28.024,62.0500,100
51748024393861,14:22:28.024,62.0500,10
51748025521258,14:22:28.025,62.0100,18
51759439279631,14:22:39.439,62.0100,100
51759439279631,14:22:39.439,62.0000,75
51767518323593,14:22:47.518,62.0000,25
51767518323593,14:22:47.518,62.0000,1
51767518323593,14:22:47.518,62.0000,100
51767518323593,14:22:47.518,62.0000,1
51780955078672,14:23:00.955,62.0400,1
51808021162402,14:23:28.021,62.0300,2
51808021264819,14:23:28.021,62.0300,100
51808024939931,14:23:28.024,62.0300,100
51808293469629,14:23:28.293,62.0300,70
51808293761611,14:23:28.293,62.0300,29
51808293761611,14:23:28.293,62.0300,1
51837418581321,14:23:57.418,62.0100,100
51837418581321,14:23:57.418,62.0000,100
51837958078775,14:23:57.958,62.0100,100
51837958078775,14:23:57.958,62.0000,100
51837958078775,14:23:57.958,62.0000,76
51841693268552,14:24:01.693,62.0000,24
51841693637432,14:24:01.693,61.9900,100
51841693642730,14:24:01.693,61.9900,100
51841693969348,14:24:01.693,61.9800,100
51841696335481,14:24:01.696,61.9250,100
51842783215009,14:24:02.783,61.9500,49
51931520562781,14:25:31.520,61.9700,3
51931520562781,14:25:31.520,61.9700,4
51931520562781,14:25:31.520,61.9700,6
51931520562781,14:25:31.520,61.9700,100
51931520562781,14:25:31.520,61.9700,44
51931520591848,14:25:31.520,61.9700,10
51931959361769,14:25:31.959,61.9800,2
51931959385789,14:25:31.959,61.9800,98
51939239631745,14:25:39.239,62.0000,2400
51939239659300,14:25:39.239,62.0000,2545
51939239694805,14:25:39.239,62.0000,200
51939239732240,14:25:39.239,62.0000,14623
51939239732240,14:25:39.239,62.0000,100
51941010485272,14:25:41.010,62.1700,2
51957917811898,14:25:57.917,62.1200,200
51957917811898,14:25:57.917,62.1100,1
51958072043395,14:25:58.072,62.1200,100
51958181829146,14:25:58.181,62.1200,2
51958182697690,14:25:58.182,62.1100,98
51958182980856,14:25:58.182,62.1100,2
51958182980856,14:25:58.182,62.1100,97
51958183258824,14:25:58.183,62.1100,2
51960825089269,14:26:00.825,62.1800,100
51960825089269,14:26:00.825,62.1800,100
51961921889173,14:26:01.921,62.1200,100
51961981752399,14:26:01.981,62.1100,100
51962068412906,14:26:02.068,62.1100,100
51963270234807,14:26:03.270,62.1100,97
51988009087348,14:26:28.009,62.1500,2
52000187349109,14:26:40.187,62.1100,41
52000187349109,14:26:40.187,62.1100,10
52007739881314,14:26:47.739,62.1100,90
52007739920637,14:26:47.739,62.1100,82
52007740357109,14:26:47.740,62.1100,18
52025956885204,14:27:05.956,62.1100,2
52057015715744,14:27:37.015,62.1200,1
52059947337024,14:27:39.947,62.1400,25
52085958077541,14:28:05.958,62.1300,2
52086213982701,14:28:06.213,62.1300,100
52086213982701,14:28:06.213,62.1300,3
52086213982701,14:28:06.213,62.1300,1
52086696051666,14:28:06.696,62.1300,100
52086908056065,14:28:06.908,62.1300,100
52089378398795,14:28:09.378,62.0700,68
52091454001019,14:28:11.454,62.0700,32
52091454001019,14:28:11.454,62.0700,100
52091454001019,14:28:11.454,62.0700,2
52091454001019,14:28:11.454,62.0700,66
52091454834071,14:28:11.454,62.0700,34
52091454834071,14:28:11.454,62.0700,66
52092284929754,14:28:12.284,62.0700,100
52095312038750,14:28:15.312,62.0700,66
52101964115033,14:28:21.964,62.0700,34
52133979556313,14:28:53.979,62.0600,100
52133979556313,14:28:53.979,62.0600,100
52133979556313,14:28:53.979,62.0600,100
52133979556313,14:28:53.979,62.0600,23
52133979620099,14:28:53.979,62.0600,77
52133979620099,14:28:53.979,62.0600,23
52133979982053,14:28:53.979,62.0600,32
52133979982053,14:28:53.979,62.0600,1
52133979982053,14:28:53.979,62.0600,66
52133981142265,14:28:53.981,62.0600,100
52169288888770,14:29:29.288,62.0600,123
52197030364913,14:29:57.030,62.0900,1
52197030393972,14:29:57.030,62.0600,77
52197030393972,14:29:57.030,62.0800,122
52197030514455,14:29:57.030,62.0800,1
52197030514455,14:29:57.030,62.0900,99
52197030514455,14:29:57.030,62.0900,70
52197030555053,14:29:57.030,62.0900,30
52197037235271,14:29:57.037,62.0700,1
52197049509475,14:29:57.049,62.0700,100
52197786254881,14:29:57.786,62.0400,100
52197787990860,14:29:57.787,62.0300,100
52198518949785,14:29:58.518,62.0300,100
52204886364855,14:30:04.886,62.0300,1
52206444227170,14:30:06.444,62.0200,1
52206444227170,14:30:06.444,62.0200,42
52206444227170,14:30:06.444,62.0200,4
52210956376607,14:30:10.956,62.0600,2
52212665548689,14:30:12.665,62.0300,2
52213887706720,14:30:13.887,62.0300,100
52213887706720,14:30:13.887,62.0200,2
52215612172324,14:30:15.612,62.0200,98
52215612172324,14:30:15.612,62.0200,2
52227647022241,14:30:27.647,62.0200,60
52227647022241,14:30:27.647,62.0200,100
52227647022241,14:30:27.647,62.0100,40
52227647465146,14:30:27.647,62.0100,60
52227647465146,14:30:27.647,62.0100,42
52227700893028,14:30:27.700,62.0100,58
52227700893028,14:30:27.700,62.0100,100
52229011903832,14:30:29.011,62.0600,2
52239094885733,14:30:39.094,62.0100,100
52239953218411,14:30:39.953,62.0100,1
52241263394439,14:30:41.263,62.0100,33
52248915184441,14:30:48.915,62.0800,100
52251655372666,14:30:51.655,62.0300,100
52268953340955,14:31:08.953,62.0800,1
52272862954406,14:31:12.862,62.0300,7
52277073913132,14:31:17.073,62.0200,100
52277073913132,14:31:17.073,62.0200,1
52288653747416,14:31:28.653,62.0100,100
52288653747416,14:31:28.653,62.0100,5
52292608524388,14:31:32.608,62.0100,1
52294638305939,14:31:34.638,62.0100,99
52294638391520,14:31:34.638,62.0600,1
52294638391520,14:31:34.638,62.0600,100
52294639120112,14:31:34.639,62.0100,1
52296556588142,14:31:36.556,62.0000,100
52310458115464,14:31:50.458,62.0000,100
52310954071213,14:31:50.954,62.0000,101
52329955186527,14:32:09.955,62.0500,1
52349014440547,14:32:29.014,62.0400,2
52349015236041,14:32:29.015,62.0000,98
52383725949555,14:33:03.725,62.0000,2
52383725949555,14:33:03.725,62.0000,1
52383725949555,14:33:03.725,62.0000,97
52391958367432,14:33:11.958,62.0600,1
52391959174139,14:33:11.959,62.0300,1
52394109561613,14:33:14.109,62.0350,100
52394951888159,14:33:14.951,62.0500,100
52394951913635,14:33:14.951,62.0500,1
52394951974812,14:33:14.951,62.0500,30
52394951974812,14:33:14.951,62.0500,19
52394951974812,14:33:14.951,62.0500,1
52394951976791,14:33:14.951,62.0500,16
52394952024286,14:33:14.952,62.0500,49
52394952118476,14:33:14.952,62.0500,24
52397446713525,14:33:17.446,62.0400,21
52399743658969,14:33:19.743,62.0400,21
52401346668392,14:33:21.346,62.0300,21
52421941659924,14:33:41.941,62.0300,21
52422954529522,14:33:42.954,62.0300,2
52441162484382,14:34:01.162,62.0400,100
52441162484382,14:34:01.162,62.0300,100
52441162484382,14:34:01.162,62.0300,1
52441162484382,14:34:01.162,62.0300,4
52441695627374,14:34:01.695,62.0300,100
52445103632176,14:34:05.103,62.0500,2
52445107474275,14:34:05.107,62.0500,10
52453456114477,14:34:13.456,62.0600,100
52453456686958,14:34:13.456,62.0600,20
52453457673279,14:34:13.457,62.0500,10
52453966099129,14:34:13.966,62.0600,2
52453966153181,14:34:13.966,62.0600,8
52454110161978,14:34:14.110,62.0600,100
52458443107615,14:34:18.443,62.0900,200
52458443107615,14:34:18.443,62.0900,100
52458443107615,14:34:18.443,62.0900,100
52458443228134,14:34:18.443,62.0900,62
52458443341798,14:34:18.443,62.0900,38
52458473991132,14:34:18.473,62.1000,1
52459146842448,14:34:19.146,62.1300,100
52469013463559,14:34:29.013,62.2000,2
52502957111670,14:35:02.957,62.1800,100
52502957111670,14:35:02.957,62.1800,1
52513778719073,14:35:13.778,62.1900,99
52514010938044,14:35:14.010,62.1900,1
52514010938044,14:35:14.010,62.1900,100
52515990635234,14:35:15.990,62.1900,100
52515990635234,14:35:15.990,62.1800,1
52517870409727,14:35:17.870,62.1800,99
52517870409727,14:35:17.870,62.1800,1
52528009856925,14:35:28.009,62.2000,2
52542299771602,14:35:42.299,62.1700,100
52542299771602,14:35:42.299,62.1700,98
52542299771602,14:35:42.299,62.1700,1
52542300007455,14:35:42.300,62.1700,68
52549343310391,14:35:49.343,62.2000,100
52552299010734,14:35:52.299,62.1900,100
52552299010734,14:35:52.299,62.1800,84
52552376428846,14:35:52.376,62.1800,100
52552376428846,14:35:52.376,62.1800,100
52552376428846,14:35:52.376,62.1800,100
52552954351585,14:35:52.954,62.1800,1
52565545583494,14:36:05.545,62.1500,100
52565545873812,14:36:05.545,62.1500,46
52565545988020,14:36:05.545,62.1500,37
52565546144667,14:36:05.546,62.1500,16
52565546144667,14:36:05.546,62.1500,43
52565546874366,14:36:05.546,62.1400,20
52625254769414,14:37:05.254,62.2000,93
52636839537981,14:37:16.839,62.1700,100
52636839537981,14:37:16.839,62.2000,100
52636839537981,14:37:16.839,62.2000,100
52636839790999,14:37:16.839,62.2000,48
52636840020846,14:37:16.840,62.2000,52
52636849097959,14:37:16.849,62.1800,10
52636849097959,14:37:16.849,62.1800,2
52636955090442,14:37:16.955,62.1900,2
52636959051715,14:37:16.959,62.1700,1
52642641281090,14:37:22.641,62.2000,6
52650386216512,14:37:30.386,62.2000,2
52652597975439,14:37:32.597,62.2200,1
52657866251663,14:37:37.866,62.2100,1
52657867098686,14:37:37.867,62.2000,99
52657867152780,14:37:37.867,62.2000,1
52657867152780,14:37:37.867,62.2000,99
52657867331762,14:37:37.867,62.2000,1
52657867331762,14:37:37.867,62.2000,100
52663513229553,14:37:43.513,62.1900,1
52663513255094,14:37:43.513,62.1900,99
52663513255094,14:37:43.513,62.1900,1
52664750577140,14:37:44.750,62.1500,5
52673265706410,14:37:53.265,62.1300,20
52673265706410,14:37:53.265,62.1300,80
52673265934155,14:37:53.265,62.1300,20
52695953069092,14:38:15.953,62.1900,1
52701394348765,14:38:21.394,62.1600,2
52708030726705,14:38:28.030,62.1800,2
52716291098845,14:38:36.291,62.1600,100
52723887257300,14:38:43.887,62.1700,50
52728613037635,14:38:48.613,62.2200,5
52729773102270,14:38:49.773,62.2200,75
52749226068092,14:39:09.226,62.2000,100
52749228896547,14:39:09.228,62.1700,100
52749229045139,14:39:09.229,62.1500,100
52749229322898,14:39:09.229,62.1500,100
52749229380735,14:39:09.229,62.1500,1
52749230022021,14:39:09.230,62.1500,100
52749342357359,14:39:09.342,62.1500,100
52763756121227,14:39:23.756,62.1300,23
52763757677672,14:39:23.757,62.1200,20
52763758777510,14:39:23.758,62.1100,20
52763758777510,14:39:23.758,62.1100,80
52763758803949,14:39:23.758,62.1100,20
52764862424694,14:39:24.862,62.1300,100
52765771100812,14:39:25.771,62.1400,37
52791300439491,14:39:51.300,62.1100,100
52791302668939,14:39:51.302,62.1100,100
52791451856363,14:39:51.451,62.1000,10
52791451856363,14:39:51.451,62.1000,100
52791451856363,14:39:51.451,62.1000,100
52791451856363,14:39:51.451,62.1000,61
52807138584801,14:40:07.138,62.0900,6
52807138584801,14:40:07.138,62.0900,4
52828017567032,14:40:28.017,62.1100,2
52837712962298,14:40:37.712,62.0800,2
52837712962298,14:40:37.712,62.0800,1
52837712962298,14:40:37.712,62.0700,45
52837712962298,14:40:37.712,62.0700,52
52892245526857,14:41:32.245,62.0800,2
52892245526857,14:41:32.245,62.0800,2
52892730907102,14:41:32.730,62.0700,48
52892733756716,14:41:32.733,62.0900,7
52896740111566,14:41:36.740,62.1000,74
52898243070251,14:41:38.243,62.0800,100
52902666453236,14:41:42.666,62.1000,26
52902666453236,14:41:42.666,62.1000,74
52902666606353,14:41:42.666,62.1000,26
52902667037284,14:41:42.667,62.0900,15
52909930575103,14:41:49.930,62.1100,100
52916286893314,14:41:56.286,62.1100,100
52917247293333,14:41:57.247,62.0900,100
52917247293333,14:41:57.247,62.0900,100
52941287538507,14:42:21.287,62.1300,1
52941288250749,14:42:21.288,62.0900,100
52941288250749,14:42:21.288,62.0900,5
52941288250749,14:42:21.288,62.0900,1
52941288250749,14:42:21.288,62.0900,1
52941288278702,14:42:21.288,62.0900,99
52965685602186,14:42:45.685,62.0800,100
52965685602186,14:42:45.685,62.0800,100
52965685602186,14:42:45.685,62.0800,45
52965685602186,14:42:45.685,62.0800,100
52965685602186,14:42:45.685,62.0800,1
52965685602186,14:42:45.685,62.0800,26
52980286844671,14:43:00.286,62.0600,10
52980287670604,14:43:00.287,62.0500,10
52980288415075,14:43:00.288,62.0400,10
52980288415075,14:43:00.288,62.0400,55
52996037099021,14:43:16.037,62.0400,77
52996037117201,14:43:16.037,62.0400,35
52996037124470,14:43:16.037,62.0500,100
53007539204104,14:43:27.539,62.0800,70
53020442387530,14:43:40.442,62.0300,5
53020442387530,14:43:40.442,62.0300,95
53025748119014,14:43:45.748,62.0300,100
53025905507823,14:43:45.905,62.0300,100
53025905507823,14:43:45.905,62.0200,100
53025906096350,14:43:45.906,62.0200,100
53027365417378,14:43:47.365,62.0600,59
53027370803819,14:43:47.370,62.0200,100
53027370803819,14:43:47.370,62.0200,100
53056555292864,14:44:16.555,62.0400,83
53086908420343,14:44:46.908,62.0700,9
53086908465610,14:44:46.908,62.0700,91
53086908465610,14:44:46.908,62.0700,100
53086908465610,14:44:46.908,62.0700,9
53086908836274,14:44:46.908,62.0700,91
53086910922465,14:44:46.910,62.0500,1
53087959112570,14:44:47.959,62.0500,1
53089915323212,14:44:49.915,62.0500,1
53089915323212,14:44:49.915,62.0500,1
53089916095425,14:44:49.916,62.0300,99
53090244157509,14:44:50.244,62.0600,70
53093036196703,14:44:53.036,62.0700,1
53095684607328,14:44:55.684,62.0300,1
53095684607328,14:44:55.684,62.0300,1
53095684607328,14:44:55.684,62.0300,86
53095684607328,14:44:55.684,62.0300,99
53107098742473,14:45:07.098,62.0200,26
53107098742473,14:45:07.098,62.0200,2
53140139735198,14:45:40.139,62.0000,45
53140139735198,14:45:40.139,62.0000,20
53140139735198,14:45:40.139,62.0000,100
53140139735198,14:45:40.139,62.0000,8
53140139735198,14:45:40.139,62.0000,1
53140139735198,14:45:40.139,62.0000,5
53140140005845,14:45:40.140,61.9900,10
53168611689873,14:46:08.611,62.0600,100
53168611725587,14:46:08.611,62.0700,100
53184141542196,14:46:24.141,62.0300,1
53184141542196,14:46:24.141,62.0000,99
53191244971160,14:46:31.244,62.0500,10
53191244971160,14:46:31.244,62.0600,3
53191244971160,14:46:31.244,62.0600,12
53191244971160,14:46:31.244,62.0600,5
53191244971160,14:46:31.244,62.0600,2
53191244971160,14:46:31.244,62.0600,68
53191245052615,14:46:31.245,62.0600,32
53192820571096,14:46:32.820,62.0800,100
53196499832748,14:46:36.499,62.0500,2
53221775890434,14:47:01.775,62.0200,10
53222497766953,14:47:02.497,62.0100,1
53222497766953,14:47:02.497,62.0100,100
53236729356585,14:47:16.729,62.0600,5
53236730493836,14:47:16.730,62.0400,100
53236731930928,14:47:16.731,62.0300,12
53236731930928,14:47:16.731,62.0300,70
53244955981180,14:47:24.955,62.0600,12
53244956162358,14:47:24.956,62.0500,2
53248015771094,14:47:28.015,62.0500,2
53283304857329,14:48:03.304,62.0300,1
53283304857329,14:48:03.304,62.0300,32
53283305768321,14:48:03.305,62.0200,67
53283305931574,14:48:03.305,62.0200,33
53283305931574,14:48:03.305,62.0200,75
53297276641463,14:48:17.276,62.0200,46
53306791554190,14:48:26.791,62.0800,100
53306791554190,14:48:26.791,62.0800,100
53306791655088,14:48:26.791,62.0600,10
53306795576679,14:48:26.795,62.0400,1
53313655650929,14:48:33.655,62.0600,2
53325298940711,14:48:45.298,62.0400,17
53325299230413,14:48:45.299,62.0400,83
53325299230413,14:48:45.299,62.0400,1
53368265827017,14:49:28.265,62.0700,10
53368270741138,14:49:28.270,62.0500,1
53368270741138,14:49:28.270,62.0500,2
53368272288478,14:49:28.272,62.0200,88
53368272496507,14:49:28.272,62.0200,12
53368272496507,14:49:28.272,62.0200,4
53368272496507,14:49:28.272,62.0200,88
53415810515886,14:50:15.810,62.0300,100
53418241940184,14:50:18.241,62.0600,100
53418241940184,14:50:18.241,62.0600,100
53418241940184,14:50:18.241,62.0600,50
53418243503159,14:50:18.243,62.0700,4
53418243503159,14:50:18.243,62.0700,3
53418243503159,14:50:18.243,62.0700,1
53418292235829,14:50:18.292,62.0700,2
53418292235829,14:50:18.292,62.0700,100
53418292235829,14:50:18.292,62.0700,100
53418292235829,14:50:18.292,62.0700,100
53418292520643,14:50:18.292,62.0600,100
53418292522423,14:50:18.292,62.0600,50
53418292522423,14:50:18.292,62.0600,50
53418292560598,14:50:18.292,62.0600,50
53418292805422,14:50:18.292,62.0700,100
53418292830708,14:50:18.292,62.0700,30
53418293916281,14:50:18.293,62.0600,30
53427954215037,14:50:27.954,62.0500,1
53428018879323,14:50:28.018,62.0500,2
53437009417544,14:50:37.009,62.0500,19
53437588515802,14:50:37.588,62.0500,100
53437588515802,14:50:37.588,62.0400,19
53437588515802,14:50:37.588,62.0400,100
53437588515802,14:50:37.588,62.0400,1
53438038138740,14:50:38.038,62.0400,100
53438193706351,14:50:38.193,62.0200,100
53438193706351,14:50:38.193,62.0200,12
53446773227845,14:50:46.773,62.0200,46
53447507419685,14:50:47.507,62.0000,10
53464745157716,14:51:04.745,61.9800,20
53517028790243,14:51:57.028,61.9900,2
53517028814590,14:51:57.028,61.9900,1
53517028880519,14:51:57.028,61.9900,97
53517028880519,14:51:57.028,61.9900,100
53517365319952,14:51:57.365,62.0000,5
53517365319952,14:51:57.365,62.0000,2
53517365319952,14:51:57.365,62.0000,2
53548573100105,14:52:28.573,62.0600,99
53548573100105,14:52:28.573,62.0800,1
53548573100105,14:52:28.573,62.0800,101
53548573128276,14:52:28.573,62.0800,99
53549452838678,14:52:29.452,62.0300,38
53549452838678,14:52:29.452,62.0300,55
53549473965543,14:52:29.473,62.0700,6
53561119268181,14:52:41.119,62.0400,100
53561120774923,14:52:41.120,62.0300,2
53561120774923,14:52:41.120,62.0300,5
53561389641026,14:52:41.389,62.0300,40
53574768173847,14:52:54.768,62.0400,100
53576727677579,14:52:56.727,62.0400,40
53577807615116,14:52:57.807,62.0400,6
53577807615116,14:52:57.807,62.0400,34
53577807925191,14:52:57.807,62.0400,6
53577962232272,14:52:57.962,62.0200,40
53608025421926,14:53:28.025,62.0300,2
53608025476971,14:53:28.025,62.0300,20
53608744770852,14:53:28.744,62.0700,1
53630654730241,14:53:50.654,62.0800,5
53630654730241,14:53:50.654,62.0800,100
53630654730241,14:53:50.654,62.0800,100
53635025056867,14:53:55.025,62.1100,100
53637026768534,14:53:57.026,62.1700,100
53661343484796,14:54:21.343,62.1700,2
53661343484796,14:54:21.343,62.1700,2
53661343484796,14:54:21.343,62.1700,100
53661343484796,14:54:21.343,62.1700,100
53727455976977,14:55:27.455,62.1500,1
53728023589412,14:55:28.023,62.1700,1
53730702914309,14:55:30.702,62.1800,104
53730703032851,14:55:30.703,62.1800,96
53730703032851,14:55:30.703,62.2000,4
53730703032851,14:55:30.703,62.2000,4
53730703140020,14:55:30.703,62.2000,96
53730706947635,14:55:30.706,62.1700,2
53730706947635,14:55:30.706,62.1700,98
53730709073166,14:55:30.709,62.1700,2
53730710024025,14:55:30.710,62.1600,49
53730757152861,14:55:30.757,62.1600,100
53730817700790,14:55:30.817,62.1500,100
53731061815999,14:55:31.061,62.1500,46
53732518955760,14:55:32.518,62.1500,54
53732518955760,14:55:32.518,62.1500,46
53788260825656,14:56:28.260,62.1600,2
53788261592652,14:56:28.261,62.1500,100
53788262050984,14:56:28.262,62.1500,2
53795185619988,14:56:35.185,62.1400,100
53795185619988,14:56:35.185,62.1400,100
53795187079708,14:56:35.187,62.1300,89
53795187132455,14:56:35.187,62.1300,11
53834332075838,14:57:14.332,62.1700,100
53848697226624,14:57:28.697,62.1800,100
53848697226624,14:57:28.697,62.1800,100
53848697557618,14:57:28.697,62.1800,12
53848699707292,14:57:28.699,62.1500,1
53856604644746,14:57:36.604,62.1500,1
53856604644746,14:57:36.604,62.1500,1
53865653702699,14:57:45.653,62.1600,25
53908018381229,14:58:28.018,62.1600,1
53908018381229,14:58:28.018,62.1600,2
53908019172813,14:58:28.019,62.1400,97
53987845667433,14:59:47.845,62.1600,1
53987845667433,14:59:47.845,62.1600,2
54007406418933,15:00:07.406,62.1300,100
54007406418933,15:00:07.406,62.1300,1
54007406418933,15:00:07.406,62.1300,100
54007406418933,15:00:07.406,62.1300,29
54007406476791,15:00:07.406,62.1300,71
54007406476791,15:00:07.406,62.1300,30
54007406476791,15:00:07.406,62.1300,62
54007406476791,15:00:07.406,62.1300,37
54007406494204,15:00:07.406,62.1300,63
54007406494204,15:00:07.406,62.1300,37
54007406505115,15:00:07.406,62.1300,63
54007406988626,15:00:07.406,62.1300,4
54007407033734,15:00:07.407,62.1300,36
54008793210877,15:00:08.793,62.1200,49
54030413184953,15:00:30.413,62.0700,100
54046086956152,15:00:46.086,62.0600,16
54054334774606,15:00:54.334,62.0600,84
54054334774606,15:00:54.334,62.0600,3
54054334774606,15:00:54.334,62.0600,100
54054334774606,15:00:54.334,62.0600,100
54060120266024,15:01:00.120,62.0500,2
54060120266024,15:01:00.120,62.0500,4
54084270372642,15:01:24.270,62.1000,200
54094650971529,15:01:34.650,62.1100,100
54094650971529,15:01:34.650,62.1100,80
54094650971529,15:01:34.650,62.1100,1
54094651078752,15:01:34.651,62.1100,81
54094651107521,15:01:34.651,62.1100,19
54094651132924,15:01:34.651,62.1100,81
54094651449843,15:01:34.651,62.1100,19
54094653511749,15:01:34.653,62.0900,10
54134128155499,15:02:14.128,62.1100,10
54134128155499,15:02:14.128,62.1100,4
54134128247716,15:02:14.128,62.0900,100
54160793246739,15:02:40.793,62.1300,100
54160793273967,15:02:40.793,62.1300,30
54160793354557,15:02:40.793,62.1300,70
54160793354557,15:02:40.793,62.1300,30
54160793355815,15:02:40.793,62.1300,40
54177016456801,15:02:57.016,62.1600,100
54177016456801,15:02:57.016,62.1600,2
54177020606607,15:02:57.020,62.1900,1
54177020630130,15:02:57.020,62.1900,1
54180011812889,15:03:00.011,62.1900,98
54228978767598,15:03:48.978,62.2100,2
54228978875495,15:03:48.978,62.2300,30
54228979254689,15:03:48.979,62.2100,30
54228979634042,15:03:48.979,62.1900,100
54228979634042,15:03:48.979,62.1800,18
54265192149933,15:04:25.192,62.1800,3
54265453888642,15:04:25.453,62.1700,71
54265453943379,15:04:25.453,62.1700,29
54265453943379,15:04:25.453,62.1700,71
54265454090228,15:04:25.454,62.1700,29
54265454090228,15:04:25.454,62.1700,50
54265454090228,15:04:25.454,62.1700,16
54265454090228,15:04:25.454,62.1700,5
54265454090228,15:04:25.454,62.1700,10
54265454090228,15:04:25.454,62.1700,1
54265454510855,15:04:25.454,62.1400,8
54285380078985,15:04:45.380,62.1400,9
54287421784138,15:04:47.421,62.1400,9
54288388533209,15:04:48.388,62.1400,2
54328029882770,15:05:28.029,62.1300,2
54328030690869,15:05:28.030,62.1400,2
54328030690869,15:05:28.030,62.1100,69
54370963614979,15:06:10.963,62.1000,20
54370964353436,15:06:10.964,62.0900,20
54370964353436,15:06:10.964,62.0900,1
54370964353436,15:06:10.964,62.0900,34
54370964353436,15:06:10.964,62.0900,30
54370965115292,15:06:10.965,62.0800,100
54370965115292,15:06:10.965,62.0800,3
54370965115292,15:06:10.965,62.0800,65
54397196218493,15:06:37.196,62.0800,40
54397196218493,15:06:37.196,62.0800,100
54397196218493,15:06:37.196,62.0800,35
54397196218493,15:06:37.196,62.0800,1
54421218977049,15:07:01.218,62.0600,10
54422009832300,15:07:02.009,62.0600,2
54423009116862,15:07:03.009,62.0600,10
54423527511080,15:07:03.527,62.0600,14
54424011303615,15:07:04.011,62.0600,74
54424012085581,15:07:04.012,62.0400,10
54424012736126,15:07:04.012,62.0300,10
54424012736126,15:07:04.012,62.0300,100
54424012736126,15:07:04.012,62.0300,2
54424012736126,15:07:04.012,62.0300,14
54425535592198,15:07:05.535,62.0300,100
54450049780215,15:07:30.049,62.0400,1
54452018398284,15:07:32.018,62.0700,100
54452018398284,15:07:32.018,62.0800,100
54452018398284,15:07:32.018,62.0800,25
54452018398284,15:07:32.018,62.0800,100
54452018398284,15:07:32.018,62.0800,6
54452018398284,15:07:32.018,62.0800,5
54452018398284,15:07:32.018,62.0800,6
54452018398284,15:07:32.018,62.0800,6
54452020800298,15:07:32.020,62.0300,1
54455063153742,15:07:35.063,62.0100,100
54455064418197,15:07:35.064,62.0000,100
54455064418197,15:07:35.064,62.0000,61
54455064462356,15:07:35.064,62.0000,82
54455064462356,15:07:35.064,62.0000,18
54455065371715,15:07:35.065,61.9800,1
54524582514622,15:08:44.582,62.0200,2
54529848513843,15:08:49.848,62.0200,2
54529848615945,15:08:49.848,62.0100,100
54529848615945,15:08:49.848,62.0100,1
54529864748841,15:08:49.864,62.0300,30
54529865394145,15:08:49.865,62.0200,100
54529865394145,15:08:49.865,62.0400,28
54542350492494,15:09:02.350,62.0200,100
54551841268957,15:09:11.841,62.0100,15
54551841403633,15:09:11.841,62.0000,100
54567889438981,15:09:27.889,62.0000,100
54567912614857,15:09:27.912,62.0000,100
54567912614857,15:09:27.912,62.0100,16
54567912641275,15:09:27.912,62.0100,184
54567912641275,15:09:27.912,62.0100,100
54623397576590,15:10:23.397,61.9900,100
54623397576590,15:10:23.397,61.9900,1
54623397576590,15:10:23.397,61.9900,55
54623397861247,15:10:23.397,61.9700,25
54623418638979,15:10:23.418,61.9800,100
54655684395747,15:10:55.684,61.9700,10
54656420279651,15:10:56.420,61.9500,1
54656420279651,15:10:56.420,61.9500,21
54656420279651,15:10:56.420,61.9500,20
54656420279651,15:10:56.420,61.9400,58
54666111281802,15:11:06.111,61.9400,42
54676692395551,15:11:16.692,61.9400,10
54676692395551,15:11:16.692,61.9300,10
54686235602522,15:11:26.235,61.9100,1
54688018434571,15:11:28.018,61.9300,1
54688589475853,15:11:28.589,61.9500,100
54688589996082,15:11:28.589,61.9600,100
54690135912271,15:11:30.135,61.9500,2
54690135912271,15:11:30.135,61.9400,100
54690135912271,15:11:30.135,61.9400,100
54690135912271,15:11:30.135,61.9400,19
54696104085297,15:11:36.104,61.9300,100
54696104085297,15:11:36.104,61.9300,1
54731898106978,15:12:11.898,61.9500,12
54731898946511,15:12:11.898,61.9600,200
54732011457641,15:12:12.011,61.9800,100
54732011457641,15:12:12.011,61.9800,69
54732773205129,15:12:12.773,61.9800,31
54732773205129,15:12:12.773,61.9800,69
54748030412825,15:12:28.030,62.0300,1
54749015021751,15:12:29.015,62.0300,2
54808031105553,15:13:28.031,62.0200,1
54808031105553,15:13:28.031,62.0200,2
54808031105553,15:13:28.031,62.0200,5
54808031184420,15:13:28.031,62.0400,4
54808031207660,15:13:28.031,62.0400,4
54808037884311,15:13:28.037,62.0200,4
54808037884311,15:13:28.037,62.0200,4
54808038588516,15:13:28.038,62.0100,100
54808038588516,15:13:28.038,62.0000,77
54811134822291,15:13:31.134,62.0000,6
54811136973560,15:13:31.136,62.0000,94
54811136973560,15:13:31.136,62.0000,6
54811572816151,15:13:31.572,62.0000,194
54841475603398,15:14:01.475,62.0000,1
54841475603398,15:14:01.475,62.0000,40
54853842952012,15:14:13.842,62.0400,100
54853842952012,15:14:13.842,62.0500,55
54853842976893,15:14:13.842,62.0500,20
54853842976893,15:14:13.842,62.0500,80
54853842976893,15:14:13.842,62.0500,55
54854015591758,15:14:14.015,62.0200,100
54854017610517,15:14:14.017,62.0100,100
54854017610517,15:14:14.017,62.0100,100
54871068547181,15:14:31.068,62.0200,1
54871068547181,15:14:31.068,62.0200,2
54931616599914,15:15:31.616,62.0200,1
54932032591204,15:15:32.032,62.0300,1
54932032591204,15:15:32.032,62.0300,1
54932033357917,15:15:32.033,62.0100,98
54973273868239,15:16:13.273,62.0000,1
54973274316804,15:16:13.274,62.0300,30
54988023774015,15:16:28.023,62.0200,1
54988023774015,15:16:28.023,62.0200,40
54988039852927,15:16:28.039,62.0200,1
54993372901457,15:16:33.372,62.0200,1
55048028063455,15:17:28.028,62.0200,2
55048029290945,15:17:28.029,62.0200,2
55058991516911,15:17:38.991,61.9900,2
55058991516911,15:17:38.991,61.9900,98
55058992694567,15:17:38.992,61.9900,2
55058992694567,15:17:38.992,61.9900,98
55075285549746,15:17:55.285,62.0100,10
55075285638278,15:17:55.285,62.0100,90
55075287370683,15:17:55.287,62.0000,1
55075287536686,15:17:55.287,62.0000,10
55096591254104,15:18:16.591,61.9900,20
55105087676766,15:18:25.087,62.0400,12
55105087676766,15:18:25.087,62.0400,7
55105087676766,15:18:25.087,62.0400,4
55105087676766,15:18:25.087,62.0400,57
55105087957034,15:18:25.087,62.0400,43
55105087957034,15:18:25.087,62.0400,100
55105087957034,15:18:25.087,62.0400,6
55105090060343,15:18:25.090,62.0000,15
55107996295980,15:18:27.996,62.0400,1
55107996295980,15:18:27.996,62.0400,100
55107996295980,15:18:27.996,62.0400,100
55107996295980,15:18:27.996,62.0400,100
55107998070299,15:18:27.998,62.0400,100
55107998538696,15:18:27.998,62.0400,50
55108549840504,15:18:28.549,62.0600,100
55108551745250,15:18:28.551,62.0500,30
55108915813357,15:18:28.915,62.0600,30
55109148330282,15:18:29.148,62.0400,49
55109148330282,15:18:29.148,62.0400,2
55109148330282,15:18:29.148,62.0400,100
55121577601909,15:18:41.577,62.0300,100
55121577601909,15:18:41.577,62.0300,1
55121577835121,15:18:41.577,62.0300,100
55121577835121,15:18:41.577,62.0300,100
55121582806752,15:18:41.582,62.0100,100
55121582834198,15:18:41.582,62.0100,100
55121583178333,15:18:41.583,62.0000,82
55122067167206,15:18:42.067,62.0000,120
55147955718161,15:19:07.955,62.0000,296
55147955746650,15:19:07.955,62.0000,34
55147955746650,15:19:07.955,62.0000,62
55190948756875,15:19:50.948,62.0200,108
55190948867614,15:19:50.948,62.0200,92
55190948867614,15:19:50.948,62.0300,5
55190948867614,15:19:50.948,62.0300,11
55190948896449,15:19:50.948,62.0300,89
55190948896449,15:19:50.948,62.0300,3
55190948989615,15:19:50.948,62.0300,100
55190951206206,15:19:50.951,62.0100,1
55206012942882,15:20:06.012,62.0000,2
55206012942882,15:20:06.012,62.0000,2
55206012942882,15:20:06.012,62.0000,100
55217171124360,15:20:17.171,62.0300,1
55217171124360,15:20:17.171,62.0300,1
55217173319541,15:20:17.173,62.0500,100
55255600109953,15:20:55.600,62.0000,115
55255652466542,15:20:55.652,62.0000,50
55255652466542,15:20:55.652,62.0000,50
55288018379517,15:21:28.018,62.0300,2
55288021864445,15:21:28.021,62.0000,2
55288021864445,15:21:28.021,62.0000,50
55288027593837,15:21:28.027,62.0300,2
55298357762391,15:21:38.357,61.9900,100
55298357762391,15:21:38.357,61.9900,1
55298357762391,15:21:38.357,61.9900,92
55298357762391,15:21:38.357,61.9900,38
55298357791047,15:21:38.357,61.9900,24
55346390673763,15:22:26.390,61.9700,8
55346390673763,15:22:26.390,61.9700,2
55346390673763,15:22:26.390,61.9700,100
55346390673763,15:22:26.390,61.9700,27
55346390674962,15:22:26.390,61.9700,100
55346390793928,15:22:26.390,61.9700,100
55346390793928,15:22:26.390,61.9700,100
55346391036388,15:22:26.391,61.9700,100
55346391160526,15:22:26.391,61.9600,10
55346391160526,15:22:26.391,61.9600,8
55346391510224,15:22:26.391,61.9500,20
55346393654345,15:22:26.393,61.9400,10
55354754800879,15:22:34.754,61.9700,100
55355036057995,15:22:35.036,61.9700,25
55359272938544,15:22:39.272,61.9700,25
55359274496200,15:22:39.274,61.9800,12
55360093805954,15:22:40.093,61.9800,100
55363663271961,15:22:43.663,61.9900,1
55387028185950,15:23:07.028,61.9500,1
55387028185950,15:23:07.028,61.9500,1
55387028185950,15:23:07.028,61.9500,2
55387028185950,15:23:07.028,61.9500,100
55387028185950,15:23:07.028,61.9500,95
55387028304539,15:23:07.028,61.9500,5
55470016531363,15:24:30.016,62.0000,1
55470017545896,15:24:30.017,62.0100,2
55513351699884,15:25:13.351,61.9900,2
55513351814416,15:25:13.351,62.0100,30
55513351814416,15:25:13.351,62.0200,100
55513351814416,15:25:13.351,62.0300,100
55513351814416,15:25:13.351,62.0300,80
55513351911774,15:25:13.351,62.0300,20
55513351911774,15:25:13.351,62.0300,100
55513351911774,15:25:13.351,62.0300,10
55513351937812,15:25:13.351,62.0300,100
55513352253945,15:25:13.352,62.0200,10
55513354337157,15:25:13.354,62.0000,13
55528014900829,15:25:28.014,62.0100,2
55528027896148,15:25:28.027,62.0100,1
55589389858845,15:26:29.389,62.0200,1
55589389858845,15:26:29.389,62.0200,20
55589391432908,15:26:29.391,62.0300,100
55589391506891,15:26:29.391,62.0400,100
55589391506891,15:26:29.391,62.0400,100
55589391506891,15:26:29.391,62.0400,7
55589391506891,15:26:29.391,62.0400,4
55589391506891,15:26:29.391,62.0400,4
55589391506891,15:26:29.391,62.0400,100
55589391506891,15:26:29.391,62.0400,8
55589767235127,15:26:29.767,62.0500,100
55589767261568,15:26:29.767,62.0500,100
55592906459953,15:26:32.906,62.0900,100
55592906575408,15:26:32.906,62.1000,78
55592906599406,15:26:32.906,62.1000,46
55592906658767,15:26:32.906,62.1000,45
55593027820597,15:26:33.027,62.1100,2
55593028343608,15:26:33.028,62.1100,1
55605423221626,15:26:45.423,62.0700,5
55605423221626,15:26:45.423,62.0700,100
55605423221626,15:26:45.423,62.0700,2
55605423221626,15:26:45.423,62.0700,27
55605423221626,15:26:45.423,62.0700,40
55644288580884,15:27:24.288,62.0600,24
55644288606431,15:27:24.288,62.0600,76
55644288606431,15:27:24.288,62.0600,1
55644288606431,15:27:24.288,62.0600,70
55645860875909,15:27:25.860,62.0600,100
55664778257357,15:27:44.778,62.0900,64
55664778283338,15:27:44.778,62.0900,36
55664788991283,15:27:44.788,62.0700,97
55664792802404,15:27:44.792,62.0700,103
55664792802404,15:27:44.792,62.0700,97
55665385041626,15:27:45.385,62.0900,100
55673125197710,15:27:53.125,62.0900,100
55673127622032,15:27:53.127,62.0900,72
55673127886095,15:27:53.127,62.0900,28
55673128829961,15:27:53.128,62.0900,100
55673370400401,15:27:53.370,62.0700,3
55673370400401,15:27:53.370,62.0700,40
55678064609640,15:27:58.064,62.0800,5
55678064609640,15:27:58.064,62.0700,55
55698162401234,15:28:18.162,62.0900,40
55698163365323,15:28:18.163,62.0800,60
55698163478257,15:28:18.163,62.0800,40
55698163478257,15:28:18.163,62.0800,64
55698847488603,15:28:18.847,62.0800,36
55698847488603,15:28:18.847,62.0800,64
55698849143759,15:28:18.849,62.0800,36
55698849143759,15:28:18.849,62.0800,1
55698849143759,15:28:18.849,62.0800,3
55718170076513,15:28:38.170,62.0800,100
55718170076513,15:28:38.170,62.0700,100
55718170076513,15:28:38.170,62.0700,31
55718170076513,15:28:38.170,62.0700,1
55740010558094,15:29:00.010,62.0700,99
55740010558094,15:29:00.010,62.0700,1
55762017685694,15:29:22.017,62.0600,4
55768023418234,15:29:28.023,62.0700,2
55792146073433,15:29:52.146,62.0500,1
55792146105690,15:29:52.146,62.0400,40
55792146114255,15:29:52.146,62.0300,10
55792146114255,15:29:52.146,62.0300,52
55792176471032,15:29:52.176,62.0300,48
55792177587803,15:29:52.177,62.0500,100
55811613383566,15:30:11.613,62.0100,10
55811613383566,15:30:11.613,62.0100,90
55811613409155,15:30:11.613,62.0100,10
55811613825915,15:30:11.613,62.0000,24
55811613838582,15:30:11.613,62.0000,4
55811613838582,15:30:11.613,62.0000,45
55811613867306,15:30:11.613,62.0000,40
55811613973016,15:30:11.613,62.0000,10
55811713845313,15:30:11.713,62.0000,5
55811713845313,15:30:11.713,62.0000,1
55812777475067,15:30:12.777,61.9900,2
55812777475067,15:30:12.777,61.9900,75
55842223861305,15:30:42.223,62.0000,100
55842295998920,15:30:42.295,62.0000,100
55842296064842,15:30:42.296,62.0000,100
55842298427886,15:30:42.298,62.0000,100
55842298427886,15:30:42.298,62.0000,100
55842299164749,15:30:42.299,62.0100,4
55842299164749,15:30:42.299,62.0100,9
55842299164749,15:30:42.299,62.0100,3
55842299164749,15:30:42.299,62.0100,40
55842299223686,15:30:42.299,62.0000,114
55868493925665,15:31:08.493,62.0100,2
55871955460367,15:31:11.955,62.0000,86
55872408708155,15:31:12.408,62.0100,100
55872411108682,15:31:12.411,62.0100,14
55872411108682,15:31:12.411,62.0200,86
55872411523948,15:31:12.411,62.0200,14
55872581796577,15:31:12.581,62.0200,30
55873189025580,15:31:13.189,62.0300,13
55875336025242,15:31:15.336,62.0300,100
55889919911666,15:31:29.919,62.0300,100
55891024209814,15:31:31.024,62.0500,3
55891027112362,15:31:31.027,62.0500,1
55891027112362,15:31:31.027,62.0400,97
55905178216832,15:31:45.178,62.0300,1
55905178216832,15:31:45.178,62.0300,99
55905178242871,15:31:45.178,62.0300,1
55905178242871,15:31:45.178,62.0300,100
55905180795059,15:31:45.180,62.0100,100
55905180808719,15:31:45.180,62.0100,40
55949019715387,15:32:29.019,62.0200,2
55949081622126,15:32:29.081,62.0200,2
55978635876057,15:32:58.635,62.0000,1
56010517794525,15:33:30.517,62.0100,1
56010517794525,15:33:30.517,62.0100,2
56022161915797,15:33:42.161,62.0300,100
56022161915797,15:33:42.161,62.0300,100
56022161918469,15:33:42.161,62.0300,100
56032296823634,15:33:52.296,61.9900,29
56032296823634,15:33:52.296,61.9900,40
56032296823634,15:33:52.296,61.9900,27
56032296823634,15:33:52.296,61.9900,100
56032296823634,15:33:52.296,61.9900,100
56032296823634,15:33:52.296,61.9900,2
56032296823634,15:33:52.296,61.9900,5
56032297126566,15:33:52.297,61.9800,40
56032299133289,15:33:52.299,61.9800,100
56052899973217,15:34:12.899,61.9900,100
56052899973217,15:34:12.899,61.9900,100
56052900080576,15:34:12.900,61.9900,5
56052900080576,15:34:12.900,61.9900,3
56052900080576,15:34:12.900,61.9900,7
56052900080576,15:34:12.900,61.9900,2
56052900080576,15:34:12.900,61.9900,85
56052900865607,15:34:12.900,61.9900,15
56052900865607,15:34:12.900,61.9900,100
56073383512192,15:34:33.383,62.0100,100
56073383622473,15:34:33.383,62.0100,100
56079474436486,15:34:39.474,62.0300,1
56079474436486,15:34:39.474,62.0300,3
56080028662038,15:34:40.028,62.0500,1
56080786656899,15:34:40.786,62.0400,1
56084506374777,15:34:44.506,62.0300,100
56084506400835,15:34:44.506,62.0300,100
56084506400835,15:34:44.506,62.0300,2
56119033908924,15:35:19.033,62.0100,100
56119033908924,15:35:19.033,62.0000,27
56119033908924,15:35:19.033,62.0000,1
56119033908924,15:35:19.033,62.0000,1
56119033908924,15:35:19.033,62.0000,2
56119033908924,15:35:19.033,62.0000,76
56128024972332,15:35:28.024,62.0200,1
56128025804044,15:35:28.025,62.0100,99
56128028116267,15:35:28.028,62.0100,100
56128028116267,15:35:28.028,62.0000,75
56128223865440,15:35:28.223,62.0000,100
56156228728976,15:35:56.228,62.0100,54
56188013098416,15:36:28.013,62.0100,1
56188025389038,15:36:28.025,62.0100,2
56223236383356,15:37:03.236,62.0200,12
56223236408912,15:37:03.236,62.0200,42
56226920954798,15:37:06.920,62.0000,3
56227005134587,15:37:07.005,62.0000,100
56227039848509,15:37:07.039,62.0200,10
56228638404923,15:37:08.638,62.0200,100
56228640607579,15:37:08.640,62.0100,4
56228640632851,15:37:08.640,62.0100,11
56228640632851,15:37:08.640,62.0100,2
56228961102827,15:37:08.961,62.0100,100
56228965082510,15:37:08.965,62.0000,100
56228966258793,15:37:08.966,61.9900,100
56228966258793,15:37:08.966,61.9900,100
56228966297390,15:37:08.966,61.9900,100
56228966297390,15:37:08.966,61.9900,37
56228966315040,15:37:08.966,61.9900,51
56228966315040,15:37:08.966,61.9900,100
56228966315040,15:37:08.966,61.9900,49
56228966326133,15:37:08.966,61.9900,51
56238971138900,15:37:18.971,61.9800,100
56238971138900,15:37:18.971,61.9800,32
56238971138900,15:37:18.971,61.9800,100
56239785053619,15:37:19.785,61.9800,2
56239785053619,15:37:19.785,61.9800,98
56239785111711,15:37:19.785,61.9800,2
56241434356518,15:37:21.434,61.9800,100
56244143053912,15:37:24.143,61.9900,100
56256849964194,15:37:36.849,61.9900,100
56256850847690,15:37:36.850,62.0000,5
56256850847690,15:37:36.850,62.0000,5
56256850847690,15:37:36.850,62.0000,5
56256990209675,15:37:36.990,62.0100,100
56256990209675,15:37:36.990,62.0200,44
56276234176838,15:37:56.234,62.0300,100
56276234176838,15:37:56.234,62.0300,100
56276234176838,15:37:56.234,62.0300,1
56276235355171,15:37:56.235,62.0200,156
56276235355171,15:37:56.235,62.0200,44
56276235388411,15:37:56.235,62.0200,51
56276235426700,15:37:56.235,62.0200,5
56277012177999,15:37:57.012,62.0200,100
56280562412468,15:38:00.562,62.0400,100
56285504193721,15:38:05.504,62.0500,100
56285504598669,15:38:05.504,62.0500,100
56285504606200,15:38:05.504,62.0500,100
56287305510928,15:38:07.305,62.0300,100
56287305510928,15:38:07.305,62.0300,100
56312068901502,15:38:32.068,62.0600,1
56312068901502,15:38:32.068,62.0600,100
56312068973950,15:38:32.068,62.0600,71
56312073596662,15:38:32.073,62.0400,2
56312073596662,15:38:32.073,62.0400,2
56314211021955,15:38:34.211,62.0300,100
56314211180543,15:38:34.211,62.0300,75
56314648221127,15:38:34.648,62.0300,25
56314648221127,15:38:34.648,62.0300,100
56314648221127,15:38:34.648,62.0300,100
56325226940900,15:38:45.226,62.0300,100
56325226940900,15:38:45.226,62.0300,57
56325226940900,15:38:45.226,62.0300,100
56325326816643,15:38:45.326,62.0300,54
56325327752463,15:38:45.327,62.0300,46
56325327752463,15:38:45.327,62.0300,100
56325327752463,15:38:45.327,62.0300,54
56325452815275,15:38:45.452,62.0500,10
56325452840088,15:38:45.452,62.0500,90
56325456547429,15:38:45.456,62.0400,30
56325456547429,15:38:45.456,62.0400,40
56325456768302,15:38:45.456,62.0400,100
56325459050298,15:38:45.459,62.0500,30
56325459050298,15:38:45.459,62.0600,70
56325459288056,15:38:45.459,62.0600,30
56325459288056,15:38:45.459,62.0600,2
56325459288056,15:38:45.459,62.0600,30
56325459314826,15:38:45.459,62.0600,70
56345726937634,15:39:05.726,62.0500,100
56345726937634,15:39:05.726,62.0500,1
56357458068095,15:39:17.458,62.0700,100
56359389621545,15:39:19.389,62.0500,100
56359390774585,15:39:19.390,62.0500,100
56359390774585,15:39:19.390,62.0500,100
56368016745172,15:39:28.016,62.0600,2
56368767337295,15:39:28.767,62.0600,2
56397658143484,15:39:57.658,62.0500,1
56397660484577,15:39:57.660,62.0400,100
56397660484577,15:39:57.660,62.0400,88
56397660484577,15:39:57.660,62.0400,100
56397660484577,15:39:57.660,62.0400,14
56397660514957,15:39:57.660,62.0400,41
56397660514957,15:39:57.660,62.0400,100
56403527041329,15:40:03.527,62.0400,100
56421463337531,15:40:21.463,62.0600,100
56421463826211,15:40:21.463,62.0600,85
56427341417035,15:40:27.341,62.0300,60
56427341417035,15:40:27.341,62.0300,16
56427341445669,15:40:27.341,62.0300,24
56427341445669,15:40:27.341,62.0300,1
56438979189679,15:40:38.979,62.0400,98
56438979189679,15:40:38.979,62.0400,100
56438980856647,15:40:38.980,62.0300,100
56438980856647,15:40:38.980,62.0300,30
56438980856647,15:40:38.980,62.0300,70
56438980945218,15:40:38.980,62.0400,30
56439102519120,15:40:39.102,62.0300,30
56439102519120,15:40:39.102,62.0300,100
56439102519120,15:40:39.102,62.0300,70
56439102623509,15:40:39.102,62.0300,30
56439102623509,15:40:39.102,62.0300,70
56439103152748,15:40:39.103,62.0300,30
56439103152748,15:40:39.103,62.0300,70
56462427341352,15:41:02.427,62.0300,1
56462427341352,15:41:02.427,62.0300,30
56462427341352,15:41:02.427,62.0300,54
56462427341352,15:41:02.427,62.0300,5
56462427341352,15:41:02.427,62.0300,10
56462427363615,15:41:02.427,62.0300,90
56480652423494,15:41:20.652,62.0200,1
56480652423494,15:41:20.652,62.0200,5
56480652423494,15:41:20.652,62.0200,100
56480653893960,15:41:20.653,62.0200,100
56498849560975,15:41:38.849,62.0100,20
56498849560975,15:41:38.849,62.0100,80
56498849598970,15:41:38.849,62.0100,20
56498849598970,15:41:38.849,62.0100,40
56498849598970,15:41:38.849,62.0100,1
56498849598970,15:41:38.849,62.0100,54
56498870769879,15:41:38.870,62.0000,100
56498870802217,15:41:38.870,62.0000,2
56498870802217,15:41:38.870,62.0000,100
56498891629144,15:41:38.891,61.9900,46
56498891656231,15:41:38.891,61.9900,54
56520572038520,15:42:00.572,62.0100,100
56520572328686,15:42:00.572,62.0100,100
56549029043701,15:42:29.029,62.0200,1
56549031053335,15:42:29.031,62.0000,1
56549031053335,15:42:29.031,62.0000,5
56549031822330,15:42:29.031,62.0000,44
56576399792214,15:42:56.399,62.0000,100
56576399792214,15:42:56.399,62.0000,1
56599772480608,15:43:19.772,62.0300,100
