timestamp,time,price,volume
14591245613482,04:03:11.245,55.4000,200
14591246806565,04:03:11.246,55.4000,200
14601850719741,04:03:21.850,55.4000,200
14601851569190,04:03:21.851,55.4000,200
14601917144973,04:03:21.917,55.4000,200
14624562885470,04:03:44.562,55.3500,200
14624563672109,04:03:44.563,55.3500,100
15207338619837,04:13:27.338,55.4000,200
15207338619837,04:13:27.338,55.4000,200
15207338619837,04:13:27.338,55.4000,300
15471975982368,04:17:51.975,55.2800,200
15471975982368,04:17:51.975,55.2800,300
15471975982368,04:17:51.975,55.2800,200
15596151534536,04:19:56.151,55.2100,200
15596151534536,04:19:56.151,55.2100,300
15596151534536,04:19:56.151,55.2100,200
16098645517074,04:28:18.645,55.2200,200
16098645517074,04:28:18.645,55.2200,100
16098645517074,04:28:18.645,55.2200,100
16338988268674,04:32:18.988,55.3000,200
16362978945734,04:32:42.978,55.3200,200
16388923609669,04:33:08.923,55.3500,200
16404488111386,04:33:24.488,55.3500,200
16404488111386,04:33:24.488,55.3500,100
16708101214108,04:38:28.101,55.2500,400
17611986445168,04:53:31.986,55.0500,200
17611987509250,04:53:31.987,55.0500,200
17611987509250,04:53:31.987,55.0600,200
17611987509250,04:53:31.987,55.0600,400
17630457509450,04:53:50.457,55.0500,200
17630457509450,04:53:50.457,55.0500,300
17630459022007,04:53:50.459,55.0600,200
17800746823298,04:56:40.746,55.0200,200
17800746823298,04:56:40.746,55.0200,300
17839219563275,04:57:19.219,55.0100,200
17839219658247,04:57:19.219,55.0100,400
17839220907392,04:57:19.220,55.0000,100
17839220907392,04:57:19.220,55.0000,100
17839220907392,04:57:19.220,55.0000,100
18801514186152,05:13:21.514,55.0200,200
18870163442709,05:14:30.163,55.0000,423
18870401860658,05:14:30.401,55.0000,177
20546285926953,05:42:26.285,54.9100,200
20546285926953,05:42:26.285,54.9200,400
20548383080538,05:42:28.383,54.9100,200
20548383080538,05:42:28.383,54.9200,200
20549322021325,05:42:29.322,54.9100,200
20549322021325,05:42:29.322,54.9200,200
20549322021325,05:42:29.322,54.9200,400
20553293447824,05:42:33.293,54.9100,200
20553293447824,05:42:33.293,54.9200,200
20553293447824,05:42:33.293,54.9200,400
20553293447824,05:42:33.293,54.9200,100
22643297029855,06:17:23.297,55.2700,200
22643297029855,06:17:23.297,55.2700,300
23041026788837,06:24:01.026,55.3100,200
23233951931738,06:27:13.951,55.3900,200
23235409279466,06:27:15.409,55.3900,400
23236112745412,06:27:16.112,55.3900,539
23236114664130,06:27:16.114,55.3900,200
23236911368951,06:27:16.911,55.3900,266
23382980524941,06:29:42.980,55.4200,200
23383053189057,06:29:43.053,55.4200,200
23964892298608,06:39:24.892,55.4800,400
23964892298608,06:39:24.892,55.4800,200
23964892298608,06:39:24.892,55.4800,400
24256400091186,06:44:16.400,55.5300,400
24256400091186,06:44:16.400,55.5200,200
24256400220874,06:44:16.400,55.5200,200
24256400220874,06:44:16.400,55.5200,200
24266505673380,06:44:26.505,55.5200,200
24266505673380,06:44:26.505,55.5200,400
24342043405186,06:45:42.043,55.5300,601
25380062257277,07:03:00.062,55.5200,100
25380071859957,07:03:00.071,55.5200,100
25380071859957,07:03:00.071,55.5200,100
25523191280227,07:05:23.191,55.5500,1
26198083692353,07:16:38.083,55.5700,1000
27168561174872,07:32:48.561,55.4700,100
27467144651208,07:37:47.144,55.4700,100
28125138310526,07:48:45.138,55.5100,200
28125138310526,07:48:45.138,55.5100,200
28148246182363,07:49:08.246,55.4800,200
28155093861004,07:49:15.093,55.4900,400
28155093861004,07:49:15.093,55.4900,300
28155093861004,07:49:15.093,55.4900,200
28155093861004,07:49:15.093,55.4900,200
28155093861004,07:49:15.093,55.5000,400
28155093861004,07:49:15.093,55.5000,100
28155095679061,07:49:15.095,55.4900,200
28155095679061,07:49:15.095,55.4900,100
28155095679061,07:49:15.095,55.5000,100
28155095682415,07:49:15.095,55.5000,100
28155096183169,07:49:15.096,55.5000,100
28174246343116,07:49:34.246,55.5200,200
28174656657556,07:49:34.656,55.5200,487
28174657099924,07:49:34.657,55.5200,13
28174657099924,07:49:34.657,55.5200,387
28174657206272,07:49:34.657,55.5200,113
28174657206272,07:49:34.657,55.5200,287
28174990188732,07:49:34.990,55.5200,13
28174990188732,07:49:34.990,55.5200,87
28174990743998,07:49:34.990,55.5200,100
28201094018860,07:50:01.094,55.5200,113
28235073871088,07:50:35.073,55.5600,200
28237181358367,07:50:37.181,55.5600,500
28241918058333,07:50:41.918,55.5600,450
28241918551542,07:50:41.918,55.5600,50
28241918551542,07:50:41.918,55.5600,350
28241919716212,07:50:41.919,55.5600,150
28241919716212,07:50:41.919,55.5600,100
28299078444043,07:51:39.078,55.5400,1184
28299080483641,07:51:39.080,55.5400,200
28299080625709,07:51:39.080,55.5400,500
28299081496860,07:51:39.081,55.5400,116
28387634822044,07:53:07.634,55.5200,200
28535058903745,07:55:35.058,55.6200,200
28535058903745,07:55:35.058,55.6200,300
28535058903745,07:55:35.058,55.6200,200
28535060481658,07:55:35.060,55.6200,200
28535060481658,07:55:35.060,55.6200,100
28535063596479,07:55:35.063,55.6200,100
29304998440940,08:08:24.998,55.7100,100
29515632312967,08:11:55.632,55.6400,50
32025876016778,08:53:45.876,55.5500,200
32044671998916,08:54:04.671,55.5500,400
32044674057559,08:54:04.674,55.5500,300
32046210208096,08:54:06.210,55.5500,300
32049361480467,08:54:09.361,55.5500,300
32051517542481,08:54:11.517,55.5500,300
32053085055526,08:54:13.085,55.5500,100
32068208465693,08:54:28.208,55.5500,100
32115576186372,08:55:15.576,55.5500,200
32279168038224,08:57:59.168,55.5500,1874
32379317922209,08:59:39.317,55.5300,400
32381857903991,08:59:41.857,55.5300,400
32381859076818,08:59:41.859,55.5300,200
32390972076938,08:59:50.972,55.5300,300
32390972101484,08:59:50.972,55.5300,200
32390972136940,08:59:50.972,55.5300,200
32390973061962,08:59:50.973,55.5300,200
32390973102831,08:59:50.973,55.5300,100
32415326374200,09:00:15.326,55.5400,200
32415326374200,09:00:15.326,55.5500,334
32419436666547,09:00:19.436,55.5500,400
32432104887881,09:00:32.104,55.5500,400
32574724802468,09:02:54.724,55.5300,400
32574724802468,09:02:54.724,55.5200,400
32574724802468,09:02:54.724,55.5200,200
32574724802468,09:02:54.724,55.5200,300
32574724802468,09:02:54.724,55.5200,200
32574724802468,09:02:54.724,55.5100,1492
32639523689655,09:03:59.523,55.5200,200
32645321800976,09:04:05.321,55.5200,100
32645321929531,09:04:05.321,55.5200,100
32646607174479,09:04:06.607,55.5200,300
32661203815211,09:04:21.203,55.5200,1183
32661204095652,09:04:21.204,55.5200,400
32667480714370,09:04:27.480,55.5200,200
32985253268713,09:09:45.253,55.5600,200
33615010302889,09:20:15.010,55.5200,700
33720293667545,09:22:00.293,55.5200,1817
33734237091619,09:22:14.237,55.5100,300
33734237591469,09:22:14.237,55.5100,100
33735238722711,09:22:15.238,55.5100,100
33735476151252,09:22:15.476,55.5100,8
33783885956405,09:23:03.885,55.4800,200
33783885956405,09:23:03.885,55.4900,200
33783885956405,09:23:03.885,55.4900,200
33792347195423,09:23:12.347,55.5000,200
33792347195423,09:23:12.347,55.5000,300
33792347195423,09:23:12.347,55.5000,100
33792347195423,09:23:12.347,55.5000,200
33890205863009,09:24:50.205,55.5400,400
33890209585258,09:24:50.209,55.5400,200
33892767266930,09:24:52.767,55.5400,4400
33970463302640,09:26:10.463,55.5300,300
33973089374430,09:26:13.089,55.5300,200
33975012913628,09:26:15.012,55.5300,200
34020015643182,09:27:00.015,55.5000,2000
34064120245878,09:27:44.120,55.4100,200
34064120245878,09:27:44.120,55.4100,200
34076239363259,09:27:56.239,55.4200,200
34105012101396,09:28:25.012,55.4500,200
34187993299848,09:29:47.993,55.4500,200
34195016385780,09:29:55.016,55.4400,200
34195016385780,09:29:55.016,55.4400,100
34195016385780,09:29:55.016,55.4400,200
34195016385780,09:29:55.016,55.4400,300
34195016406098,09:29:55.016,55.4300,100
34195016406098,09:29:55.016,55.4300,200
34195016406098,09:29:55.016,55.4300,100
34195017859146,09:29:55.017,55.4300,100
34195018194150,09:29:55.018,55.4300,6
34195018234050,09:29:55.018,55.4300,100
34195018444502,09:29:55.018,55.4300,100
34195018509201,09:29:55.018,55.4300,94
34195018509201,09:29:55.018,55.4300,300
34195019380154,09:29:55.019,55.4300,48
34195050241801,09:29:55.050,55.4300,58
34195050241801,09:29:55.050,55.4300,142
34200030734827,09:30:00.030,55.4300,200
34200030734827,09:30:00.030,55.4300,100
34200105136514,09:30:00.105,0.0000,0
34200555539680,09:30:00.555,55.4300,8
34200555569447,09:30:00.555,55.4300,192
34200555569447,09:30:00.555,55.4300,100
34200555569447,09:30:00.555,55.4300,108
34200555797531,09:30:00.555,55.4300,92
34200561920794,09:30:00.561,55.4300,100
34200563749666,09:30:00.563,55.4300,100
34200564372003,09:30:00.564,55.4300,100
34200569038260,09:30:00.569,55.4200,100
34200932060122,09:30:00.932,55.4300,100
34201024871019,09:30:01.024,55.4200,100
34203262223128,09:30:03.262,55.4300,1
34203290266454,09:30:03.290,55.4300,1
34203869788414,09:30:03.869,55.4300,100
34205440070400,09:30:05.440,55.4200,200
34205440070400,09:30:05.440,55.4200,100
34205447660475,09:30:05.447,55.4200,100
34205452216155,09:30:05.452,55.4100,10
34208070750183,09:30:08.070,55.4200,100
34208074453442,09:30:08.074,55.4300,100
34208074453442,09:30:08.074,55.4300,100
34209730441803,09:30:09.730,55.4300,2
34209730467471,09:30:09.730,55.4300,98
34220151772923,09:30:20.151,55.4300,100
34220164068167,09:30:20.164,55.4200,100
34228504329609,09:30:28.504,55.4300,100
34234649481879,09:30:34.649,55.4100,100
34235025671838,09:30:35.025,55.4000,100
34236495032772,09:30:36.495,55.4100,100
34236495032772,09:30:36.495,55.4100,100
34236904245240,09:30:36.904,55.4100,200
34238978931018,09:30:38.978,55.4100,100
34252061430889,09:30:52.061,55.4100,18
34259618839526,09:30:59.618,55.4100,3
34259625067547,09:30:59.625,55.4100,100
34260819656085,09:31:00.819,55.4100,85
34261682230290,09:31:01.682,55.4100,100
34262958238022,09:31:02.958,55.4000,100
34263062744146,09:31:03.062,55.4100,100
34263062744146,09:31:03.062,55.4100,100
34265818927174,09:31:05.818,55.4300,100
34265819042387,09:31:05.819,55.4300,100
34268863744641,09:31:08.863,55.4200,9
34268863744641,09:31:08.863,55.4200,91
34268864297666,09:31:08.864,55.4200,45
34268864325779,09:31:08.864,55.4200,55
34268864325779,09:31:08.864,55.4200,100
34268864325779,09:31:08.864,55.4200,100
34269155389267,09:31:09.155,55.4200,100
34269155389267,09:31:09.155,55.4200,100
34269261922589,09:31:09.261,55.4200,100
34292241021684,09:31:32.241,55.4400,100
34302215326365,09:31:42.215,55.4500,100
34302215351027,09:31:42.215,55.4500,100
34302215351027,09:31:42.215,55.4500,100
34308864039882,09:31:48.864,55.4600,100
34308864039882,09:31:48.864,55.4600,200
34312119679762,09:31:52.119,55.4500,200
34313396772533,09:31:53.396,55.4600,100
34313396772533,09:31:53.396,55.4600,100
34314684386668,09:31:54.684,55.4600,100
34319688297409,09:31:59.688,55.4600,100
34325002387843,09:32:05.002,55.4600,100
34325002387843,09:32:05.002,55.4600,100
34325542203656,09:32:05.542,55.4700,200
34325542203656,09:32:05.542,55.4700,100
34325542203656,09:32:05.542,55.4700,200
34328874919586,09:32:08.874,55.4800,100
34331445505151,09:32:11.445,55.4700,100
34341591270257,09:32:21.591,55.4700,100
34341591270257,09:32:21.591,55.4700,100
34341592566443,09:32:21.592,55.4800,100
34342175349643,09:32:22.175,55.4800,100
34342175349643,09:32:22.175,55.4800,100
34342175349643,09:32:22.175,55.4800,100
34342175349643,09:32:22.175,55.4800,200
34342305437835,09:32:22.305,55.4800,100
34348827160023,09:32:28.827,55.4800,100
34349044938496,09:32:29.044,55.4800,100
34352148599134,09:32:32.148,55.4800,100
34358797605043,09:32:38.797,55.4900,100
34362059655290,09:32:42.059,55.4900,1100
34362061363201,09:32:42.061,55.4900,87
34362070666938,09:32:42.070,55.5000,500
34362070666938,09:32:42.070,55.5000,200
34362070666938,09:32:42.070,55.5000,100
34362070666938,09:32:42.070,55.5000,200
34362070666938,09:32:42.070,55.5000,100
34362070666938,09:32:42.070,55.5000,100
34362071864179,09:32:42.071,55.5000,100
34362084129544,09:32:42.084,55.5000,100
34362084129544,09:32:42.084,55.5000,100
34362131738708,09:32:42.131,55.5000,100
34362131738708,09:32:42.131,55.5000,200
34362131738708,09:32:42.131,55.5000,100
34362139433806,09:32:42.139,55.5000,100
34362139433806,09:32:42.139,55.5000,10
34363072617206,09:32:43.072,55.5100,100
34363072617206,09:32:43.072,55.5100,100
34363473979913,09:32:43.473,55.5100,100
34365249407338,09:32:45.249,55.5000,100
34367245650177,09:32:47.245,55.5100,100
34367245650177,09:32:47.245,55.5100,100
34372137034011,09:32:52.137,55.5200,100
34372143850020,09:32:52.143,55.5200,100
34374418643978,09:32:54.418,55.5100,100
34374423953560,09:32:54.423,55.5200,100
34374423953560,09:32:54.423,55.5200,100
34374423953560,09:32:54.423,55.5200,100
34374427434626,09:32:54.427,55.5200,200
34374427434626,09:32:54.427,55.5200,100
34374457987166,09:32:54.457,55.5200,14
34375486393762,09:32:55.486,55.5100,100
34379175988407,09:32:59.175,55.5000,1300
34379175988407,09:32:59.175,55.5000,100
34379178373687,09:32:59.178,55.5100,100
34379185241982,09:32:59.185,55.5200,100
34379185241982,09:32:59.185,55.5200,100
34379185241982,09:32:59.185,55.5200,100
34379185241982,09:32:59.185,55.5200,200
34379185895958,09:32:59.185,55.5100,100
34379189053690,09:32:59.189,55.5100,100
34379189053690,09:32:59.189,55.5100,100
34379189053690,09:32:59.189,55.5100,85
34379189086133,09:32:59.189,55.5100,115
34380221513912,09:33:00.221,55.5000,100
34382843130231,09:33:02.843,55.4900,100
34382935624112,09:33:02.935,55.4900,100
34384359905785,09:33:04.359,55.4800,100
34384472335888,09:33:04.472,55.4800,100
34384472335888,09:33:04.472,55.4800,200
34384472366507,09:33:04.472,55.4800,100
34385453011033,09:33:05.453,55.4900,100
34388344355157,09:33:08.344,55.5000,100
34388344898905,09:33:08.344,55.5000,100
34388344898905,09:33:08.344,55.5000,100
34388344898905,09:33:08.344,55.5000,100
34392103698039,09:33:12.103,55.4900,30
34392103698039,09:33:12.103,55.4900,100
34392104219395,09:33:12.104,55.4900,100
34392104219395,09:33:12.104,55.4900,100
34392104219395,09:33:12.104,55.4900,100
34392107117192,09:33:12.107,55.4900,100
34392107117192,09:33:12.107,55.4900,100
34392116591821,09:33:12.116,55.4800,100
34392116591821,09:33:12.116,55.4800,100
34392123490896,09:33:12.123,55.4800,100
34392123490896,09:33:12.123,55.4800,100
34392123490896,09:33:12.123,55.4800,100
34392125134838,09:33:12.125,55.4800,100
34392125134838,09:33:12.125,55.4800,100
34392125134838,09:33:12.125,55.4800,100
34392125134838,09:33:12.125,55.4800,100
34392129438552,09:33:12.129,55.4800,100
34392130075377,09:33:12.130,55.4800,100
34392130075377,09:33:12.130,55.4800,100
34392142155696,09:33:12.142,55.4900,100
34392142155696,09:33:12.142,55.4900,100
34392142155696,09:33:12.142,55.4900,48
34392149197853,09:33:12.149,55.4900,52
34392149197853,09:33:12.149,55.4900,48
34392432073904,09:33:12.432,55.4800,100
34392674824831,09:33:12.674,55.4800,100
34392674824831,09:33:12.674,55.4800,100
34392674824831,09:33:12.674,55.4800,100
34392674850443,09:33:12.674,55.4800,83
34395959838537,09:33:15.959,55.4800,100
34395986697646,09:33:15.986,55.4900,52
34395986697646,09:33:15.986,55.4900,100
34395986697646,09:33:15.986,55.4900,200
34395986697646,09:33:15.986,55.4900,200
34395986697646,09:33:15.986,55.4900,100
34395986697646,09:33:15.986,55.4900,100
34395986697646,09:33:15.986,55.4900,100
34395987121428,09:33:15.987,55.4900,100
34395987663609,09:33:15.987,55.4900,100
34395987663609,09:33:15.987,55.4900,100
34396765982455,09:33:16.765,55.4900,100
34396765982455,09:33:16.765,55.4900,100
34400392074428,09:33:20.392,55.4800,100
34400822675390,09:33:20.822,55.4800,100
34405444711343,09:33:25.444,55.4800,100
34408463773792,09:33:28.463,55.4900,100
34415311358378,09:33:35.311,55.4700,100
34420399719298,09:33:40.399,55.4600,100
34420414195935,09:33:40.414,55.4600,100
34420434895979,09:33:40.434,55.4600,100
34420434895979,09:33:40.434,55.4600,100
34420434895979,09:33:40.434,55.4600,100
34421618364657,09:33:41.618,55.4600,100
34424889506019,09:33:44.889,55.4700,97
34425699428141,09:33:45.699,55.4700,3
34425756179783,09:33:45.756,55.4700,100
34425756179783,09:33:45.756,55.4700,100
34437874501644,09:33:57.874,55.4700,100
34444391540786,09:34:04.391,55.4900,100
34445342779411,09:34:05.342,55.5100,100
34445342977650,09:34:05.342,55.5100,1
34445698858815,09:34:05.698,55.5200,1
34445698858815,09:34:05.698,55.5200,1
34445698858815,09:34:05.698,55.5200,100
34453276064696,09:34:13.276,55.5100,100
34462198255792,09:34:22.198,55.5100,100
34480373292300,09:34:40.373,55.4800,100
34480376090391,09:34:40.376,55.4700,100
34480376090391,09:34:40.376,55.4700,100
34480400347592,09:34:40.400,55.4600,100
34480443314430,09:34:40.443,55.4500,36
34480445939584,09:34:40.445,55.4500,100
34480445939584,09:34:40.445,55.4500,100
34480445939584,09:34:40.445,55.4500,100
34483346473531,09:34:43.346,55.4400,100
34483346473531,09:34:43.346,55.4400,100
34483354842736,09:34:43.354,55.4400,100
34484214833601,09:34:44.214,55.4400,100
34487060823911,09:34:47.060,55.4400,100
34488436869309,09:34:48.436,55.4300,100
34488439209702,09:34:48.439,55.4200,100
34488439235097,09:34:48.439,55.4200,100
34488453923241,09:34:48.453,55.4200,100
34489029672625,09:34:49.029,55.4100,100
34489036323407,09:34:49.036,55.4100,100
34489233683035,09:34:49.233,55.4100,100
34495903601892,09:34:55.903,55.4200,100
34495903853305,09:34:55.903,55.4200,200
34500568758921,09:35:00.568,55.4200,100
34500568943952,09:35:00.568,55.4200,100
34503065556518,09:35:03.065,55.4400,100
34503065556518,09:35:03.065,55.4400,3
34503065556518,09:35:03.065,55.4400,100
34503065556518,09:35:03.065,55.4400,200
34509193237671,09:35:09.193,55.4400,100
34511188326270,09:35:11.188,55.4400,100
34511188326270,09:35:11.188,55.4400,100
34511297537166,09:35:11.297,55.4400,100
34511297537166,09:35:11.297,55.4400,100
34511297537166,09:35:11.297,55.4400,100
34512957975651,09:35:12.957,55.4300,100
34512957975651,09:35:12.957,55.4300,100
34513874174329,09:35:13.874,55.4200,100
34514210091667,09:35:14.210,55.4200,100
34514322968821,09:35:14.322,55.4200,100
34514322968821,09:35:14.322,55.4200,100
34515033369094,09:35:15.033,55.4200,100
34516471465996,09:35:16.471,55.4200,11
34516471465996,09:35:16.471,55.4200,31
34516484224382,09:35:16.484,55.4200,69
34521499400910,09:35:21.499,55.4100,100
34521499400910,09:35:21.499,55.4100,100
34521513809998,09:35:21.513,55.4100,100
34521601421895,09:35:21.601,55.4100,20
34534479421457,09:35:34.479,55.4100,100
34542491987656,09:35:42.491,55.4000,100
34553970623884,09:35:53.970,55.3900,100
34553970623884,09:35:53.970,55.3900,100
34553970623884,09:35:53.970,55.3900,100
34553970863658,09:35:53.970,55.3900,100
34553970863658,09:35:53.970,55.3900,100
34553970863658,09:35:53.970,55.3900,100
34553970863658,09:35:53.970,55.3900,100
34555067272219,09:35:55.067,55.4000,100
34555067272219,09:35:55.067,55.4000,100
34562535547319,09:36:02.535,55.4000,100
34562535547319,09:36:02.535,55.4000,200
34562535547319,09:36:02.535,55.4000,100
34579746803226,09:36:19.746,55.3900,42
34579747289478,09:36:19.747,55.3900,100
34583376005066,09:36:23.376,55.3900,100
34591046329664,09:36:31.046,55.4000,100
34591046329664,09:36:31.046,55.4000,200
34591046329664,09:36:31.046,55.4000,100
34599826751802,09:36:39.826,55.4100,100
34599826751802,09:36:39.826,55.4100,200
34599826751802,09:36:39.826,55.4100,100
34606183435679,09:36:46.183,55.4200,100
34606183435679,09:36:46.183,55.4200,1000
34606183435679,09:36:46.183,55.4200,100
34606183435679,09:36:46.183,55.4200,200
34610216080787,09:36:50.216,55.4300,100
34615453709683,09:36:55.453,55.4400,100
34615554883770,09:36:55.554,55.4300,100
34615554883770,09:36:55.554,55.4300,100
34615554883770,09:36:55.554,55.4300,91
34618607308496,09:36:58.607,55.4300,100
34619373890780,09:36:59.373,55.4300,100
34619373890780,09:36:59.373,55.4300,76
34623006070590,09:37:03.006,55.4400,100
34624941511711,09:37:04.941,55.4400,100
34624941511711,09:37:04.941,55.4400,100
34625829144874,09:37:05.829,55.4400,19
34626513763062,09:37:06.513,55.4400,100
34626513763062,09:37:06.513,55.4400,100
34627420165181,09:37:07.420,55.4400,100
34631293089238,09:37:11.293,55.4500,100
34642076554752,09:37:22.076,55.4500,100
34651843205143,09:37:31.843,55.4400,100
34652187217247,09:37:32.187,55.4300,100
34652187217247,09:37:32.187,55.4300,67
34652187243548,09:37:32.187,55.4300,33
34669332560298,09:37:49.332,55.4400,100
34670439549482,09:37:50.439,55.4300,100
34681925071938,09:38:01.925,55.4500,100
34685902466266,09:38:05.902,55.4500,200
34685902466266,09:38:05.902,55.4500,100
34694435794029,09:38:14.435,55.4500,100
34694435794029,09:38:14.435,55.4500,23
34699257988314,09:38:19.257,55.4600,100
34699257988314,09:38:19.257,55.4600,100
34699257988314,09:38:19.257,55.4600,300
34700926208448,09:38:20.926,55.4600,100
34712265308721,09:38:32.265,55.4600,100
34712265308721,09:38:32.265,55.4600,100
34713720972061,09:38:33.720,55.4600,100
34714213957217,09:38:34.213,55.4700,100
34714213957217,09:38:34.213,55.4700,100
34714219571318,09:38:34.219,55.4700,100
34714219571318,09:38:34.219,55.4700,100
34725378111058,09:38:45.378,55.4700,100
34725378111058,09:38:45.378,55.4700,100
34730735765617,09:38:50.735,55.4700,1
34736898332132,09:38:56.898,55.4800,100
34749772381259,09:39:09.772,55.4900,100
34749772381259,09:39:09.772,55.4900,100
34749918346146,09:39:09.918,55.4900,100
34751678506388,09:39:11.678,55.4900,100
34752119330784,09:39:12.119,55.5000,100
34752119330784,09:39:12.119,55.5000,100
34752119341306,09:39:12.119,55.5000,100
34754943726741,09:39:14.943,55.4800,100
34759820606882,09:39:19.820,55.4700,100
34761175129083,09:39:21.175,55.4700,91
34761175129083,09:39:21.175,55.4700,100
34763389999919,09:39:23.389,55.4700,100
34768427258985,09:39:28.427,55.4800,91
34768428256496,09:39:28.428,55.4900,100
34768428256496,09:39:28.428,55.4900,100
34777966098271,09:39:37.966,55.4900,100
34777966098271,09:39:37.966,55.4900,100
34781085211017,09:39:41.085,55.4900,14
34785272578621,09:39:45.272,55.4900,100
34785273658069,09:39:45.273,55.4900,89
34787088933242,09:39:47.088,55.4900,91
34800395220674,09:40:00.395,55.4900,100
34801572254708,09:40:01.572,55.4900,100
34804237747371,09:40:04.237,55.5000,100
34804239727271,09:40:04.239,55.5000,100
34804239727271,09:40:04.239,55.5000,100
34804302019360,09:40:04.302,55.5000,25
34819476369304,09:40:19.476,55.5100,100
34819490142284,09:40:19.490,55.5100,100
34819559294446,09:40:19.559,55.5100,100
34821377403794,09:40:21.377,55.5200,100
34821377403794,09:40:21.377,55.5200,100
34822428424163,09:40:22.428,55.5200,100
34822428424163,09:40:22.428,55.5200,91
34822428424163,09:40:22.428,55.5200,9
34828805764896,09:40:28.805,55.5200,100
34841344375991,09:40:41.344,55.5300,100
34841344608330,09:40:41.344,55.5300,100
34841981471346,09:40:41.981,55.5300,100
34849638971180,09:40:49.638,55.5200,100
34849638971180,09:40:49.638,55.5200,300
34850628777529,09:40:50.628,55.5100,100
34854030825768,09:40:54.030,55.5100,100
34854030825768,09:40:54.030,55.5100,91
34868007000590,09:41:08.007,55.5200,100
34880870071378,09:41:20.870,55.5200,100
34885969254123,09:41:25.969,55.5100,100
34885969254123,09:41:25.969,55.5100,100
34885969254123,09:41:25.969,55.5100,100
34885969330404,09:41:25.969,55.5100,100
34885970295637,09:41:25.970,55.5000,100
34885970323393,09:41:25.970,55.5000,200
34885970323393,09:41:25.970,55.5000,100
34885970323393,09:41:25.970,55.5000,100
34885970323393,09:41:25.970,55.5000,200
34886033062978,09:41:26.033,55.5100,100
34886033062978,09:41:26.033,55.5100,100
34886067117819,09:41:26.067,55.5200,94
34887396849228,09:41:27.396,55.5000,100
34906474138096,09:41:46.474,55.5000,100
34911213673101,09:41:51.213,55.5200,100
34913458055718,09:41:53.458,55.5200,100
34915410867964,09:41:55.410,55.5200,100
34922494728465,09:42:02.494,55.5300,10
34922692881453,09:42:02.692,55.5300,90
34922692881453,09:42:02.692,55.5300,100
34927274615711,09:42:07.274,55.5300,100
34928686734309,09:42:08.686,55.5200,100
34931932943125,09:42:11.932,55.5200,100
34931932943125,09:42:11.932,55.5200,100
34934176337810,09:42:14.176,55.5200,100
34934176337810,09:42:14.176,55.5200,91
34937956101070,09:42:17.956,55.5300,100
34938526599838,09:42:18.526,55.5300,100
34944956529519,09:42:24.956,55.5200,100
34950474672876,09:42:30.474,55.5200,100
34957576782379,09:42:37.576,55.5100,200
34957576782379,09:42:37.576,55.5100,100
34987162709097,09:43:07.162,55.5100,100
34987162709097,09:43:07.162,55.5100,32
34987162855640,09:43:07.162,55.5100,68
34991912993180,09:43:11.912,55.5300,100
34999700884389,09:43:19.700,55.5300,100
35000126590108,09:43:20.126,55.5400,100
35004691408512,09:43:24.691,55.5400,100
35004691408512,09:43:24.691,55.5400,100
35004691408512,09:43:24.691,55.5400,100
35008058251942,09:43:28.058,55.5400,100
35013863819919,09:43:33.863,55.5500,100
35013863848133,09:43:33.863,55.5500,600
35013863858852,09:43:33.863,55.5500,100
35013863898886,09:43:33.863,55.5500,100
35013864749885,09:43:33.864,55.5500,100
35014496210960,09:43:34.496,55.5500,100
35014496537685,09:43:34.496,55.5500,100
35015350469007,09:43:35.350,55.5500,100
35015350469007,09:43:35.350,55.5500,100
35016072760604,09:43:36.072,55.5500,100
35016279470125,09:43:36.279,55.5500,100
35016279470125,09:43:36.279,55.5500,100
35016279470125,09:43:36.279,55.5500,100
35018480123189,09:43:38.480,55.5500,100
35018480123189,09:43:38.480,55.5500,100
35034878892867,09:43:54.878,55.5700,100
35046146221798,09:44:06.146,55.5700,100
35046284363813,09:44:06.284,55.5700,100
35058011849254,09:44:18.011,55.5600,100
35063771045349,09:44:23.771,55.5500,100
35063771045349,09:44:23.771,55.5500,100
35063771045349,09:44:23.771,55.5500,100
35063771045349,09:44:23.771,55.5500,100
35063771045349,09:44:23.771,55.5500,100
35063774742422,09:44:23.774,55.5500,100
35063774742422,09:44:23.774,55.5500,100
35063774742422,09:44:23.774,55.5500,100
35064439769295,09:44:24.439,55.5500,100
35064863865556,09:44:24.863,55.5500,100
35064863865556,09:44:24.863,55.5500,100
35064887058621,09:44:24.887,55.5500,100
35064906342167,09:44:24.906,55.5500,100
35065376138836,09:44:25.376,55.5500,100
35065816111029,09:44:25.816,55.5500,100
35065816111029,09:44:25.816,55.5500,100
35068016555495,09:44:28.016,55.5500,100
35068016555495,09:44:28.016,55.5500,100
35068016555495,09:44:28.016,55.5500,100
35072671381613,09:44:32.671,55.5400,100
35072671381613,09:44:32.671,55.5400,100
35072675268976,09:44:32.675,55.5300,100
35072691445012,09:44:32.691,55.5300,100
35072694600463,09:44:32.694,55.5300,100
35072775407437,09:44:32.775,55.5300,100
35072795422369,09:44:32.795,55.5300,100
35082608633015,09:44:42.608,55.5300,100
35088608132659,09:44:48.608,55.5300,100
35093926340023,09:44:53.926,55.5300,100
35093926340023,09:44:53.926,55.5300,14
35099295970013,09:44:59.295,55.5400,100
35101041283050,09:45:01.041,55.5400,100
35101423353201,09:45:01.423,55.5500,100
35101423353201,09:45:01.423,55.5500,100
35101423353201,09:45:01.423,55.5600,100
35101423353201,09:45:01.423,55.5600,200
35101423353201,09:45:01.423,55.5600,100
35101423353201,09:45:01.423,55.5600,100
35101423353201,09:45:01.423,55.5600,897
35101423511352,09:45:01.423,55.5600,100
35101423525537,09:45:01.423,55.5600,3
35101423525537,09:45:01.423,55.5600,100
35101423525537,09:45:01.423,55.5600,97
35101423696430,09:45:01.423,55.5600,50
35101423856582,09:45:01.423,55.5600,53
35101423856582,09:45:01.423,55.5600,47
35101423927684,09:45:01.423,55.5600,53
35101423927684,09:45:01.423,55.5600,47
35102667138231,09:45:02.667,55.5600,100
35102667138231,09:45:02.667,55.5600,100
35102667138231,09:45:02.667,55.5600,100
35103761897349,09:45:03.761,55.5600,100
35103761897349,09:45:03.761,55.5600,100
35104832465560,09:45:04.832,55.5700,100
35105236545637,09:45:05.236,55.5700,100
35105236545637,09:45:05.236,55.5700,100
35105236545637,09:45:05.236,55.5700,100
35105236545637,09:45:05.236,55.5700,100
35106807268975,09:45:06.807,55.5700,100
35106807268975,09:45:06.807,55.5700,100
35106807268975,09:45:06.807,55.5700,100
35106807268975,09:45:06.807,55.5700,100
35107767166995,09:45:07.767,55.5600,100
35114631114690,09:45:14.631,55.5600,100
35114631114690,09:45:14.631,55.5600,100
35120599133896,09:45:20.599,55.5600,100
35120599133896,09:45:20.599,55.5600,100
35120599487474,09:45:20.599,55.5600,100
35120599487474,09:45:20.599,55.5600,100
35120599487474,09:45:20.599,55.5600,100
35120600394046,09:45:20.600,55.5600,14
35120605674205,09:45:20.605,55.5600,100
35121121719028,09:45:21.121,55.5500,90
35121121719028,09:45:21.121,55.5500,67
35121121744900,09:45:21.121,55.5500,17
35121121749605,09:45:21.121,55.5500,16
35121121749605,09:45:21.121,55.5500,100
35121185905403,09:45:21.185,55.5500,3
35121185905403,09:45:21.185,55.5500,100
35121185905403,09:45:21.185,55.5500,73
35121185964616,09:45:21.185,55.5500,27
35121223682456,09:45:21.223,55.5500,100
35121255550688,09:45:21.255,55.5500,100
35121255550688,09:45:21.255,55.5600,100
35121255550688,09:45:21.255,55.5600,100
35121255550688,09:45:21.255,55.5600,200
35121255550688,09:45:21.255,55.5600,100
35121255550688,09:45:21.255,55.5600,300
35121255550688,09:45:21.255,55.5600,200
35121255550688,09:45:21.255,55.5600,1000
35121268007221,09:45:21.268,55.5600,10
35121268007221,09:45:21.268,55.5600,90
35126591135695,09:45:26.591,55.5500,100
35126591135695,09:45:26.591,55.5500,100
35126591135695,09:45:26.591,55.5500,100
35130655677565,09:45:30.655,55.5400,10
35140780606314,09:45:40.780,55.5400,1
35140780634114,09:45:40.780,55.5400,78
35140781139775,09:45:40.781,55.5400,7
35140781177717,09:45:40.781,55.5400,4
35140781177717,09:45:40.781,55.5400,100
35149321639427,09:45:49.321,55.5400,100
35149323313991,09:45:49.323,55.5400,100
35149323313991,09:45:49.323,55.5400,100
35149323313991,09:45:49.323,55.5400,100
35149323313991,09:45:49.323,55.5400,100
35149323313991,09:45:49.323,55.5400,100
35149323313991,09:45:49.323,55.5400,200
35149324397616,09:45:49.324,55.5400,100
35158603627734,09:45:58.603,55.5400,100
35158603627734,09:45:58.603,55.5400,100
35163104043699,09:46:03.104,55.5400,98
35163104164109,09:46:03.104,55.5400,2
35166862196040,09:46:06.862,55.5400,100
35181290102694,09:46:21.290,55.5300,100
35181290639448,09:46:21.290,55.5300,14
35181290782087,09:46:21.290,55.5300,86
35184323900775,09:46:24.323,55.5300,100
35184323900775,09:46:24.323,55.5300,100
35184324762581,09:46:24.324,55.5300,2
35203641470690,09:46:43.641,55.5400,100
35203641470690,09:46:43.641,55.5400,100
35203641470690,09:46:43.641,55.5400,15
35203641570529,09:46:43.641,55.5400,85
35206506844796,09:46:46.506,55.5500,14
35206890023266,09:46:46.890,55.5500,86
35210153534108,09:46:50.153,55.5600,100
35227471522888,09:47:07.471,55.5600,100
35227471522888,09:47:07.471,55.5600,100
35227472143258,09:47:07.472,55.5600,100
35227472143258,09:47:07.472,55.5600,100
35228280147075,09:47:08.280,55.5600,100
35228306117687,09:47:08.306,55.5600,99
35233126742325,09:47:13.126,55.5600,1
35233126742325,09:47:13.126,55.5600,99
35233126772704,09:47:13.126,55.5600,1
35233279643668,09:47:13.279,55.5600,100
35233580449822,09:47:13.580,55.5600,1
35233586875917,09:47:13.586,55.5600,99
35233586875917,09:47:13.586,55.5600,1
35233586960752,09:47:13.586,55.5600,3
35234094792219,09:47:14.094,55.5600,100
35234163882890,09:47:14.163,55.5600,100
35234304897017,09:47:14.304,55.5600,100
35234507662184,09:47:14.507,55.5600,100
35234530723234,09:47:14.530,55.5600,100
35234530723234,09:47:14.530,55.5600,100
35234530723234,09:47:14.530,55.5600,200
35237959541038,09:47:17.959,55.5600,100
35237959640157,09:47:17.959,55.5600,200
35242799639733,09:47:22.799,55.5600,100
35242882877963,09:47:22.882,55.5600,100
35242889599987,09:47:22.889,55.5600,100
35242889670546,09:47:22.889,55.5600,100
35242889670546,09:47:22.889,55.5600,100
35249110785497,09:47:29.110,55.5600,100
35251984637211,09:47:31.984,55.5600,100
35253986355463,09:47:33.986,55.5600,100
35256194363013,09:47:36.194,55.5500,1
35258721914659,09:47:38.721,55.5500,100
35267819307119,09:47:47.819,55.5450,100
35280666783775,09:48:00.666,55.5500,100
35280666783775,09:48:00.666,55.5500,91
35285930314910,09:48:05.930,55.5600,100
35285930314910,09:48:05.930,55.5600,100
35285930314910,09:48:05.930,55.5600,100
35288042100631,09:48:08.042,55.5500,4
35288804323930,09:48:08.804,55.5600,83
35292166946848,09:48:12.166,55.5500,7
35292168327306,09:48:12.168,55.5500,89
35292168327306,09:48:12.168,55.5500,11
35292168560513,09:48:12.168,55.5500,89
35293886806372,09:48:13.886,55.5500,100
35295145626234,09:48:15.145,55.5600,17
35295145626234,09:48:15.145,55.5600,83
35295151935811,09:48:15.151,55.5600,17
35295151935811,09:48:15.151,55.5600,100
35295151935811,09:48:15.151,55.5600,200
35295151935811,09:48:15.151,55.5600,83
35295405528303,09:48:15.405,55.5650,100
35295713886705,09:48:15.713,55.5650,100
35295713886705,09:48:15.713,55.5600,100
35296166854998,09:48:16.166,55.5600,8
35296430096929,09:48:16.430,55.5600,100
35296430096929,09:48:16.430,55.5600,100
35296824763645,09:48:16.824,55.5600,292
35296824763645,09:48:16.824,55.5600,8
35304131636110,09:48:24.131,55.5600,170
35304131640769,09:48:24.131,55.5600,30
35304131640769,09:48:24.131,55.5600,90
35304515971022,09:48:24.515,55.5600,100
35304718272364,09:48:24.718,55.5600,100
35304718272364,09:48:24.718,55.5600,100
35305134037689,09:48:25.134,55.5700,100
35305442659066,09:48:25.442,55.5700,100
35305442659066,09:48:25.442,55.5700,100
35306313975079,09:48:26.313,55.5700,100
35306313975079,09:48:26.313,55.5700,100
35306335066974,09:48:26.335,55.5700,100
35307039053356,09:48:27.039,55.5700,100
35312508026017,09:48:32.508,55.5700,100
35312508529772,09:48:32.508,55.5700,100
35313489092548,09:48:33.489,55.5700,100
35313574424642,09:48:33.574,55.5700,100
35316719688769,09:48:36.719,55.5600,100
35320425051581,09:48:40.425,55.5500,100
35320425051581,09:48:40.425,55.5500,100
35320428342632,09:48:40.428,55.5400,100
35320955241589,09:48:40.955,55.5400,6
35321460494555,09:48:41.460,55.5400,74
35322164889139,09:48:42.164,55.5300,5
35322906321667,09:48:42.906,55.5300,95
35322906321667,09:48:42.906,55.5300,100
35322906321667,09:48:42.906,55.5300,5
35322906788748,09:48:42.906,55.5300,4
35322907595902,09:48:42.907,55.5350,100
35322907595902,09:48:42.907,55.5400,100
35322907595902,09:48:42.907,55.5400,100
35322907595902,09:48:42.907,55.5400,200
35322907595902,09:48:42.907,55.5400,31
35324692741084,09:48:44.692,55.5400,100
35328389075174,09:48:48.389,55.5500,100
35328389075174,09:48:48.389,55.5500,100
35328389516740,09:48:48.389,55.5500,100
35328523815078,09:48:48.523,55.5500,100
35328523815078,09:48:48.523,55.5500,69
35330376318185,09:48:50.376,55.5550,100
35330635227416,09:48:50.635,55.5500,1
35330639510545,09:48:50.639,55.5500,100
35330640700576,09:48:50.640,55.5500,100
35330645042926,09:48:50.645,55.5400,100
35330708217634,09:48:50.708,55.5400,100
35336687596107,09:48:56.687,55.5400,100
35336687596107,09:48:56.687,55.5400,100
35339739593467,09:48:59.739,55.5450,100
35355922449296,09:49:15.922,55.5400,100
35355922449296,09:49:15.922,55.5400,100
35355922449296,09:49:15.922,55.5400,100
35355922512016,09:49:15.922,55.5400,100
35355922551440,09:49:15.922,55.5400,100
35359202494872,09:49:19.202,55.5350,100
35363657773601,09:49:23.657,55.5400,100
35367829602261,09:49:27.829,55.5350,100
35370275076744,09:49:30.275,55.5400,100
35370275076744,09:49:30.275,55.5400,100
35373127544733,09:49:33.127,55.5450,100
35374453271285,09:49:34.453,55.5400,100
35374453271285,09:49:34.453,55.5400,100
35377949930694,09:49:37.949,55.5350,100
35377949930694,09:49:37.949,55.5300,100
35381613296516,09:49:41.613,55.5300,90
35381613334205,09:49:41.613,55.5300,10
35381613334205,09:49:41.613,55.5300,100
35381613334205,09:49:41.613,55.5300,5
35381613411263,09:49:41.613,55.5300,95
35381635418150,09:49:41.635,55.5200,100
35381635418150,09:49:41.635,55.5200,100
35391575862050,09:49:51.575,55.5300,100
35391575919877,09:49:51.575,55.5300,100
35405335063961,09:50:05.335,55.5500,43
35406729469904,09:50:06.729,55.5500,57
35433917452173,09:50:33.917,55.5600,100
35433917452173,09:50:33.917,55.5600,100
35433928112574,09:50:33.928,55.5600,90
35440342988956,09:50:40.342,55.5600,100
35440342988956,09:50:40.342,55.5600,100
35441877801109,09:50:41.877,55.5600,100
35446656823539,09:50:46.656,55.5600,100
35449700220606,09:50:49.700,55.5600,100
35483419733779,09:51:23.419,55.5600,100
35483419733779,09:51:23.419,55.5600,100
35483419733779,09:51:23.419,55.5600,100
35483419733779,09:51:23.419,55.5600,200
35483420459615,09:51:23.420,55.5600,100
35484634735451,09:51:24.634,55.5500,100
35485151463679,09:51:25.151,55.5500,100
35485151463679,09:51:25.151,55.5500,100
35485151463679,09:51:25.151,55.5500,100
35494292953249,09:51:34.292,55.5500,100
35494292953249,09:51:34.292,55.5500,200
35494299014374,09:51:34.299,55.5500,100
35494811628699,09:51:34.811,55.5500,100
35494815612476,09:51:34.815,55.5500,100
35495501911919,09:51:35.501,55.5500,100
35497556664648,09:51:37.556,55.5500,100
35497863130157,09:51:37.863,55.5500,100
35497863130157,09:51:37.863,55.5500,100
35498605708468,09:51:38.605,55.5500,100
35500803911988,09:51:40.803,55.5500,100
35501644921470,09:51:41.644,55.5500,100
35501644946830,09:51:41.644,55.5500,100
35512310040085,09:51:52.310,55.5500,100
35512310040085,09:51:52.310,55.5500,14
35514211730324,09:51:54.211,55.5500,91
35518922203543,09:51:58.922,55.5500,145
35518922203543,09:51:58.922,55.5500,100
35519410856152,09:51:59.410,55.5500,106
35519410856152,09:51:59.410,55.5500,94
35519945631386,09:51:59.945,55.5450,100
35519961673405,09:51:59.961,55.5450,100
35520013726709,09:52:00.013,55.5400,100
35520013726709,09:52:00.013,55.5400,100
35520013726709,09:52:00.013,55.5400,100
35523061506179,09:52:03.061,55.5500,100
35524346363365,09:52:04.346,55.5550,100
35526365394692,09:52:06.365,55.5500,100
35526365394692,09:52:06.365,55.5500,100
35526365394692,09:52:06.365,55.5500,100
35526368960421,09:52:06.368,55.5500,100
35526371417417,09:52:06.371,55.5500,100
35533291472447,09:52:13.291,55.5500,100
35533291472447,09:52:13.291,55.5500,100
35540047058222,09:52:20.047,55.5450,100
35540047058222,09:52:20.047,55.5400,100
35540047647827,09:52:20.047,55.5400,8
35540301595617,09:52:20.301,55.5400,92
35540301595617,09:52:20.301,55.5400,8
35540304314372,09:52:20.304,55.5400,92
35544758313261,09:52:24.758,55.5350,100
35551351168986,09:52:31.351,55.5300,100
35551351168986,09:52:31.351,55.5300,100
35559526112530,09:52:39.526,55.5250,100
35559526112530,09:52:39.526,55.5200,100
35563639012956,09:52:43.639,55.5200,2
35576842945481,09:52:56.842,55.5250,100
35576842945481,09:52:56.842,55.5200,98
35576842945481,09:52:56.842,55.5200,2
35583773074672,09:53:03.773,55.5300,41
35583773086136,09:53:03.773,55.5300,59
35583773086136,09:53:03.773,55.5300,100
35583773086136,09:53:03.773,55.5300,41
35583773089306,09:53:03.773,55.5300,59
35583773089306,09:53:03.773,55.5300,100
35583773089306,09:53:03.773,55.5300,41
35583773099227,09:53:03.773,55.5300,59
35588690375224,09:53:08.690,55.5300,98
35588690375224,09:53:08.690,55.5300,100
35588690375224,09:53:08.690,55.5300,100
35588691379705,09:53:08.691,55.5300,100
35588861707972,09:53:08.861,55.5300,91
35589284581627,09:53:09.284,55.5300,9
35593979783233,09:53:13.979,55.5250,100
35599093764078,09:53:19.093,55.5300,77
35599093764078,09:53:19.093,55.5300,91
35599444608667,09:53:19.444,55.5350,100
35599444608667,09:53:19.444,55.5300,100
35601403134392,09:53:21.403,55.5350,100
35601420272702,09:53:21.420,55.5300,100
35603625365088,09:53:23.625,55.5300,100
35603631305706,09:53:23.631,55.5300,100
35606031623209,09:53:26.031,55.5350,100
35607043502233,09:53:27.043,55.5300,100
35607043502233,09:53:27.043,55.5300,100
35607406613252,09:53:27.406,55.5300,100
35607407735803,09:53:27.407,55.5300,96
35607456216280,09:53:27.456,55.5300,100
35607456216280,09:53:27.456,55.5300,100
35607456216280,09:53:27.456,55.5300,100
35607456216280,09:53:27.456,55.5300,200
35607456216280,09:53:27.456,55.5300,100
35608476133077,09:53:28.476,55.5300,96
35609606279699,09:53:29.606,55.5300,96
35609606279699,09:53:29.606,55.5300,100
35609606279699,09:53:29.606,55.5300,4
35609606333741,09:53:29.606,55.5300,96
35613348520384,09:53:33.348,55.5350,100
35613994608215,09:53:33.994,55.5300,100
35614589726327,09:53:34.589,55.5300,100
35614589778830,09:53:34.589,55.5300,100
35615334187792,09:53:35.334,55.5300,100
35615334187792,09:53:35.334,55.5300,100
35615334187792,09:53:35.334,55.5300,100
35615334187792,09:53:35.334,55.5300,100
35616057572342,09:53:36.057,55.5300,100
35616057572342,09:53:36.057,55.5300,100
35616057572342,09:53:36.057,55.5300,100
35616074147862,09:53:36.074,55.5300,100
35616074147862,09:53:36.074,55.5300,100
35616094267609,09:53:36.094,55.5300,98
35616094267609,09:53:36.094,55.5300,2
35618074351017,09:53:38.074,55.5300,100
35618074351017,09:53:38.074,55.5300,100
35619074610659,09:53:39.074,55.5300,100
35619074674851,09:53:39.074,55.5300,100
35619074674851,09:53:39.074,55.5300,100
35620745837095,09:53:40.745,55.5400,100
35620745837095,09:53:40.745,55.5400,100
35623818432531,09:53:43.818,55.5400,100
35623822320646,09:53:43.822,55.5400,100
35624996432867,09:53:44.996,55.5400,50
35626829193715,09:53:46.829,55.5300,100
35626829193715,09:53:46.829,55.5300,100
35626829193715,09:53:46.829,55.5300,98
35626873797682,09:53:46.873,55.5300,2
35626873797682,09:53:46.873,55.5300,100
35638825357887,09:53:58.825,55.5400,100
35638825357887,09:53:58.825,55.5400,14
35638825385638,09:53:58.825,55.5400,86
35638825385638,09:53:58.825,55.5400,58
35639221546952,09:53:59.221,55.5400,100
35639221546952,09:53:59.221,55.5400,100
35640043783689,09:54:00.043,55.5400,100
35647141224386,09:54:07.141,55.5400,70
35648395692768,09:54:08.395,55.5450,100
35648395692768,09:54:08.395,55.5400,30
35651094251167,09:54:11.094,55.5400,2
35655487820324,09:54:15.487,55.5450,100
35655487820324,09:54:15.487,55.5400,98
35655487820324,09:54:15.487,55.5400,100
35657122723335,09:54:17.122,55.5400,100
35657886326488,09:54:17.886,55.5400,2
35657886351226,09:54:17.886,55.5400,32
35658061621801,09:54:18.061,55.5400,66
35658588572148,09:54:18.588,55.5400,51
35659705826487,09:54:19.705,55.5400,100
35659705916471,09:54:19.705,55.5400,100
35664375579521,09:54:24.375,55.5500,100
35664375579521,09:54:24.375,55.5500,100
35664375579521,09:54:24.375,55.5500,100
35672355320005,09:54:32.355,55.5550,100
35672355320005,09:54:32.355,55.5500,100
35672447526611,09:54:32.447,55.5500,100
35672546901521,09:54:32.546,55.5500,100
35674787834914,09:54:34.787,55.5500,74
35678976132529,09:54:38.976,55.5500,26
35685437423299,09:54:45.437,55.5600,100
35685437423299,09:54:45.437,55.5600,500
35695362251537,09:54:55.362,55.5700,100
35695362251537,09:54:55.362,55.5700,100
35695362251537,09:54:55.362,55.5700,100
35695362251537,09:54:55.362,55.5700,100
35695362490864,09:54:55.362,55.5700,100
35695362639677,09:54:55.362,55.5700,100
35696050037381,09:54:56.050,55.5700,100
35696050037381,09:54:56.050,55.5700,100
35696050037381,09:54:56.050,55.5700,100
35711019381307,09:55:11.019,55.5700,100
35711019493125,09:55:11.019,55.5700,90
35711026526087,09:55:11.026,55.5700,10
35711026526087,09:55:11.026,55.5700,100
35720518357581,09:55:20.518,55.5800,100
35720518357581,09:55:20.518,55.5800,200
35720543268546,09:55:20.543,55.5800,90
35720543268546,09:55:20.543,55.5800,410
35720543308641,09:55:20.543,55.5800,100
35720543312986,09:55:20.543,55.5800,490
35731984724421,09:55:31.984,55.5800,200
35731984724421,09:55:31.984,55.5800,100
35731984787091,09:55:31.984,55.5800,100
35731985322656,09:55:31.985,55.5800,100
35736699640028,09:55:36.699,55.5750,100
35736699757662,09:55:36.699,55.5700,5
35736700580524,09:55:36.700,55.5700,52
35739002141359,09:55:39.002,55.5700,43
35740770696133,09:55:40.770,55.5700,33
35744883903216,09:55:44.883,55.5700,90
35744883903216,09:55:44.883,55.5700,90
35745329841919,09:55:45.329,55.5700,100
35745329841919,09:55:45.329,55.5700,100
35745490090713,09:55:45.490,55.5700,90
35745490113754,09:55:45.490,55.5700,1
35745945225071,09:55:45.945,55.5700,9
35745945225071,09:55:45.945,55.5700,100
35745945225071,09:55:45.945,55.5700,91
35745945256031,09:55:45.945,55.5700,9
35749842510466,09:55:49.842,55.5650,100
35749857766137,09:55:49.857,55.5600,100
35749857766137,09:55:49.857,55.5600,100
35749990947124,09:55:49.990,55.5600,100
35750093198490,09:55:50.093,55.5500,100
35750594196491,09:55:50.594,55.5500,100
35756196693489,09:55:56.196,55.5500,100
35756196693489,09:55:56.196,55.5500,100
35762456409792,09:56:02.456,55.5400,100
35763509538169,09:56:03.509,55.5400,100
35765395368719,09:56:05.395,55.5350,100
35765413758351,09:56:05.413,55.5300,100
35765413758351,09:56:05.413,55.5300,100
35765413758351,09:56:05.413,55.5300,51
35765507584131,09:56:05.507,55.5300,100
35772196192561,09:56:12.196,55.5200,100
35772197479047,09:56:12.197,55.5200,100
35772807397432,09:56:12.807,55.5100,100
35772807397432,09:56:12.807,55.5100,100
35774495399025,09:56:14.495,55.5100,100
35774495399025,09:56:14.495,55.5100,100
35774515655618,09:56:14.515,55.5100,100
35777271306678,09:56:17.271,55.5100,100
35777271306678,09:56:17.271,55.5100,91
35777271306678,09:56:17.271,55.5100,9
35777271340481,09:56:17.271,55.5100,91
35779999934724,09:56:19.999,55.5100,100
35779999934724,09:56:19.999,55.5100,100
35788915272878,09:56:28.915,55.5200,100
35788915272878,09:56:28.915,55.5200,100
35790552139586,09:56:30.552,55.5200,100
35829034050305,09:57:09.034,55.5300,8
35829034369175,09:57:09.034,55.5300,39
35831364493698,09:57:11.364,55.5400,100
35837119545073,09:57:17.119,55.5400,100
35837119545073,09:57:17.119,55.5400,100
35838030991676,09:57:18.030,55.5400,100
35842550875475,09:57:22.550,55.5300,100
35842550875475,09:57:22.550,55.5300,100
35848362162395,09:57:28.362,55.5300,100
35850643468410,09:57:30.643,55.5300,100
35850643468410,09:57:30.643,55.5300,100
35850643468410,09:57:30.643,55.5300,100
35863582944411,09:57:43.582,55.5200,100
35863582944411,09:57:43.582,55.5200,100
35868401453205,09:57:48.401,55.5200,100
35869910077175,09:57:49.910,55.5200,1
35872497045311,09:57:52.497,55.5200,99
35881971792528,09:58:01.971,55.5200,100
35887650976779,09:58:07.650,55.5100,100
35887650976779,09:58:07.650,55.5100,10
35887799648398,09:58:07.799,55.5100,90
35887799648398,09:58:07.799,55.5100,100
35890889910499,09:58:10.889,55.5000,100
35890889910499,09:58:10.889,55.5000,200
35890889910499,09:58:10.889,55.5000,100
35904474575610,09:58:24.474,55.5000,28
35905278958483,09:58:25.278,55.5000,72
35905278958483,09:58:25.278,55.5000,91
35905703509029,09:58:25.703,55.5000,100
35905703509029,09:58:25.703,55.5000,100
35906202187775,09:58:26.202,55.5000,109
35906202187775,09:58:26.202,55.5000,100
35915198622661,09:58:35.198,55.5200,100
35915291968106,09:58:35.291,55.5200,100
35929751603870,09:58:49.751,55.5100,100
35929751603870,09:58:49.751,55.5100,200
35929751603870,09:58:49.751,55.5100,100
35929751603870,09:58:49.751,55.5100,100
35929751773203,09:58:49.751,55.5100,100
35937255518064,09:58:57.255,55.5100,100
35937256086761,09:58:57.256,55.5100,35
35945957086338,09:59:05.957,55.5000,100
35945957086338,09:59:05.957,55.5000,100
35945957086338,09:59:05.957,55.5000,100
35946052532350,09:59:06.052,55.5000,100
35946052532350,09:59:06.052,55.5000,100
35949382824411,09:59:09.382,55.5000,100
35949382824411,09:59:09.382,55.5000,100
35949382934334,09:59:09.382,55.5000,100
35949382934334,09:59:09.382,55.5000,100
35950127920303,09:59:10.127,55.5000,80
35950127949329,09:59:10.127,55.5000,20
35953932619164,09:59:13.932,55.4900,100
35953932619164,09:59:13.932,55.4900,200
35953932619164,09:59:13.932,55.4900,100
35955622102458,09:59:15.622,55.4900,100
35957049580280,09:59:17.049,55.4900,100
35957049580280,09:59:17.049,55.4900,100
35957050153397,09:59:17.050,55.4900,100
35957050153397,09:59:17.050,55.4900,100
35957051113512,09:59:17.051,55.4900,100
35957053152784,09:59:17.053,55.4900,100
35957053152784,09:59:17.053,55.4900,100
35957060738909,09:59:17.060,55.4900,100
35957060738909,09:59:17.060,55.4900,100
35957145209359,09:59:17.145,55.4900,100
35957145209359,09:59:17.145,55.4900,100
35969675270311,09:59:29.675,55.4800,22
35969675335860,09:59:29.675,55.4800,15
35969675395958,09:59:29.675,55.4800,10
35969675456956,09:59:29.675,55.4800,7
35969675515313,09:59:29.675,55.4800,4
35969675573891,09:59:29.675,55.4800,3
35969675631488,09:59:29.675,55.4800,2
35969675711896,09:59:29.675,55.4800,1
35969675771260,09:59:29.675,55.4800,1
35969676832294,09:59:29.676,55.4800,100
35969692251384,09:59:29.692,55.4800,35
35969692251384,09:59:29.692,55.4800,100
35969692251384,09:59:29.692,55.4800,100
35969767204407,09:59:29.767,55.4800,100
35969784577280,09:59:29.784,55.4800,100
35969784577280,09:59:29.784,55.4800,100
35969785504542,09:59:29.785,55.4800,200
35969786689090,09:59:29.786,55.4800,3
35970852565278,09:59:30.852,55.4800,197
35970852565278,09:59:30.852,55.4800,3
35975988554218,09:59:35.988,55.4700,100
35975988554218,09:59:35.988,55.4700,200
35975991239132,09:59:35.991,55.4700,6
35986786216978,09:59:46.786,55.4700,100
35990123235384,09:59:50.123,55.4700,100
35990123235384,09:59:50.123,55.4700,100
35991611090121,09:59:51.611,55.4700,100
35995982366453,09:59:55.982,55.4800,100
35995982366453,09:59:55.982,55.4800,100
35995982366453,09:59:55.982,55.4800,100
35995982375473,09:59:55.982,55.4800,100
35995982375473,09:59:55.982,55.4800,100
35995982455285,09:59:55.982,55.4800,100
35997138998389,09:59:57.138,55.4900,100
35997138998389,09:59:57.138,55.4900,3
35997138998389,09:59:57.138,55.4900,96
35997139374568,09:59:57.139,55.4900,104
35997767124309,09:59:57.767,55.5000,100
36000697418903,10:00:00.697,55.5000,28
36000698386761,10:00:00.698,55.5000,100
36001179213858,10:00:01.179,55.5000,84
36010872226714,10:00:10.872,55.4900,300
36010872226714,10:00:10.872,55.4900,100
36012157893527,10:00:12.157,55.4900,100
36012392494490,10:00:12.392,55.4900,200
36012392494490,10:00:12.392,55.4900,100
36012392494490,10:00:12.392,55.4900,100
36012392842174,10:00:12.392,55.4900,200
36020232839563,10:00:20.232,55.4800,100
36020232839563,10:00:20.232,55.4800,100
36022548908989,10:00:22.548,55.4800,100
36022549009978,10:00:22.549,55.4800,100
36029075725689,10:00:29.075,55.4800,100
36030031488219,10:00:30.031,55.4900,100
36030031488219,10:00:30.031,55.4900,100
36030031488219,10:00:30.031,55.4900,400
36030031488219,10:00:30.031,55.4900,91
36031659085972,10:00:31.659,55.5000,100
36032838643329,10:00:32.838,55.5000,97
36032838643329,10:00:32.838,55.5000,100
36032864954358,10:00:32.864,55.4900,100
36036831617142,10:00:36.831,55.4900,100
36036831617142,10:00:36.831,55.4900,200
36036831718033,10:00:36.831,55.4900,100
36036834603503,10:00:36.834,55.4900,100
36047865300687,10:00:47.865,55.5000,100
36047865300687,10:00:47.865,55.5000,100
36047865300687,10:00:47.865,55.5000,100
36047865300687,10:00:47.865,55.5000,100
36047865300687,10:00:47.865,55.5000,91
36047865928467,10:00:47.865,55.5000,14
36059543746176,10:00:59.543,55.5000,100
36060848529625,10:01:00.848,55.5000,98
36060848529625,10:01:00.848,55.5000,100
36068153547430,10:01:08.153,55.5100,55
36071016789849,10:01:11.016,55.5100,100
36071016789849,10:01:11.016,55.5100,100
36071016789849,10:01:11.016,55.5100,100
36071653264527,10:01:11.653,55.5000,152
36071663991240,10:01:11.663,55.5000,48
36071663991240,10:01:11.663,55.5000,100
36071663991240,10:01:11.663,55.5000,52
36076389345576,10:01:16.389,55.5000,100
36078377386867,10:01:18.377,55.5000,100
36078377386867,10:01:18.377,55.5000,91
36078377386867,10:01:18.377,55.5000,100
36078377386867,10:01:18.377,55.5000,25
36078377461335,10:01:18.377,55.5000,75
36079315723721,10:01:19.315,55.5000,100
36094289506613,10:01:34.289,55.5000,100
36094289506613,10:01:34.289,55.5000,100
36094289636263,10:01:34.289,55.5000,100
36094294414755,10:01:34.294,55.5000,100
36116321445582,10:01:56.321,55.4900,41
36122316186489,10:02:02.316,55.5000,100
36130159656976,10:02:10.159,55.4900,300
36139307750656,10:02:19.307,55.5000,100
36139307750656,10:02:19.307,55.5000,7
36139307770236,10:02:19.307,55.5000,93
36139307770236,10:02:19.307,55.5000,100
36139307770236,10:02:19.307,55.5000,91
36139307770236,10:02:19.307,55.5000,100
36147421662269,10:02:27.421,55.5000,58
36147443251663,10:02:27.443,55.5000,42
36147443251663,10:02:27.443,55.5000,100
36147443251663,10:02:27.443,55.5000,100
36147481105857,10:02:27.481,55.5000,100
36157216242077,10:02:37.216,55.5000,100
36157216242077,10:02:37.216,55.5000,100
36157216242077,10:02:37.216,55.5000,100
36157217471412,10:02:37.217,55.5000,100
36166693588949,10:02:46.693,55.4900,59
36166693588949,10:02:46.693,55.4900,41
36166693690326,10:02:46.693,55.4900,59
36166693690326,10:02:46.693,55.4900,6
36166709069611,10:02:46.709,55.4900,194
36166709069611,10:02:46.709,55.4900,100
36166709069611,10:02:46.709,55.4900,100
36167864412485,10:02:47.864,55.4800,100
36168214366830,10:02:48.214,55.4800,200
36174952340720,10:02:54.952,55.4700,100
36175072524838,10:02:55.072,55.4700,100
36175072524838,10:02:55.072,55.4700,100
36176502241343,10:02:56.502,55.4700,100
36176502241343,10:02:56.502,55.4700,200
36176503207155,10:02:56.503,55.4700,100
36176504573153,10:02:56.504,55.4700,100
36176504573153,10:02:56.504,55.4700,100
36176505486040,10:02:56.505,55.4700,100
36176505922516,10:02:56.505,55.4700,100
36177148326662,10:02:57.148,55.4700,100
36177148591340,10:02:57.148,55.4700,100
36189602503714,10:03:09.602,55.4600,100
36189602503714,10:03:09.602,55.4600,100
36189602746561,10:03:09.602,55.4600,100
36189668243550,10:03:09.668,55.4600,200
36190017276757,10:03:10.017,55.4600,100
36190017276757,10:03:10.017,55.4600,100
36190017337000,10:03:10.017,55.4600,300
36190546601829,10:03:10.546,55.4600,100
36190546601829,10:03:10.546,55.4600,100
36190923409899,10:03:10.923,55.4600,300
36191106528274,10:03:11.106,55.4600,100
36194651668297,10:03:14.651,55.4500,1
36195818267689,10:03:15.818,55.4500,99
36200633883432,10:03:20.633,55.4500,100
36200633883432,10:03:20.633,55.4500,100
36200633883432,10:03:20.633,55.4500,100
36200633883432,10:03:20.633,55.4500,100
36200633883432,10:03:20.633,55.4500,100
36200633883432,10:03:20.633,55.4500,300
36200633883432,10:03:20.633,55.4500,200
36200634018590,10:03:20.634,55.4500,100
36200634069097,10:03:20.634,55.4500,100
36200634292529,10:03:20.634,55.4500,100
36200634384239,10:03:20.634,55.4500,100
36200634384239,10:03:20.634,55.4500,14
36213133945752,10:03:33.133,55.4500,100
36213133945752,10:03:33.133,55.4500,100
36213133945752,10:03:33.133,55.4500,92
36213133972616,10:03:33.133,55.4500,108
36213133972616,10:03:33.133,55.4500,100
36226905888736,10:03:46.905,55.4400,100
36226905888736,10:03:46.905,55.4400,200
36226905888736,10:03:46.905,55.4400,100
36226905888736,10:03:46.905,55.4400,4
36226922572195,10:03:46.922,55.4400,96
36226922572195,10:03:46.922,55.4400,100
36226922572195,10:03:46.922,55.4400,100
36227285000964,10:03:47.285,55.4400,300
36227377131249,10:03:47.377,55.4400,300
36227377131249,10:03:47.377,55.4400,100
36227377898051,10:03:47.377,55.4400,300
36228007638528,10:03:48.007,55.4400,300
36228100134330,10:03:48.100,55.4400,300
36228100134330,10:03:48.100,55.4400,100
36230001674454,10:03:50.001,55.4400,200
36230001674454,10:03:50.001,55.4400,100
36230001759866,10:03:50.001,55.4400,100
36230005443032,10:03:50.005,55.4400,100
36230005443032,10:03:50.005,55.4400,100
36231525747027,10:03:51.525,55.4300,100
36231525747027,10:03:51.525,55.4300,100
36231525747027,10:03:51.525,55.4300,100
36231525747027,10:03:51.525,55.4300,100
36232139869867,10:03:52.139,55.4100,100
36232139899094,10:03:52.139,55.4100,100
36232144909568,10:03:52.144,55.4200,100
36232144909568,10:03:52.144,55.4200,100
36232144909568,10:03:52.144,55.4200,100
36232144909568,10:03:52.144,55.4200,100
36240311805032,10:04:00.311,55.4100,96
36240328512986,10:04:00.328,55.4100,104
36240328512986,10:04:00.328,55.4100,100
36240328512986,10:04:00.328,55.4100,100
36240328753553,10:04:00.328,55.4100,100
36240329067577,10:04:00.329,55.4100,100
36240329099854,10:04:00.329,55.4100,100
36240329412521,10:04:00.329,55.4100,100
36241238085101,10:04:01.238,55.4200,100
36241238085101,10:04:01.238,55.4200,100
36241238085101,10:04:01.238,55.4200,100
36242450344606,10:04:02.450,55.4200,100
36242450344606,10:04:02.450,55.4200,100
36242450344606,10:04:02.450,55.4200,300
36245462802283,10:04:05.462,55.4100,100
36245462909366,10:04:05.462,55.4100,100
36245466449061,10:04:05.466,55.4200,100
36256590690616,10:04:16.590,55.4100,394
36256590966466,10:04:16.590,55.4100,106
36256590966466,10:04:16.590,55.4100,94
36256594916427,10:04:16.594,55.4200,100
36256594916427,10:04:16.594,55.4200,100
36256594916427,10:04:16.594,55.4200,100
36256682791219,10:04:16.682,55.4100,6
36256682791219,10:04:16.682,55.4100,159
36256682902410,10:04:16.682,55.4100,241
36256719721843,10:04:16.719,55.4100,100
36256719721843,10:04:16.719,55.4100,100
36256719721843,10:04:16.719,55.4100,100
36256720035279,10:04:16.720,55.4100,131
36256720440862,10:04:16.720,55.4100,169
36256745610073,10:04:16.745,55.4000,1
36256797650758,10:04:16.797,55.4000,99
36260205047156,10:04:20.205,55.3900,100
36260928342310,10:04:20.928,55.3900,3
36261108803458,10:04:21.108,55.3900,100
36261746308222,10:04:21.746,55.3900,97
36261746308222,10:04:21.746,55.3900,103
36261746918478,10:04:21.746,55.3900,97
36265788036738,10:04:25.788,55.3900,100
36265788036738,10:04:25.788,55.3900,200
36265788966692,10:04:25.788,55.3900,100
36267090601395,10:04:27.090,55.3900,300
36267090601395,10:04:27.090,55.3900,100
36267182908329,10:04:27.182,55.3900,100
36267182908329,10:04:27.182,55.3900,300
36272905327892,10:04:32.905,55.3800,100
36288535565584,10:04:48.535,55.3800,100
36288535565584,10:04:48.535,55.3800,100
36288535565584,10:04:48.535,55.3800,100
36288535565584,10:04:48.535,55.3800,100
36288535565584,10:04:48.535,55.3800,100
36288535688602,10:04:48.535,55.3800,100
36288869489799,10:04:48.869,55.3800,100
36288869489799,10:04:48.869,55.3800,200
36289358499390,10:04:49.358,55.3800,200
36291764887617,10:04:51.764,55.3700,200
36291770139264,10:04:51.770,55.3700,29
36294971389256,10:04:54.971,55.3700,89
36297006136492,10:04:57.006,55.3700,10
36297006161201,10:04:57.006,55.3700,90
36297006200037,10:04:57.006,55.3700,11
36301746351233,10:05:01.746,55.3700,37
36301746351233,10:05:01.746,55.3700,163
36301746456504,10:05:01.746,55.3700,100
36304135813520,10:05:04.135,55.3800,100
36304136041652,10:05:04.136,55.3800,100
36304172254798,10:05:04.172,55.3800,100
36304172254798,10:05:04.172,55.3800,100
36306833483784,10:05:06.833,55.3900,100
36306833483784,10:05:06.833,55.3900,100
36306833924791,10:05:06.833,55.3900,4
36307395521187,10:05:07.395,55.3800,100
36307826902468,10:05:07.826,55.3800,84
36307826921933,10:05:07.826,55.3800,116
36311916181995,10:05:11.916,55.3700,100
36311916181995,10:05:11.916,55.3700,300
36311916207285,10:05:11.916,55.3700,100
36311916211187,10:05:11.916,55.3700,100
36311916259402,10:05:11.916,55.3700,100
36311917179311,10:05:11.917,55.3700,200
36311917179311,10:05:11.917,55.3700,100
36311924441407,10:05:11.924,55.3600,200
36311929920969,10:05:11.929,55.3600,100
36311974926105,10:05:11.974,55.3600,100
36312000469902,10:05:12.000,55.3600,200
36312000469902,10:05:12.000,55.3600,100
36313064293111,10:05:13.064,55.3600,200
36317546526974,10:05:17.546,55.3600,100
36321176583537,10:05:21.176,55.3600,100
36321176583537,10:05:21.176,55.3600,200
36321181126274,10:05:21.181,55.3600,100
36321181126274,10:05:21.181,55.3600,100
36326879133165,10:05:26.879,55.3600,100
36326879133165,10:05:26.879,55.3600,100
36326880446025,10:05:26.880,55.3600,100
36326980472999,10:05:26.980,55.3600,100
36326980472999,10:05:26.980,55.3600,200
36337350733400,10:05:37.350,55.3600,100
36337853013688,10:05:37.853,55.3700,100
36337853013688,10:05:37.853,55.3700,200
36337853179004,10:05:37.853,55.3700,100
36337853465733,10:05:37.853,55.3700,200
36338908482273,10:05:38.908,55.3700,32
36352910514627,10:05:52.910,55.3800,100
36352910514627,10:05:52.910,55.3800,100
36361072203656,10:06:01.072,55.3900,100
36361072203656,10:06:01.072,55.3900,100
36362916408950,10:06:02.916,55.3900,100
36362917875905,10:06:02.917,55.3900,100
36362917875905,10:06:02.917,55.3900,100
36362919894697,10:06:02.919,55.3900,100
36362945858093,10:06:02.945,55.3900,100
36372902361040,10:06:12.902,55.3900,100
36372902361040,10:06:12.902,55.3900,200
36377089338364,10:06:17.089,55.3900,100
36377089338364,10:06:17.089,55.3900,100
36377094224127,10:06:17.094,55.3900,100
36377111408900,10:06:17.111,55.3900,87
36377767851377,10:06:17.767,55.3900,100
36377767851377,10:06:17.767,55.3900,100
36388096285036,10:06:28.096,55.4000,100
36388096285036,10:06:28.096,55.4000,100
36398943458953,10:06:38.943,55.4000,100
36398943483848,10:06:38.943,55.4000,100
36398943483848,10:06:38.943,55.4000,1
36398943483848,10:06:38.943,55.4000,3
36399013415256,10:06:39.013,55.4000,100
36399013415256,10:06:39.013,55.4000,100
36399013415256,10:06:39.013,55.4000,100
36404035311246,10:06:44.035,55.4100,100
36404035311246,10:06:44.035,55.4100,100
36404035311246,10:06:44.035,55.4100,200
36408057811488,10:06:48.057,55.4100,100
36408057811488,10:06:48.057,55.4100,100
36408057811488,10:06:48.057,55.4100,100
36423709515669,10:07:03.709,55.4000,100
36423709515669,10:07:03.709,55.4000,100
36423709515669,10:07:03.709,55.4000,100
36423709515669,10:07:03.709,55.4000,100
36428106696516,10:07:08.106,55.4000,100
36428106696516,10:07:08.106,55.4000,100
36428106696516,10:07:08.106,55.4000,100
36439054648100,10:07:19.054,55.3600,100
36439054648100,10:07:19.054,55.3600,100
36447691936144,10:07:27.691,55.3600,100
36447691936144,10:07:27.691,55.3600,300
36450279480323,10:07:30.279,55.3600,100
36450279480323,10:07:30.279,55.3600,100
36450279480323,10:07:30.279,55.3600,100
36451270298955,10:07:31.270,55.3600,100
36451270298955,10:07:31.270,55.3600,44
36452857614084,10:07:32.857,55.3600,100
36452857614084,10:07:32.857,55.3600,100
36452857614084,10:07:32.857,55.3600,100
36460970981247,10:07:40.970,55.3600,100
36461280428192,10:07:41.280,55.3600,100
36461280428192,10:07:41.280,55.3600,100
36461280428192,10:07:41.280,55.3600,100
36461280428192,10:07:41.280,55.3600,100
36463989657383,10:07:43.989,55.3500,2
36463993380307,10:07:43.993,55.3500,98
36463993380307,10:07:43.993,55.3500,100
36463993380307,10:07:43.993,55.3500,100
36464598233946,10:07:44.598,55.3400,2
36468058519877,10:07:48.058,55.3400,100
36472405657534,10:07:52.405,55.3400,100
36478005252173,10:07:58.005,55.3400,100
36484089580653,10:08:04.089,55.3400,100
36487980815529,10:08:07.980,55.3400,100
36487980815529,10:08:07.980,55.3400,100
36490367570491,10:08:10.367,55.3400,100
36492180048967,10:08:12.180,55.3400,100
36492180048967,10:08:12.180,55.3400,100
36495797803312,10:08:15.797,55.3300,100
36495797803312,10:08:15.797,55.3300,100
36495797886788,10:08:15.797,55.3300,100
36495860424998,10:08:15.860,55.3200,100
36498945654353,10:08:18.945,55.3100,3
36498946456182,10:08:18.946,55.3100,1
36499319075749,10:08:19.319,55.3100,96
36499319075749,10:08:19.319,55.3100,4
36499319132809,10:08:19.319,55.3100,96
36501711653114,10:08:21.711,55.3100,100
36503067599614,10:08:23.067,55.3100,100
36510231839465,10:08:30.231,55.2900,100
36510231839465,10:08:30.231,55.2900,100
36510231839465,10:08:30.231,55.2900,100
36510976840501,10:08:30.976,55.2900,100
36510976840501,10:08:30.976,55.2900,100
36512059015188,10:08:32.059,55.2900,100
36515096721380,10:08:35.096,55.2900,1
36515096962793,10:08:35.096,55.2900,99
36523537482450,10:08:43.537,55.2900,100
36523537482450,10:08:43.537,55.2900,100
36538671437903,10:08:58.671,55.3000,100
36538671437903,10:08:58.671,55.3000,100
36539788287458,10:08:59.788,55.3100,400
36539788287458,10:08:59.788,55.3100,100
36544909687066,10:09:04.909,55.3200,100
36544909687066,10:09:04.909,55.3200,100
36544909687066,10:09:04.909,55.3200,100
36544909713323,10:09:04.909,55.3200,100
36553350377363,10:09:13.350,55.3100,100
36554165765810,10:09:14.165,55.3100,100
36554165765810,10:09:14.165,55.3100,100
36556557595864,10:09:16.557,55.3100,100
36566216541972,10:09:26.216,55.3100,100
36566216541972,10:09:26.216,55.3100,100
36566216941103,10:09:26.216,55.3100,1
36566216965675,10:09:26.216,55.3100,99
36566216965675,10:09:26.216,55.3100,100
36566216965675,10:09:26.216,55.3100,100
36566216965675,10:09:26.216,55.3100,100
36569100317675,10:09:29.100,55.3100,100
36569100317675,10:09:29.100,55.3100,100
36569100317675,10:09:29.100,55.3100,100
36569100317675,10:09:29.100,55.3100,100
36569100345696,10:09:29.100,55.3100,2
36575866248874,10:09:35.866,55.3100,100
36575866248874,10:09:35.866,55.3100,100
36575866248874,10:09:35.866,55.3100,100
36575866248874,10:09:35.866,55.3100,100
36575962690234,10:09:35.962,55.3100,1
36577037005173,10:09:37.037,55.3100,100
36577037005173,10:09:37.037,55.3100,100
36577037035563,10:09:37.037,55.3100,100
36577037035563,10:09:37.037,55.3100,100
36578086393584,10:09:38.086,55.3000,100
36578086393584,10:09:38.086,55.3000,100
36578086393584,10:09:38.086,55.3000,100
36578086833591,10:09:38.086,55.3000,1
36578087166450,10:09:38.087,55.3000,99
36578087166450,10:09:38.087,55.3000,1
36578087218987,10:09:38.087,55.3000,99
36578476748433,10:09:38.476,55.2900,100
36578476748433,10:09:38.476,55.2900,100
36588574753879,10:09:48.574,55.2900,100
36588887103730,10:09:48.887,55.3000,100
36591139897628,10:09:51.139,55.3000,100
36591139897628,10:09:51.139,55.3000,100
36591139897628,10:09:51.139,55.3000,100
36591141022542,10:09:51.141,55.3000,100
36591431733944,10:09:51.431,55.3000,100
36591431733944,10:09:51.431,55.3000,100
36591774581577,10:09:51.774,55.3000,100
36591774581577,10:09:51.774,55.3000,100
36591774581577,10:09:51.774,55.3000,100
36611611580822,10:10:11.611,55.2900,12
36612447734839,10:10:12.447,55.2900,88
36612447734839,10:10:12.447,55.2900,12
36614555276286,10:10:14.555,55.2900,88
36614555276286,10:10:14.555,55.2900,100
36614555276286,10:10:14.555,55.2900,100
36614904252634,10:10:14.904,55.2800,200
36614923559881,10:10:14.923,55.2800,200
36614923559881,10:10:14.923,55.2800,100
36614923559881,10:10:14.923,55.2800,100
36617079220551,10:10:17.079,55.2700,100
36617079220551,10:10:17.079,55.2700,100
36631595168295,10:10:31.595,55.2600,100
36631595168295,10:10:31.595,55.2600,100
36631595168295,10:10:31.595,55.2600,100
36632849832559,10:10:32.849,55.2500,1
36636275481923,10:10:36.275,55.2500,99
36646286254618,10:10:46.286,55.2400,100
36646286254618,10:10:46.286,55.2400,100
36651974218685,10:10:51.974,55.2400,100
36651974218685,10:10:51.974,55.2400,3
36651974218685,10:10:51.974,55.2400,200
36651974218685,10:10:51.974,55.2400,100
36651974218685,10:10:51.974,55.2400,300
36654818491734,10:10:54.818,55.2400,100
36654818491734,10:10:54.818,55.2400,100
36654818491734,10:10:54.818,55.2400,100
36669490924833,10:11:09.490,55.2300,100
36669490924833,10:11:09.490,55.2300,100
36686443455255,10:11:26.443,55.2200,100
36686443455255,10:11:26.443,55.2200,100
36686443455255,10:11:26.443,55.2200,100
36686443455255,10:11:26.443,55.2200,100
36686443455255,10:11:26.443,55.2200,200
36686443455255,10:11:26.443,55.2200,99
36686443465715,10:11:26.443,55.2200,1
36691382290922,10:11:31.382,55.2300,100
36692531235654,10:11:32.531,55.2300,100
36692531235654,10:11:32.531,55.2300,100
36692531235654,10:11:32.531,55.2300,100
36692531235654,10:11:32.531,55.2300,100
36692531235654,10:11:32.531,55.2300,100
36692531235654,10:11:32.531,55.2300,100
36692531235654,10:11:32.531,55.2300,100
36692531235654,10:11:32.531,55.2300,100
36706237466001,10:11:46.237,55.2400,100
36706237466001,10:11:46.237,55.2400,100
36706237466001,10:11:46.237,55.2400,100
36706237495962,10:11:46.237,55.2400,100
36706484874973,10:11:46.484,55.2500,100
36706490420976,10:11:46.490,55.2500,200
36706490420976,10:11:46.490,55.2500,100
36708281674243,10:11:48.281,55.2600,200
36708402062537,10:11:48.402,55.2700,100
36708402062537,10:11:48.402,55.2700,100
36708690827899,10:11:48.690,55.2800,100
36708690827899,10:11:48.690,55.2800,100
36708755181497,10:11:48.755,55.2800,100
36708755181497,10:11:48.755,55.2800,100
36708755181497,10:11:48.755,55.2800,100
36708755181497,10:11:48.755,55.2800,100
36708755181497,10:11:48.755,55.2800,100
36709577982791,10:11:49.577,55.2800,100
36709577982791,10:11:49.577,55.2800,100
36711756317060,10:11:51.756,55.2800,100
36711781470281,10:11:51.781,55.2700,100
36711781470281,10:11:51.781,55.2700,100
36721848317759,10:12:01.848,55.2700,100
36722091647861,10:12:02.091,55.2700,100
36722091647861,10:12:02.091,55.2700,100
36722091647861,10:12:02.091,55.2700,100
36722091647861,10:12:02.091,55.2700,100
36722091647861,10:12:02.091,55.2700,100
36722091647861,10:12:02.091,55.2700,100
36722091647861,10:12:02.091,55.2700,100
36722551265612,10:12:02.551,55.2600,100
36722551343842,10:12:02.551,55.2600,100
36732214201977,10:12:12.214,55.2600,100
36732214201977,10:12:12.214,55.2600,53
36734629199191,10:12:14.629,55.2600,100
36739669310647,10:12:19.669,55.2600,52
36739669334765,10:12:19.669,55.2600,948
36739739100872,10:12:19.739,55.2700,200
36739739100872,10:12:19.739,55.2700,100
36747622151265,10:12:27.622,55.2800,100
36759263367655,10:12:39.263,55.3000,1000
36759263367655,10:12:39.263,55.3000,200
36759270505724,10:12:39.270,55.3000,100
36764454324853,10:12:44.454,55.3200,100
36768255658585,10:12:48.255,55.3200,95
36768255800849,10:12:48.255,55.3300,95
36784622459510,10:13:04.622,55.3200,100
36784622459510,10:13:04.622,55.3200,100
36784915667714,10:13:04.915,55.3100,100
36784915667714,10:13:04.915,55.3100,170
36784915667714,10:13:04.915,55.3100,100
36784948458270,10:13:04.948,55.3000,100
36788825763938,10:13:08.825,55.3000,100
36788825763938,10:13:08.825,55.3000,100
36788825763938,10:13:08.825,55.3000,100
36789459619066,10:13:09.459,55.2900,100
36789459662162,10:13:09.459,55.2900,100
36798612011215,10:13:18.612,55.3000,100
36799078284558,10:13:19.078,55.3000,100
36799078284558,10:13:19.078,55.3000,100
36799078284558,10:13:19.078,55.3000,100
36799183247840,10:13:19.183,55.3000,100
36799183247840,10:13:19.183,55.3000,100
36803396494736,10:13:23.396,55.2900,100
36803396527246,10:13:23.396,55.2900,100
36814074054700,10:13:34.074,55.2800,100
36814074054700,10:13:34.074,55.2800,100
36814074054700,10:13:34.074,55.2800,100
36815793831770,10:13:35.793,55.2700,100
36825902779813,10:13:45.902,55.2700,100
36825902779813,10:13:45.902,55.2700,94
36825902783323,10:13:45.902,55.2700,6
36825902783323,10:13:45.902,55.2700,100
36825902783323,10:13:45.902,55.2700,94
36825903155531,10:13:45.903,55.2700,6
36825903155531,10:13:45.903,55.2700,100
36829849370151,10:13:49.849,55.2700,100
36829849370151,10:13:49.849,55.2700,100
36829868796976,10:13:49.868,55.2600,100
36835260075239,10:13:55.260,55.2500,100
36835260075239,10:13:55.260,55.2500,100
36858278311606,10:14:18.278,55.2400,100
36858278311606,10:14:18.278,55.2400,80
36858278311606,10:14:18.278,55.2400,100
36868325987137,10:14:28.325,55.2300,100
36879586228763,10:14:39.586,55.2200,100
36887902824493,10:14:47.902,55.2100,2
36890923562924,10:14:50.923,55.2100,98
36891624459953,10:14:51.624,55.2000,3
36897898888831,10:14:57.898,55.2000,100
36897898888831,10:14:57.898,55.2000,100
36897898943134,10:14:57.898,55.2000,200
36897898943134,10:14:57.898,55.2000,500
36903218930707,10:15:03.218,55.2000,100
36903218930707,10:15:03.218,55.2000,100
36903218930707,10:15:03.218,55.2000,6
36903218976226,10:15:03.218,55.2000,54
36903219566248,10:15:03.219,55.2000,10
36903219788593,10:15:03.219,55.2000,30
36904920194021,10:15:04.920,55.1900,100
36904920194021,10:15:04.920,55.1900,34
36904920287547,10:15:04.920,55.1900,26
36904920289078,10:15:04.920,55.1900,27
36904920334175,10:15:04.920,55.1900,13
36904920334175,10:15:04.920,55.1900,50
36904920370826,10:15:04.920,55.1900,17
36904920424501,10:15:04.920,55.1900,9
36906433803178,10:15:06.433,55.1800,100
36912186475230,10:15:12.186,55.1800,100
36912186475230,10:15:12.186,55.1800,100
36912927784687,10:15:12.927,55.1800,100
36913078309791,10:15:13.078,55.1800,100
36913078309791,10:15:13.078,55.1800,100
36913078309791,10:15:13.078,55.1800,100
36913078309791,10:15:13.078,55.1800,57
36913078342098,10:15:13.078,55.1800,43
36913078342098,10:15:13.078,55.1800,100
36913078342098,10:15:13.078,55.1800,100
36918368214785,10:15:18.368,55.1700,100
36918368214785,10:15:18.368,55.1700,100
36919607141627,10:15:19.607,55.1700,32
36921339223765,10:15:21.339,55.1700,68
36924652184919,10:15:24.652,55.1800,100
36937221999950,10:15:37.221,55.1700,100
36941508892027,10:15:41.508,55.1700,2
36941508892027,10:15:41.508,55.1700,100
36945495612336,10:15:45.495,55.1800,700
36945495639290,10:15:45.495,55.1800,300
36952313511969,10:15:52.313,55.1900,100
36952313511969,10:15:52.313,55.1900,100
36957220343215,10:15:57.220,55.1900,100
36957948254245,10:15:57.948,55.1900,100
36957948254245,10:15:57.948,55.1900,100
36958446345323,10:15:58.446,55.1900,100
36958446408601,10:15:58.446,55.1900,100
36958446408601,10:15:58.446,55.1900,100
36964242263104,10:16:04.242,55.1900,100
36968170856036,10:16:08.170,55.2000,600
36968170888122,10:16:08.170,55.2000,300
36968170888122,10:16:08.170,55.2000,100
36968170888122,10:16:08.170,55.2000,12
36973908509722,10:16:13.908,55.2100,200
36976569005040,10:16:16.569,55.2200,100
36976569005040,10:16:16.569,55.2200,100
36976569105248,10:16:16.569,55.2200,495
36976569451263,10:16:16.569,55.2200,5
36976569451263,10:16:16.569,55.2200,200
36979188203951,10:16:19.188,55.2200,100
36979188203951,10:16:19.188,55.2200,100
36982633927711,10:16:22.633,55.2200,3
36982633961241,10:16:22.633,55.2200,97
36982716952409,10:16:22.716,55.2200,100
36985474551299,10:16:25.474,55.2100,87
36985474576501,10:16:25.474,55.2100,13
36985474576501,10:16:25.474,55.2100,100
36994945785835,10:16:34.945,55.2200,100
36997977612064,10:16:37.977,55.2300,76
37000655083356,10:16:40.655,55.2200,13
37005054526200,10:16:45.054,55.2100,100
37005054526200,10:16:45.054,55.2100,100
37009526904583,10:16:49.526,55.2000,100
37009526904583,10:16:49.526,55.2000,100
37031901113777,10:17:11.901,55.1900,100
37031901113777,10:17:11.901,55.1900,35
37031901143098,10:17:11.901,55.1900,65
37031901143098,10:17:11.901,55.1900,100
37031901143098,10:17:11.901,55.1900,100
37036169365190,10:17:16.169,55.1800,12
37036169389876,10:17:16.169,55.1800,88
37036169389876,10:17:16.169,55.1800,100
37062063953132,10:17:42.063,55.1800,100
37062063953132,10:17:42.063,55.1800,200
37062063953132,10:17:42.063,55.1800,100
37062063953132,10:17:42.063,55.1800,100
37064773590287,10:17:44.773,55.1800,100
37078038192944,10:17:58.038,55.1900,100
37081023959243,10:18:01.023,55.1800,100
37081023959243,10:18:01.023,55.1800,100
37081023959243,10:18:01.023,55.1800,100
37081026152289,10:18:01.026,55.1800,100
37081026152289,10:18:01.026,55.1800,100
37081026152289,10:18:01.026,55.1800,100
37081026152289,10:18:01.026,55.1800,100
37081026152289,10:18:01.026,55.1800,200
37081026152289,10:18:01.026,55.1800,100
37087441163092,10:18:07.441,55.1800,100
37087441163092,10:18:07.441,55.1800,100
37087441163092,10:18:07.441,55.1800,100
37088480439996,10:18:08.480,55.1700,100
37088480439996,10:18:08.480,55.1700,100
37113724598188,10:18:33.724,55.1600,100
37113724642101,10:18:33.724,55.1600,100
37113724642101,10:18:33.724,55.1600,100
37113724642101,10:18:33.724,55.1600,100
37115815512145,10:18:35.815,55.1600,100
37115815512145,10:18:35.815,55.1600,100
37116446580470,10:18:36.446,55.1600,100
37116446580470,10:18:36.446,55.1600,100
37116446580470,10:18:36.446,55.1600,100
37116458360753,10:18:36.458,55.1500,300
37116458360753,10:18:36.458,55.1500,100
37116458360753,10:18:36.458,55.1500,100
37116458360753,10:18:36.458,55.1500,100
37116458360753,10:18:36.458,55.1500,100
37123999029400,10:18:43.999,55.1600,100
37123999103399,10:18:43.999,55.1600,100
37132004031132,10:18:52.004,55.1600,100
37132004261612,10:18:52.004,55.1600,100
37132004261612,10:18:52.004,55.1600,100
37132004261612,10:18:52.004,55.1600,100
37140308321899,10:19:00.308,55.1700,100
37141598776252,10:19:01.598,55.1700,100
37141598776252,10:19:01.598,55.1700,100
37141598776252,10:19:01.598,55.1700,100
37141599543193,10:19:01.599,55.1700,44
37141600632726,10:19:01.600,55.1700,56
37141600632726,10:19:01.600,55.1700,100
37141600632726,10:19:01.600,55.1700,100
37147703778764,10:19:07.703,55.1700,1
37147804527293,10:19:07.804,55.1700,100
37161645611549,10:19:21.645,55.1800,100
37171180361728,10:19:31.180,55.2000,100
37171180361728,10:19:31.180,55.2000,100
37171931512703,10:19:31.931,55.2000,100
37171931512703,10:19:31.931,55.2000,100
37171931512703,10:19:31.931,55.2000,100
37171948518401,10:19:31.948,55.2000,100
37171948518401,10:19:31.948,55.2000,100
37171948518401,10:19:31.948,55.2000,100
37171948518401,10:19:31.948,55.2000,100
37171948518401,10:19:31.948,55.2000,100
37173048447952,10:19:33.048,55.1900,100
37173048447952,10:19:33.048,55.1900,100
37173048447952,10:19:33.048,55.1900,100
37173048447952,10:19:33.048,55.1900,85
37173049939978,10:19:33.049,55.1900,15
37173808094722,10:19:33.808,55.1900,100
37175745052286,10:19:35.745,55.1900,100
37175745052286,10:19:35.745,55.1900,100
37175745052286,10:19:35.745,55.1900,100
37175745052286,10:19:35.745,55.1900,100
37176422940430,10:19:36.422,55.1900,100
37176422940430,10:19:36.422,55.1900,100
37176422940430,10:19:36.422,55.1900,100
37176422940430,10:19:36.422,55.1900,100
37176423461152,10:19:36.423,55.1900,100
37195933855237,10:19:55.933,55.1900,20
37200515002031,10:20:00.515,55.1900,100
37200515002031,10:20:00.515,55.1900,100
37200515002031,10:20:00.515,55.1900,100
37200515002031,10:20:00.515,55.1900,3
37200515002031,10:20:00.515,55.1900,1
37211584979588,10:20:11.584,55.2000,100
37214927821378,10:20:14.927,55.2000,100
37214927821378,10:20:14.927,55.2000,100
37214927821378,10:20:14.927,55.2000,100
37216961212496,10:20:16.961,55.2000,100
37221159001849,10:20:21.159,55.2000,100
37221159033502,10:20:21.159,55.2000,100
37229203993100,10:20:29.203,55.1900,100
37229203993100,10:20:29.203,55.1900,100
37229203993100,10:20:29.203,55.1900,100
37229203993100,10:20:29.203,55.1900,100
37252094498824,10:20:52.094,55.1900,100
37252094498824,10:20:52.094,55.1900,100
37252094498824,10:20:52.094,55.1900,100
37256430975239,10:20:56.430,55.1900,100
37256430975239,10:20:56.430,55.1900,100
37260043102988,10:21:00.043,55.1900,100
37260043102988,10:21:00.043,55.1900,100
37260043102988,10:21:00.043,55.1900,100
37260043102988,10:21:00.043,55.1900,100
37260043102988,10:21:00.043,55.1900,100
37268521261955,10:21:08.521,55.1800,1
37268912045384,10:21:08.912,55.1800,99
37268912045384,10:21:08.912,55.1800,1
37269271492629,10:21:09.271,55.1800,99
37279810643977,10:21:19.810,55.1700,100
37282905247748,10:21:22.905,55.1600,100
37282935565504,10:21:22.935,55.1600,100
37282935565504,10:21:22.935,55.1600,100
37282935565504,10:21:22.935,55.1600,100
37282935565504,10:21:22.935,55.1600,100
37291921957986,10:21:31.921,55.1600,200
37291921957986,10:21:31.921,55.1600,100
37296267981309,10:21:36.267,55.1600,100
37296267981309,10:21:36.267,55.1600,100
37296267981309,10:21:36.267,55.1600,100
37296267981309,10:21:36.267,55.1600,100
37296267981309,10:21:36.267,55.1600,100
37296267981309,10:21:36.267,55.1600,20
37296268010129,10:21:36.268,55.1600,80
37296786804735,10:21:36.786,55.1500,170
37296786897458,10:21:36.786,55.1500,30
37296786897458,10:21:36.786,55.1500,39
37301685554180,10:21:41.685,55.1500,61
37301685554180,10:21:41.685,55.1500,100
37301685554180,10:21:41.685,55.1500,100
37301685554180,10:21:41.685,55.1500,39
37301686136624,10:21:41.686,55.1500,44
37301708842250,10:21:41.708,55.1500,200
37302165090576,10:21:42.165,55.1500,17
37302165090576,10:21:42.165,55.1500,183
37305513140400,10:21:45.513,55.1500,17
37306308835760,10:21:46.308,55.1500,30
37306308963160,10:21:46.308,55.1500,153
37306839980411,10:21:46.839,55.1500,100
37306839980411,10:21:46.839,55.1500,100
37307578101908,10:21:47.578,55.1500,100
37307578101908,10:21:47.578,55.1500,100
37307578127640,10:21:47.578,55.1500,100
37307580584708,10:21:47.580,55.1500,100
37307580584708,10:21:47.580,55.1500,100
37307580584708,10:21:47.580,55.1500,100
37307580584708,10:21:47.580,55.1500,100
37307580584708,10:21:47.580,55.1500,100
37307580584708,10:21:47.580,55.1500,200
37307580584708,10:21:47.580,55.1500,100
37309874164532,10:21:49.874,55.1500,100
37309874164532,10:21:49.874,55.1500,100
37310627119079,10:21:50.627,55.1500,100
37310627119079,10:21:50.627,55.1500,100
37311941012281,10:21:51.941,55.1500,100
37311941012281,10:21:51.941,55.1500,100
37312440414226,10:21:52.440,55.1500,100
37312440414226,10:21:52.440,55.1500,100
37313362161728,10:21:53.362,55.1500,100
37313970691899,10:21:53.970,55.1500,100
37313970691899,10:21:53.970,55.1500,300
37313970691899,10:21:53.970,55.1500,100
37313970691899,10:21:53.970,55.1500,100
37313970691899,10:21:53.970,55.1500,100
37313970691899,10:21:53.970,55.1500,200
37313971401510,10:21:53.971,55.1500,100
37313976408688,10:21:53.976,55.1500,100
37313977315247,10:21:53.977,55.1500,100
37313977315247,10:21:53.977,55.1500,100
37313977315247,10:21:53.977,55.1500,100
37313977315247,10:21:53.977,55.1500,100
37313977315247,10:21:53.977,55.1500,100
37313977315247,10:21:53.977,55.1500,100
37314350102635,10:21:54.350,55.1500,100
37314350102635,10:21:54.350,55.1500,100
37315205135659,10:21:55.205,55.1500,100
37315205135659,10:21:55.205,55.1500,100
37319687910556,10:21:59.687,55.1400,100
37319687941252,10:21:59.687,55.1400,100
37319687941252,10:21:59.687,55.1400,100
37337624709727,10:22:17.624,55.1400,100
37337624709727,10:22:17.624,55.1400,200
37337624709727,10:22:17.624,55.1400,100
37337778175645,10:22:17.778,55.1500,200
37337778175645,10:22:17.778,55.1500,100
37338350093964,10:22:18.350,55.1500,100
37338350093964,10:22:18.350,55.1500,100
37344396871411,10:22:24.396,55.1500,100
37344396871411,10:22:24.396,55.1500,100
37344396902555,10:22:24.396,55.1500,100
37349243325035,10:22:29.243,55.1500,100
37349243350699,10:22:29.243,55.1500,100
37349376681713,10:22:29.376,55.1600,100
37349376706530,10:22:29.376,55.1600,100
37349376706530,10:22:29.376,55.1600,200
37351770639173,10:22:31.770,55.1700,100
37351770639173,10:22:31.770,55.1700,100
37359592699440,10:22:39.592,55.1600,100
37359592699440,10:22:39.592,55.1600,100
37360191521840,10:22:40.191,55.1600,136
37360191521840,10:22:40.191,55.1600,64
37360870212955,10:22:40.870,55.1600,100
37360870212955,10:22:40.870,55.1600,100
37360870212955,10:22:40.870,55.1600,100
37360870240420,10:22:40.870,55.1600,100
37360873332788,10:22:40.873,55.1500,50
37360879343165,10:22:40.879,55.1500,50
37360879343165,10:22:40.879,55.1500,50
37360879969219,10:22:40.879,55.1500,50
37360879969219,10:22:40.879,55.1500,50
37360880617893,10:22:40.880,55.1500,50
37360880617893,10:22:40.880,55.1500,50
37360880673556,10:22:40.880,55.1500,50
37360892698496,10:22:40.892,55.1400,100
37360892698496,10:22:40.892,55.1400,100
37360892698496,10:22:40.892,55.1400,100
37360892698496,10:22:40.892,55.1400,88
37360893084617,10:22:40.893,55.1400,12
37360893084617,10:22:40.893,55.1400,100
37360893084617,10:22:40.893,55.1400,100
37360893084617,10:22:40.893,55.1400,88
37360893179132,10:22:40.893,55.1400,12
37360893179132,10:22:40.893,55.1400,88
37360893192659,10:22:40.893,55.1400,12
37360893192659,10:22:40.893,55.1400,100
37360893192659,10:22:40.893,55.1400,100
37360893839004,10:22:40.893,55.1400,100
37360893839004,10:22:40.893,55.1400,100
37360902067572,10:22:40.902,55.1400,100
37360902067572,10:22:40.902,55.1400,100
37361065385260,10:22:41.065,55.1400,100
37361065468105,10:22:41.065,55.1400,100
37370905103358,10:22:50.905,55.1300,100
37375148287308,10:22:55.148,55.1100,100
37375148287308,10:22:55.148,55.1100,100
37377969279741,10:22:57.969,55.1000,100
37377969279741,10:22:57.969,55.1000,100
37377969279741,10:22:57.969,55.1000,100
37379183861944,10:22:59.183,55.1000,100
37379183861944,10:22:59.183,55.1000,100
37379183861944,10:22:59.183,55.1000,200
37384684778970,10:23:04.684,55.1000,100
37384684778970,10:23:04.684,55.1000,100
37384684778970,10:23:04.684,55.1000,93
37385974837105,10:23:05.974,55.1000,100
37385974837105,10:23:05.974,55.1000,100
37385974837105,10:23:05.974,55.1000,100
37385974837105,10:23:05.974,55.1000,100
37390337959285,10:23:10.337,55.1000,100
37390619004216,10:23:10.619,55.1000,100
37393081175740,10:23:13.081,55.1000,100
37393083170001,10:23:13.083,55.1000,100
37393083170001,10:23:13.083,55.1000,100
37393083170001,10:23:13.083,55.1000,100
37393083170001,10:23:13.083,55.1000,68
37393536201513,10:23:13.536,55.1000,100
37393641073981,10:23:13.641,55.1000,100
37393641073981,10:23:13.641,55.1000,100
37393641073981,10:23:13.641,55.1000,100
37393664635776,10:23:13.664,55.1000,100
37393664635776,10:23:13.664,55.1000,100
37393664635776,10:23:13.664,55.1000,100
37393664635776,10:23:13.664,55.1000,100
37393664662896,10:23:13.664,55.1000,100
37396526963241,10:23:16.526,55.0900,100
37396526963241,10:23:16.526,55.0900,100
37396526963241,10:23:16.526,55.0900,100
37397306496291,10:23:17.306,55.0800,100
37400659252547,10:23:20.659,55.0800,100
37400659252547,10:23:20.659,55.0800,72
37401314593909,10:23:21.314,55.0800,28
37401314593909,10:23:21.314,55.0800,100
37401841688914,10:23:21.841,55.0800,100
37401841688914,10:23:21.841,55.0800,100
37401841688914,10:23:21.841,55.0800,100
37401847837896,10:23:21.847,55.0700,100
37402654348854,10:23:22.654,55.0700,100
37402654348854,10:23:22.654,55.0700,100
37402654348854,10:23:22.654,55.0700,100
37402654482103,10:23:22.654,55.0700,100
37402663291142,10:23:22.663,55.0700,100
37402663291142,10:23:22.663,55.0700,100
37402663291142,10:23:22.663,55.0700,100
37402665452892,10:23:22.665,55.0700,100
37402766989809,10:23:22.766,55.0700,100
37402766989809,10:23:22.766,55.0700,200
37402766989809,10:23:22.766,55.0700,200
37402766989809,10:23:22.766,55.0700,100
37402834230399,10:23:22.834,55.0700,100
37402834230399,10:23:22.834,55.0700,100
37402834230399,10:23:22.834,55.0700,100
37402944484562,10:23:22.944,55.0700,94
37403266959112,10:23:23.266,55.0700,100
37403267013088,10:23:23.267,55.0700,19
37404723297164,10:23:24.723,55.0600,100
37404723297164,10:23:24.723,55.0600,100
37404723410606,10:23:24.723,55.0600,100
37404727984284,10:23:24.727,55.0600,100
37404729211641,10:23:24.729,55.0600,100
37404736662547,10:23:24.736,55.0500,100
37404737163107,10:23:24.737,55.0500,200
37404737163107,10:23:24.737,55.0500,200
37404737163107,10:23:24.737,55.0500,100
37404737163107,10:23:24.737,55.0500,100
37404737163107,10:23:24.737,55.0500,100
37404737180170,10:23:24.737,55.0400,100
37404737320563,10:23:24.737,55.0500,100
37404737327154,10:23:24.737,55.0500,100
37404737327154,10:23:24.737,55.0500,100
37404737327154,10:23:24.737,55.0500,100
37404737338820,10:23:24.737,55.0500,200
37404737516423,10:23:24.737,55.0500,100
37404737703464,10:23:24.737,55.0500,100
37404737721215,10:23:24.737,55.0500,100
37404739063908,10:23:24.739,55.0500,200
37404739132909,10:23:24.739,55.0500,100
37404744289835,10:23:24.744,55.0500,100
37404744289835,10:23:24.744,55.0500,100
37404746926080,10:23:24.746,55.0500,100
37404804847683,10:23:24.804,55.0500,100
37406695823825,10:23:26.695,55.0500,100
37408807700249,10:23:28.807,55.0400,200
37408807700249,10:23:28.807,55.0400,100
37409496206307,10:23:29.496,55.0300,100
37409496206307,10:23:29.496,55.0300,100
37409526573562,10:23:29.526,55.0300,100
37409589633623,10:23:29.589,55.0400,300
37409604706150,10:23:29.604,55.0400,100
37409605754707,10:23:29.605,55.0400,100
37412821048736,10:23:32.821,55.0400,1
37412821048736,10:23:32.821,55.0400,99
37412821079351,10:23:32.821,55.0400,1
37415556656306,10:23:35.556,55.0500,200
37415587073040,10:23:35.587,55.0600,100
37415587073040,10:23:35.587,55.0600,200
37415714510150,10:23:35.714,55.0700,100
37415714510150,10:23:35.714,55.0700,100
37415714510150,10:23:35.714,55.0700,100
37418917593324,10:23:38.917,55.0800,100
37418917593324,10:23:38.917,55.0800,100
37418917593324,10:23:38.917,55.0800,100
37418917593324,10:23:38.917,55.0800,100
37418917622676,10:23:38.917,55.0800,100
37421309535337,10:23:41.309,55.0800,100
37422696102258,10:23:42.696,55.0700,100
37422696102258,10:23:42.696,55.0700,100
37422696102258,10:23:42.696,55.0700,100
37422696102258,10:23:42.696,55.0700,100
37426341669054,10:23:46.341,55.0700,100
37426341669054,10:23:46.341,55.0700,100
37446482773992,10:24:06.482,55.0800,100
37446482773992,10:24:06.482,55.0800,100
37446482773992,10:24:06.482,55.0800,100
37447091797214,10:24:07.091,55.0900,100
37447092793941,10:24:07.092,55.0900,3
37448672912256,10:24:08.672,55.0900,100
37448672998928,10:24:08.672,55.0900,14
37450360382491,10:24:10.360,55.0900,86
37450360382491,10:24:10.360,55.0900,14
37458548773769,10:24:18.548,55.1000,3
37458548773769,10:24:18.548,55.1000,100
37463256675926,10:24:23.256,55.1000,100
37469809224264,10:24:29.809,55.0900,86
37469809224264,10:24:29.809,55.0900,100
37469809224264,10:24:29.809,55.0900,100
37469809224264,10:24:29.809,55.0900,100
37475074547451,10:24:35.074,55.0900,81
37475074567861,10:24:35.074,55.0900,19
37482387761746,10:24:42.387,55.0900,100
37482387891093,10:24:42.387,55.0900,100
37482387891093,10:24:42.387,55.0900,100
37482388129761,10:24:42.388,55.0900,34
37482392381240,10:24:42.392,55.0900,100
37482392624728,10:24:42.392,55.0900,100
37482411360694,10:24:42.411,55.0800,100
37482411542219,10:24:42.411,55.0800,100
37482412172885,10:24:42.412,55.0700,100
37482412188712,10:24:42.412,55.0700,100
37482412188712,10:24:42.412,55.0700,100
37482412239884,10:24:42.412,55.0700,100
37482412435801,10:24:42.412,55.0700,100
37482412543278,10:24:42.412,55.0700,100
37482413241566,10:24:42.413,55.0700,100
37482413241566,10:24:42.413,55.0700,100
37482413241566,10:24:42.413,55.0700,100
37482413402375,10:24:42.413,55.0700,100
37482413406239,10:24:42.413,55.0700,100
37482413406239,10:24:42.413,55.0700,71
37482413809292,10:24:42.413,55.0700,29
37482940207887,10:24:42.940,55.0700,148
37482940207887,10:24:42.940,55.0700,100
37482940207887,10:24:42.940,55.0700,6
37485901856281,10:24:45.901,55.0500,100
37490728256618,10:24:50.728,55.0500,81
37490728263116,10:24:50.728,55.0500,19
37490728263116,10:24:50.728,55.0500,100
37491059861565,10:24:51.059,55.0600,100
37491059936026,10:24:51.059,55.0600,100
37494086385433,10:24:54.086,55.0600,100
37496717458019,10:24:56.717,55.0600,96
37499341548940,10:24:59.341,55.0700,100
37499341548940,10:24:59.341,55.0700,67
37500842668109,10:25:00.842,55.0900,100
37500842668109,10:25:00.842,55.0900,100
37500842668109,10:25:00.842,55.0900,200
37507176528006,10:25:07.176,55.0900,100
37507176528006,10:25:07.176,55.0900,100
37507176528006,10:25:07.176,55.0900,80
37518848739758,10:25:18.848,55.0800,100
37518848739758,10:25:18.848,55.0800,100
37537916575521,10:25:37.916,55.0800,100
37537916575521,10:25:37.916,55.0800,100
37537916575521,10:25:37.916,55.0800,100
37538073922202,10:25:38.073,55.0900,200
37538659846143,10:25:38.659,55.0900,100
37538659846143,10:25:38.659,55.0900,100
37538659846143,10:25:38.659,55.0900,32
37538891682361,10:25:38.891,55.0900,68
37538891682361,10:25:38.891,55.0900,100
37538891682361,10:25:38.891,55.0900,32
37543114074782,10:25:43.114,55.0900,68
37543114074782,10:25:43.114,55.0900,100
37543693683021,10:25:43.693,55.0900,100
37543693683021,10:25:43.693,55.0900,300
37543693683021,10:25:43.693,55.0900,100
37543693683021,10:25:43.693,55.0900,100
37543693683021,10:25:43.693,55.0900,100
37543693683021,10:25:43.693,55.0900,100
37543693683021,10:25:43.693,55.0900,100
37543693683021,10:25:43.693,55.0900,100
37546851271157,10:25:46.851,55.0800,100
37546851271157,10:25:46.851,55.0800,100
37546851271157,10:25:46.851,55.0800,92
37555444199410,10:25:55.444,55.0800,100
37555444199410,10:25:55.444,55.0800,65
37556190734957,10:25:56.190,55.0800,135
37561837797643,10:26:01.837,55.0900,100
37561837885932,10:26:01.837,55.0900,200
37565489303222,10:26:05.489,55.0900,100
37565489303222,10:26:05.489,55.0900,100
37566133648720,10:26:06.133,55.0900,100
37566133648720,10:26:06.133,55.0900,100
37567112040274,10:26:07.112,55.0900,100
37567112040274,10:26:07.112,55.0900,100
37568713571768,10:26:08.713,55.0900,100
37585273685821,10:26:25.273,55.0800,100
37585660086646,10:26:25.660,55.0900,200
37586992796588,10:26:26.992,55.0900,100
37595037451524,10:26:35.037,55.0900,100
37614607784035,10:26:54.607,55.0600,100
37614607872395,10:26:54.607,55.0600,100
37614808388592,10:26:54.808,55.0600,100
37617610589604,10:26:57.610,55.0400,100
37622415791144,10:27:02.415,55.0400,100
37622415791144,10:27:02.415,55.0400,100
37622415791144,10:27:02.415,55.0400,100
37625024020774,10:27:05.024,55.0300,100
37625036175567,10:27:05.036,55.0200,200
37625036355473,10:27:05.036,55.0200,100
37625036355473,10:27:05.036,55.0200,100
37625036355473,10:27:05.036,55.0200,200
37625036364737,10:27:05.036,55.0200,300
37625037228210,10:27:05.037,55.0200,100
37625037312354,10:27:05.037,55.0200,100
37625054888790,10:27:05.054,55.0100,100
37625054888790,10:27:05.054,55.0100,400
37625054888790,10:27:05.054,55.0100,100
37625534432564,10:27:05.534,55.0100,40
37628781553309,10:27:08.781,55.0100,100
37631939630218,10:27:11.939,55.0100,100
37631940594988,10:27:11.940,55.0100,1
37638820680263,10:27:18.820,55.0200,100
37638820680263,10:27:18.820,55.0200,100
37638820680263,10:27:18.820,55.0200,100
37638820680263,10:27:18.820,55.0200,100
37638820680263,10:27:18.820,55.0200,100
37638820680263,10:27:18.820,55.0200,100
37638820793969,10:27:18.820,55.0200,100
37638820845078,10:27:18.820,55.0200,100
37646317797736,10:27:26.317,55.0200,100
37646318137358,10:27:26.318,55.0200,100
37646318181937,10:27:26.318,55.0200,14
37648868924566,10:27:28.868,55.0200,100
37648868924566,10:27:28.868,55.0200,84
37648868951028,10:27:28.868,55.0200,16
37660712306314,10:27:40.712,55.0000,25
37674893044076,10:27:54.893,55.0050,200
37677052398315,10:27:57.052,55.0050,200
37677052398315,10:27:57.052,55.0100,100
37677052398315,10:27:57.052,55.0100,100
37677052398315,10:27:57.052,55.0100,4
37677052466791,10:27:57.052,55.0100,96
37677052466791,10:27:57.052,55.0100,100
37677052466791,10:27:57.052,55.0100,4
37677052711457,10:27:57.052,55.0100,100
37677052737850,10:27:57.052,55.0100,20
37677053056938,10:27:57.053,55.0100,24
37677053097294,10:27:57.053,55.0100,56
37677053097294,10:27:57.053,55.0100,44
37677317239571,10:27:57.317,55.0000,75
37677317239571,10:27:57.317,55.0000,100
37677317239571,10:27:57.317,55.0000,100
37677317239571,10:27:57.317,55.0000,66
37677317239571,10:27:57.317,55.0000,59
37677317843508,10:27:57.317,55.0000,41
37677317843508,10:27:57.317,55.0000,59
37677318518555,10:27:57.318,55.0000,41
37677420413141,10:27:57.420,55.0000,100
37681818002657,10:28:01.818,55.0100,100
37694864728118,10:28:14.864,55.0200,300
37694864728118,10:28:14.864,55.0200,100
37698472199671,10:28:18.472,55.0200,100
37703554550150,10:28:23.554,55.0100,100
37723311220798,10:28:43.311,55.0100,100
37723311220798,10:28:43.311,55.0100,100
37723311220798,10:28:43.311,55.0100,100
37723311220798,10:28:43.311,55.0100,100
37723311220798,10:28:43.311,55.0100,100
37723311220798,10:28:43.311,55.0100,2
37723311220798,10:28:43.311,55.0100,100
37726719867214,10:28:46.719,55.0100,100
37733702591794,10:28:53.702,55.0100,200
37733702591794,10:28:53.702,55.0100,1
37734519070119,10:28:54.519,55.0200,100
37734519070119,10:28:54.519,55.0200,200
37734519070119,10:28:54.519,55.0200,100
37734519070119,10:28:54.519,55.0200,100
37740914203112,10:29:00.914,55.0300,1
37740914203112,10:29:00.914,55.0300,100
37740914203112,10:29:00.914,55.0300,100
37740914203112,10:29:00.914,55.0300,100
37740914292328,10:29:00.914,55.0300,100
37741921457796,10:29:01.921,55.0300,100
37741921457796,10:29:01.921,55.0300,100
37741921501691,10:29:01.921,55.0300,100
37747911030382,10:29:07.911,55.0400,200
37752033934478,10:29:12.033,55.0500,100
37752033934478,10:29:12.033,55.0500,100
37757405580946,10:29:17.405,55.0400,100
37757405580946,10:29:17.405,55.0400,100
37757405580946,10:29:17.405,55.0400,100
37767298929017,10:29:27.298,55.0400,1
37767298929017,10:29:27.298,55.0400,100
37785746947622,10:29:45.746,55.0400,100
37785746947622,10:29:45.746,55.0400,100
37785747252919,10:29:45.747,55.0400,14
37789844661293,10:29:49.844,55.0400,86
37791889814229,10:29:51.889,55.0300,100
37791920430229,10:29:51.920,55.0300,100
37791920430229,10:29:51.920,55.0300,100
37796751975789,10:29:56.751,55.0200,100
37800082549027,10:30:00.082,55.0200,100
37800082549027,10:30:00.082,55.0200,100
37800082549027,10:30:00.082,55.0200,200
37800145001824,10:30:00.145,55.0300,100
37800145001824,10:30:00.145,55.0300,100
37800145001824,10:30:00.145,55.0300,100
37800145493536,10:30:00.145,55.0300,100
37800145493536,10:30:00.145,55.0300,100
37801150742841,10:30:01.150,55.0400,100
37801150742841,10:30:01.150,55.0400,181
37801150742841,10:30:01.150,55.0400,100
37801449729344,10:30:01.449,55.0400,100
37801454064907,10:30:01.454,55.0400,100
37801851562721,10:30:01.851,55.0400,100
37803150427998,10:30:03.150,55.0400,100
37803150427998,10:30:03.150,55.0400,100
37805153932183,10:30:05.153,55.0300,200
37805153932183,10:30:05.153,55.0300,97
37807140493494,10:30:07.140,55.0300,100
37816954661115,10:30:16.954,55.0300,100
37828345081654,10:30:28.345,55.0400,100
37828345087442,10:30:28.345,55.0400,100
37828345087442,10:30:28.345,55.0400,100
37830501858076,10:30:30.501,55.0500,100
37830501858076,10:30:30.501,55.0500,100
37836144718317,10:30:36.144,55.0500,100
37836144718317,10:30:36.144,55.0500,100
37837896610155,10:30:37.896,55.0500,100
37837896610155,10:30:37.896,55.0500,100
37839983893637,10:30:39.983,55.0500,100
37842421546420,10:30:42.421,55.0500,100
37842421546420,10:30:42.421,55.0500,100
37843306437333,10:30:43.306,55.0600,3
37843306437333,10:30:43.306,55.0600,100
37843306437333,10:30:43.306,55.0600,100
37855201505821,10:30:55.201,55.0800,100
37861361459102,10:31:01.361,55.0700,100
37867431571371,10:31:07.431,55.0800,100
37867431571371,10:31:07.431,55.0800,100
37872484088769,10:31:12.484,55.0900,100
37872484088769,10:31:12.484,55.0900,100
37891477663377,10:31:31.477,55.1000,100
37891477671990,10:31:31.477,55.1000,100
37891477671990,10:31:31.477,55.1000,100
37921026128370,10:32:01.026,55.1100,100
37921810823757,10:32:01.810,55.1000,100
37921810823757,10:32:01.810,55.1000,100
37950904203395,10:32:30.904,55.0900,100
37950904203395,10:32:30.904,55.0900,100
37954804869139,10:32:34.804,55.0900,100
37966969587041,10:32:46.969,55.0700,100
37982871648861,10:33:02.871,55.0600,100
37994571607517,10:33:14.571,55.0500,200
38000598630507,10:33:20.598,55.0600,100
38000598630507,10:33:20.598,55.0600,100
38000598630507,10:33:20.598,55.0600,100
38000598630507,10:33:20.598,55.0600,100
38003499847775,10:33:23.499,55.0700,100
38007148580587,10:33:27.148,55.0600,100
38017735713275,10:33:37.735,55.0400,100
38029053084889,10:33:49.053,55.0500,100
38029053084889,10:33:49.053,55.0500,100
38034330579456,10:33:54.330,55.0600,400
38046269202964,10:34:06.269,55.0600,100
38048000024482,10:34:08.000,55.0600,5
38048010691559,10:34:08.010,55.0600,95
38052086838787,10:34:12.086,55.0500,80
38060101003535,10:34:20.101,55.0300,100
38063129256313,10:34:23.129,55.0200,100
38063130242736,10:34:23.130,55.0200,91
38067287303527,10:34:27.287,55.0300,80
38079884348526,10:34:39.884,55.0300,20
38079884604061,10:34:39.884,55.0400,400
38079884604061,10:34:39.884,55.0400,100
38091530378520,10:34:51.530,55.0450,100
38100035768204,10:35:00.035,55.0450,21
38100035768204,10:35:00.035,55.0400,100
38100035768204,10:35:00.035,55.0400,79
38100035800529,10:35:00.035,55.0400,121
38100038486375,10:35:00.038,55.0400,100
38108463040874,10:35:08.463,55.0500,100
38108463040874,10:35:08.463,55.0500,100
38114639095403,10:35:14.639,55.0600,77
38114639124481,10:35:14.639,55.0600,23
38114639124481,10:35:14.639,55.0600,400
38117020445989,10:35:17.020,55.0700,39
38117022124432,10:35:17.022,55.0700,131
38123902590915,10:35:23.902,55.0700,200
38123902590915,10:35:23.902,55.0700,100
38123902590915,10:35:23.902,55.0700,100
38123902590915,10:35:23.902,55.0700,100
38138306959935,10:35:38.306,55.0700,100
38138306988454,10:35:38.306,55.0700,100
38143446856942,10:35:43.446,55.0850,100
38143448675770,10:35:43.448,55.0900,100
38146135045554,10:35:46.135,55.0900,100
38151031097047,10:35:51.031,55.0900,100
38186319095569,10:36:26.319,55.0900,100
38186319095569,10:36:26.319,55.0900,100
38186319095569,10:36:26.319,55.0900,100
38186320417314,10:36:26.320,55.0900,64
38186320417314,10:36:26.320,55.0900,50
38186340832318,10:36:26.340,55.0900,14
38186341447015,10:36:26.341,55.0900,36
38195022709419,10:36:35.022,55.0800,100
38208902895466,10:36:48.902,55.0800,100
38208902895466,10:36:48.902,55.0800,100
38209437721665,10:36:49.437,55.0800,100
38211943883361,10:36:51.943,55.0700,100
38215839094493,10:36:55.839,55.0800,80
38215839123897,10:36:55.839,55.0800,20
38215839636013,10:36:55.839,55.0800,100
38224541754585,10:37:04.541,55.0900,100
38260536075440,10:37:40.536,55.0600,100
38263484949107,10:37:43.484,55.0500,100
