timestamp,time,price,volume
34200664830088,09:30:00.664,0.0000,0
34205001348123,09:30:05.001,25.8900,100
34230540859207,09:30:30.540,25.9300,100
34230540859207,09:30:30.540,25.9300,100
34230545889093,09:30:30.545,25.9700,600
34232536096149,09:30:32.536,25.9100,100
34237514659866,09:30:37.514,25.9600,100
34237514735841,09:30:37.514,25.9400,100
34293166958869,09:31:33.166,26.0100,93
34341162996141,09:32:21.162,26.0000,100
34341162996141,09:32:21.162,26.0000,200
34341163863889,09:32:21.163,25.9800,100
34341165966948,09:32:21.165,26.0100,200
34341165966948,09:32:21.165,26.0100,200
34341384811858,09:32:21.384,26.0150,100
34341386753283,09:32:21.386,26.0300,100
34346073131625,09:32:26.073,26.0100,2
34346073447287,09:32:26.073,26.0000,98
34346073681876,09:32:26.073,26.0100,100
34367477318930,09:32:47.477,26.0600,219
34395055004420,09:33:15.055,26.0100,100
34395055084435,09:33:15.055,26.0100,100
34395055084435,09:33:15.055,26.0100,100
34395055629839,09:33:15.055,26.0100,100
34395055629839,09:33:15.055,26.0100,100
34398870649366,09:33:18.870,26.0000,10
34420438722413,09:33:40.438,25.9900,86
34420438734118,09:33:40.438,25.9900,14
34420438734118,09:33:40.438,25.9900,6
34420438747657,09:33:40.438,25.9900,14
34420438795602,09:33:40.438,25.9900,14
34420438844912,09:33:40.438,25.9900,86
34420439164625,09:33:40.439,25.9900,100
34420439310793,09:33:40.439,25.9900,100
34420439310793,09:33:40.439,25.9900,400
34420456106268,09:33:40.456,25.9900,100
34421000362623,09:33:41.000,25.9900,100
34421557541436,09:33:41.557,25.9900,100
34421558194687,09:33:41.558,25.9900,100
34435957088315,09:33:55.957,25.9800,100
34435957112733,09:33:55.957,25.9800,61
34435958403582,09:33:55.958,25.9900,200
34435959263467,09:33:55.959,26.0000,100
34435959263467,09:33:55.959,26.0000,200
34435959263467,09:33:55.959,26.0000,100
34435965495260,09:33:55.965,26.0000,265
34435965540892,09:33:55.965,26.0000,235
34454964510193,09:34:14.964,26.0000,200
34454964854902,09:34:14.964,26.0000,100
34454964906000,09:34:14.964,26.0000,100
34454964915640,09:34:14.964,26.0000,100
34454964915640,09:34:14.964,26.0000,100
34454965224484,09:34:14.965,26.0000,100
34454965228514,09:34:14.965,26.0000,100
34454965241746,09:34:14.965,26.0000,35
34454965245309,09:34:14.965,26.0000,65
34454965472868,09:34:14.965,26.0000,100
34454965472868,09:34:14.965,26.0000,200
34454975877560,09:34:14.975,26.0100,100
34454975877560,09:34:14.975,26.0100,7
34470733460084,09:34:30.733,26.0200,14
34470733460084,09:34:30.733,26.0200,200
34474582294384,09:34:34.582,26.0200,100
34483698469158,09:34:43.698,26.0500,75
34484511688625,09:34:44.511,26.0500,100
34484512826268,09:34:44.512,26.0500,25
34484603804705,09:34:44.603,26.0700,100
34484603888266,09:34:44.603,26.0800,100
34486551769371,09:34:46.551,26.1300,400
34507824562185,09:35:07.824,26.2800,100
34519624587460,09:35:19.624,26.4300,100
34522515630367,09:35:22.515,26.4500,200
34522515891505,09:35:22.515,26.4500,200
34522516318140,09:35:22.516,26.4400,400
34522517171988,09:35:22.517,26.4500,100
34522529773290,09:35:22.529,26.4500,100
34522529773290,09:35:22.529,26.4500,200
34523863706149,09:35:23.863,26.4400,100
34523863706149,09:35:23.863,26.4400,100
34523863706149,09:35:23.863,26.4400,100
34523863706149,09:35:23.863,26.4400,100
34523863706149,09:35:23.863,26.4400,100
34523864116126,09:35:23.864,26.4400,100
34523864121234,09:35:23.864,26.4400,100
34523864121234,09:35:23.864,26.4400,100
34523864121234,09:35:23.864,26.4400,100
34523864696206,09:35:23.864,26.4300,100
34523865596192,09:35:23.865,26.4300,77
34523865603951,09:35:23.865,26.4300,23
34523868385113,09:35:23.868,26.4300,23
34523868385113,09:35:23.868,26.4400,100
34523868385113,09:35:23.868,26.4400,77
34527001040675,09:35:27.001,26.4600,100
34528881990692,09:35:28.881,26.4300,300
34528881990692,09:35:28.881,26.4300,200
34529937676237,09:35:29.937,26.4400,100
34529938021085,09:35:29.938,26.4600,100
34529938021085,09:35:29.938,26.4600,100
34530198709888,09:35:30.198,26.4500,100
34530198994839,09:35:30.198,26.4500,100
34531106987826,09:35:31.106,26.4300,100
34532507379398,09:35:32.507,26.4300,100
34532507632165,09:35:32.507,26.4500,100
34532916255548,09:35:32.916,26.4300,100
34532916255548,09:35:32.916,26.4300,200
34532917796948,09:35:32.917,26.4300,100
34532917823429,09:35:32.917,26.4300,100
34532918173620,09:35:32.918,26.4300,50
34534123471217,09:35:34.123,26.4500,100
34534123765107,09:35:34.123,26.4500,100
34536335078048,09:35:36.335,26.4300,500
34536335669587,09:35:36.335,26.4500,200
34537505210803,09:35:37.505,26.4500,200
34537505285937,09:35:37.505,26.4500,100
34538439050316,09:35:38.439,26.4600,200
34538439050316,09:35:38.439,26.4600,100
34538439137758,09:35:38.439,26.4600,100
34540140606221,09:35:40.140,26.4400,21
34540540425071,09:35:40.540,26.4700,79
34540540670202,09:35:40.540,26.4700,121
34540540763739,09:35:40.540,26.4700,100
34540540882139,09:35:40.540,26.4700,200
34540540882139,09:35:40.540,26.4700,100
34540541036067,09:35:40.541,26.4500,100
34540545327258,09:35:40.545,26.4600,100
34540545827353,09:35:40.545,26.4600,100
34540546704025,09:35:40.546,26.4600,100
34540547141454,09:35:40.547,26.4600,100
34540604653887,09:35:40.604,26.4700,100
34540604653887,09:35:40.604,26.4700,400
34541693566334,09:35:41.693,26.4700,100
34541757827620,09:35:41.757,26.4500,200
34554614949493,09:35:54.614,26.4800,200
34554614949493,09:35:54.614,26.4800,100
34554615540931,09:35:54.615,26.4700,100
34554615850029,09:35:54.615,26.4700,100
34565791593214,09:36:05.791,26.4300,200
34565791593214,09:36:05.791,26.4300,100
34565791766953,09:36:05.791,26.4300,100
34567068969122,09:36:07.068,26.4300,9
34567864059889,09:36:07.864,26.4100,200
34567864925171,09:36:07.864,26.4000,200
34567864959361,09:36:07.864,26.3900,100
34569275342466,09:36:09.275,26.4100,300
34569275342466,09:36:09.275,26.4100,100
34569275342466,09:36:09.275,26.4100,1000
34569275342466,09:36:09.275,26.4200,100
34569275910171,09:36:09.275,26.4100,100
34569277107286,09:36:09.277,26.4200,100
34578187342966,09:36:18.187,26.4000,28
34582393821506,09:36:22.393,26.4500,200
34582394212389,09:36:22.394,26.4500,100
34582394933085,09:36:22.394,26.4600,400
34582395765555,09:36:22.395,26.4500,100
34582395765555,09:36:22.395,26.4400,100
34582395765555,09:36:22.395,26.4300,200
34582395791268,09:36:22.395,26.4300,200
34582395795548,09:36:22.395,26.4300,100
34582396177476,09:36:22.396,26.4600,400
34582396177476,09:36:22.396,26.4600,100
34582396177476,09:36:22.396,26.4600,100
34584961306352,09:36:24.961,26.3800,100
34584961330773,09:36:24.961,26.3800,100
34584961473457,09:36:24.961,26.3800,100
34584961605518,09:36:24.961,26.3800,400
34585089254938,09:36:25.089,26.3800,100
34593687365577,09:36:33.687,26.3600,3
34593687365577,09:36:33.687,26.3600,97
34593687368622,09:36:33.687,26.3600,3
34593687368622,09:36:33.687,26.3600,100
34593688081616,09:36:33.688,26.3700,10
34593688211946,09:36:33.688,26.3600,100
34593698354979,09:36:33.698,26.3800,100
34593698354979,09:36:33.698,26.3800,200
34593698354979,09:36:33.698,26.3800,100
34593700697472,09:36:33.700,26.3900,30
34593863716150,09:36:33.863,26.3800,100
34593863716150,09:36:33.863,26.3700,100
34596474977636,09:36:36.474,26.3700,100
34596475005459,09:36:36.475,26.3700,110
34596475005459,09:36:36.475,26.3700,100
34604105937702,09:36:44.105,26.4100,200
34607505704667,09:36:47.505,26.4500,100
34607505704667,09:36:47.505,26.4700,200
34607506797192,09:36:47.506,26.4400,100
34612506291674,09:36:52.506,26.4200,400
34612506291674,09:36:52.506,26.4200,100
34612506291674,09:36:52.506,26.4200,100
34612506291674,09:36:52.506,26.4200,100
34612506393829,09:36:52.506,26.4200,700
34612506393829,09:36:52.506,26.4200,100
34612506529420,09:36:52.506,26.4200,100
34612506550521,09:36:52.506,26.4300,200
34612661806759,09:36:52.661,26.4000,100
34612662112184,09:36:52.662,26.4000,100
34612662115498,09:36:52.662,26.4000,100
34612662264174,09:36:52.662,26.4000,100
34615725186536,09:36:55.725,26.3900,400
34616936993143,09:36:56.936,26.3800,200
34619817593686,09:36:59.817,26.3000,100
34619817593686,09:36:59.817,26.2900,100
34631429002681,09:37:11.429,26.3200,100
34631429002681,09:37:11.429,26.3100,100
34631429028753,09:37:11.429,26.3100,100
34635391163895,09:37:15.391,26.3400,200
34635392032017,09:37:15.392,26.3500,100
34635392032017,09:37:15.392,26.3500,200
34635392838348,09:37:15.392,26.3400,100
34637653833243,09:37:17.653,26.3400,100
34637655782733,09:37:17.655,26.3500,100
34637655782733,09:37:17.655,26.3500,200
34637657049852,09:37:17.657,26.3700,100
34637658546989,09:37:17.658,26.3800,100
34641021232043,09:37:21.021,26.4000,100
34641021232043,09:37:21.021,26.4100,100
34653631458097,09:37:33.631,26.4200,200
34655032819864,09:37:35.032,26.4100,100
34655032819864,09:37:35.032,26.4100,200
34655032902625,09:37:35.032,26.4100,100
34655032967288,09:37:35.032,26.4100,100
34655032968591,09:37:35.032,26.4100,100
34655033090479,09:37:35.033,26.4200,100
34655033214489,09:37:35.033,26.4100,100
34655033335078,09:37:35.033,26.4100,100
34655034341545,09:37:35.034,26.4100,54
34655034365698,09:37:35.034,26.4100,46
34655037293116,09:37:35.037,26.4100,7
34655255590403,09:37:35.255,26.4100,93
34655255590403,09:37:35.255,26.4100,7
34655413454454,09:37:35.413,26.4100,93
34655413454454,09:37:35.413,26.4100,7
34658861697193,09:37:38.861,26.4100,93
34658861798119,09:37:38.861,26.4200,100
34658862363264,09:37:38.862,26.4200,90
34658863962205,09:37:38.863,26.4100,15
34658863962205,09:37:38.863,26.4100,15
34658863962205,09:37:38.863,26.3900,170
34662796494485,09:37:42.796,26.3800,200
34662796494485,09:37:42.796,26.3800,200
34662796580568,09:37:42.796,26.4100,45
34662796667143,09:37:42.796,26.4100,55
34662798591452,09:37:42.798,26.3800,45
34664004055424,09:37:44.004,26.4000,50
34672069295526,09:37:52.069,26.4000,200
34672070226398,09:37:52.070,26.4100,200
34674029356139,09:37:54.029,26.4100,100
34674029356139,09:37:54.029,26.4100,100
34674029356139,09:37:54.029,26.4000,300
34675029230887,09:37:55.029,26.4000,100
34677029131241,09:37:57.029,26.4000,100
34677029805045,09:37:57.029,26.4100,100
34677029805045,09:37:57.029,26.4200,100
34678777406760,09:37:58.777,26.4200,200
34678777406760,09:37:58.777,26.4300,100
34678777406760,09:37:58.777,26.4300,100
34678777889328,09:37:58.777,26.4400,200
34678777892650,09:37:58.777,26.4300,300
34678777892650,09:37:58.777,26.4300,30
34678777892650,09:37:58.777,26.4300,5
34678777923628,09:37:58.777,26.4400,100
34678777931156,09:37:58.777,26.4300,95
34678777931156,09:37:58.777,26.4300,335
34678777971584,09:37:58.777,26.4300,95
34678778033522,09:37:58.778,26.4300,70
34678778768528,09:37:58.778,26.4400,100
34678778768528,09:37:58.778,26.4400,30
34679028998049,09:37:59.028,26.4400,100
34681029117671,09:38:01.029,26.4200,100
34681029243251,09:38:01.029,26.4200,100
34681070603230,09:38:01.070,26.4400,100
34682029252374,09:38:02.029,26.4300,100
34682029252374,09:38:02.029,26.4300,100
34684030593028,09:38:04.030,26.4200,400
34684030593028,09:38:04.030,26.4200,100
34684030740227,09:38:04.030,26.4200,100
34684288403871,09:38:04.288,26.4400,100
34684288403871,09:38:04.288,26.4500,100
34684687132510,09:38:04.687,26.4600,100
34684831148051,09:38:04.831,26.4400,100
34684831148051,09:38:04.831,26.4300,100
34685029188425,09:38:05.029,26.4200,100
34685029188425,09:38:05.029,26.4200,200
34685029757408,09:38:05.029,26.4200,100
34688029075718,09:38:08.029,26.4300,100
34688029226825,09:38:08.029,26.4500,100
34688510446238,09:38:08.510,26.4300,100
34688513476119,09:38:08.513,26.4200,100
34688775621092,09:38:08.775,26.4200,100
34689028845440,09:38:09.028,26.4200,100
34689028845440,09:38:09.028,26.4200,100
34689030792906,09:38:09.030,26.4200,100
34690028768172,09:38:10.028,26.4200,100
34690028883727,09:38:10.028,26.4300,100
34690694265157,09:38:10.694,26.4500,125
34691028828829,09:38:11.028,26.4300,100
34693687144324,09:38:13.687,26.4700,200
34693687415260,09:38:13.687,26.4800,200
34693687670333,09:38:13.687,26.4800,200
34693687716841,09:38:13.687,26.4800,100
34693687740080,09:38:13.687,26.4800,100
34693836515302,09:38:13.836,26.4800,100
34694687888767,09:38:14.687,26.4900,100
34694688036627,09:38:14.688,26.4900,100
34694688037257,09:38:14.688,26.4900,100
34694688060439,09:38:14.688,26.5000,91
34694688113888,09:38:14.688,26.5000,100
34694688115414,09:38:14.688,26.5000,65
34694688145334,09:38:14.688,26.5000,44
34694688287425,09:38:14.688,26.5000,100
34694801999436,09:38:14.801,26.5200,100
34697288373473,09:38:17.288,26.5500,100
34697288657154,09:38:17.288,26.5500,100
34697288660150,09:38:17.288,26.5500,100
34701028797893,09:38:21.028,26.5300,200
34701032639864,09:38:21.032,26.5500,100
34702029080885,09:38:22.029,26.5400,400
34702029080885,09:38:22.029,26.5400,300
34702029080885,09:38:22.029,26.5400,100
34702029248106,09:38:22.029,26.5400,100
34702029469803,09:38:22.029,26.5400,100
34702032858591,09:38:22.032,26.5500,100
34703029411736,09:38:23.029,26.5400,100
34703029411736,09:38:23.029,26.5400,100
34703029411736,09:38:23.029,26.5400,100
34704028886847,09:38:24.028,26.5400,100
34704028886847,09:38:24.028,26.5400,100
34704029080866,09:38:24.029,26.5600,100
34705029870962,09:38:25.029,26.5500,200
34705122129209,09:38:25.122,26.5700,3
34706029162719,09:38:26.029,26.6000,100
34706029162719,09:38:26.029,26.5900,176
34707029462153,09:38:27.029,26.6000,100
34708028936586,09:38:28.028,26.5900,100
34708032692134,09:38:28.032,26.5900,100
34709030606114,09:38:29.030,26.5900,100
34709030606114,09:38:29.030,26.5900,100
34709030606114,09:38:29.030,26.5900,67
34710013090664,09:38:30.013,26.5900,100
34710013114028,09:38:30.013,26.5900,100
34710029710380,09:38:30.029,26.5900,100
34710029710380,09:38:30.029,26.5900,100
34710827319369,09:38:30.827,26.5800,200
34710827319369,09:38:30.827,26.5800,100
34710828931652,09:38:30.828,26.5800,100
34710828931652,09:38:30.828,26.5800,200
34712028971049,09:38:32.028,26.5600,100
34714029236892,09:38:34.029,26.5200,200
34714029236892,09:38:34.029,26.5200,100
34714881963856,09:38:34.881,26.5100,100
34714883157390,09:38:34.883,26.5100,300
34715035773660,09:38:35.035,26.5100,200
34715035773660,09:38:35.035,26.5100,300
34716028908420,09:38:36.028,26.5100,200
34716028908420,09:38:36.028,26.5100,300
34718029304849,09:38:38.029,26.5000,300
34718029304849,09:38:38.029,26.5000,100
34718029304849,09:38:38.029,26.5000,300
34718029304849,09:38:38.029,26.5000,400
34718029304849,09:38:38.029,26.5000,200
34718029304849,09:38:38.029,26.5000,100
34718029304849,09:38:38.029,26.5000,100
34718029304849,09:38:38.029,26.5000,200
34718029762166,09:38:38.029,26.4800,100
34718029787918,09:38:38.029,26.4700,100
34718030591381,09:38:38.030,26.4600,100
34718030591381,09:38:38.030,26.4600,100
34718030716052,09:38:38.030,26.4600,100
34718031281126,09:38:38.031,26.4600,100
34720032839072,09:38:40.032,26.4500,100
34720032839072,09:38:40.032,26.4500,100
34720035175441,09:38:40.035,26.4400,100
34720181490951,09:38:40.181,26.4300,100
34730122669796,09:38:50.122,26.3900,100
34730122669796,09:38:50.122,26.3800,100
34734029680175,09:38:54.029,26.4100,100
34734029680175,09:38:54.029,26.4100,100
34734029680175,09:38:54.029,26.4100,100
34734029680175,09:38:54.029,26.4100,100
34734030181850,09:38:54.030,26.4300,200
34734030181850,09:38:54.030,26.4300,100
34734032061341,09:38:54.032,26.4400,9
34734032085517,09:38:54.032,26.4400,191
34734032730845,09:38:54.032,26.4500,32
34734032839260,09:38:54.032,26.4500,68
34734033344266,09:38:54.033,26.4600,33
34734163816412,09:38:54.163,26.5200,300
34734163903957,09:38:54.163,26.5200,100
34734163931482,09:38:54.163,26.5200,100
34734163964698,09:38:54.163,26.5200,390
34734163964698,09:38:54.163,26.5200,200
34737029184470,09:38:57.029,26.4800,100
34737029184470,09:38:57.029,26.4700,100
34738029170971,09:38:58.029,26.5000,100
34739029386917,09:38:59.029,26.4600,100
34740029772054,09:39:00.029,26.5000,200
34740688317861,09:39:00.688,26.5000,100
34741029460824,09:39:01.029,26.5000,100
34742029149915,09:39:02.029,26.4900,100
34742071870872,09:39:02.071,26.5000,100
34743029310770,09:39:03.029,26.4700,100
34743029310770,09:39:03.029,26.4600,100
34743029310770,09:39:03.029,26.4600,100
34744029175561,09:39:04.029,26.4700,100
34744029175561,09:39:04.029,26.4700,100
34744686543142,09:39:04.686,26.5000,100
34744686551586,09:39:04.686,26.5000,100
34744686551586,09:39:04.686,26.5000,61
34744686567550,09:39:04.686,26.5000,39
34745029594861,09:39:05.029,26.4700,100
34745060300729,09:39:05.060,26.4600,200
34745298220597,09:39:05.298,26.4500,100
34745687224856,09:39:05.687,26.4900,200
34745687705219,09:39:05.687,26.5000,100
34745689077878,09:39:05.689,26.5100,200
34745689077878,09:39:05.689,26.5100,100
34749029134619,09:39:09.029,26.5100,100
34749029134619,09:39:09.029,26.5100,100
34749029134619,09:39:09.029,26.5000,200
34749029134619,09:39:09.029,26.5000,100
34749029134619,09:39:09.029,26.5000,30
34749029134619,09:39:09.029,26.5000,200
34749841710831,09:39:09.841,26.5100,100
34750029147870,09:39:10.029,26.5200,400
34750029147870,09:39:10.029,26.5200,100
34750428423698,09:39:10.428,26.5100,100
34750428423698,09:39:10.428,26.5100,200
34750429046400,09:39:10.429,26.5100,100
34751029316261,09:39:11.029,26.5100,100
34755030355666,09:39:15.030,26.5000,100
34755030355666,09:39:15.030,26.5000,200
34755030355666,09:39:15.030,26.5000,200
34755610939126,09:39:15.610,26.4700,100
34757029506052,09:39:17.029,26.4400,100
34758029523418,09:39:18.029,26.4300,100
34758029816389,09:39:18.029,26.4200,100
34758030267061,09:39:18.030,26.4100,100
34759029200985,09:39:19.029,26.4100,100
34759029200985,09:39:19.029,26.4100,100
34759498228410,09:39:19.498,26.4300,100
34759498228410,09:39:19.498,26.4300,100
34759498228410,09:39:19.498,26.4400,200
34759498281828,09:39:19.498,26.4400,100
34759500285060,09:39:19.500,26.4600,100
34759548989872,09:39:19.548,26.4700,100
34760029547152,09:39:20.029,26.4500,100
34760029547152,09:39:20.029,26.4400,200
34762029377552,09:39:22.029,26.4500,100
34762029377552,09:39:22.029,26.4400,100
34763029642990,09:39:23.029,26.4400,100
34764028942750,09:39:24.028,26.4400,10
34765461229660,09:39:25.461,26.4100,100
34765465364556,09:39:25.465,26.4000,100
34767029150684,09:39:27.029,26.4000,100
34767029902463,09:39:27.029,26.4200,100
34768028977641,09:39:28.028,26.4000,30
34768028977641,09:39:28.028,26.4000,30
34775416838380,09:39:35.416,26.3900,100
34778779261481,09:39:38.779,26.4200,100
34787414789025,09:39:47.414,26.4400,200
34790036988384,09:39:50.036,26.4300,100
34790037099046,09:39:50.037,26.4200,77
34790037121592,09:39:50.037,26.4200,23
34791030108350,09:39:51.030,26.4000,100
34792299781091,09:39:52.299,26.4300,30
34793029855743,09:39:53.029,26.4000,100
34793029855743,09:39:53.029,26.4000,200
34793030005730,09:39:53.030,26.4000,100
34793031263310,09:39:53.031,26.4100,100
34793031263310,09:39:53.031,26.4100,100
34795029568082,09:39:55.029,26.4000,100
34795029568082,09:39:55.029,26.4000,200
34795313934729,09:39:55.313,26.3700,100
34795314691638,09:39:55.314,26.3600,100
34795548847018,09:39:55.548,26.3400,9
34803836316255,09:40:03.836,26.2600,100
34803836316255,09:40:03.836,26.2500,100
34803837740376,09:40:03.837,26.2500,100
34807641167504,09:40:07.641,26.2900,200
34807641186943,09:40:07.641,26.3000,200
34807641211483,09:40:07.641,26.3100,400
34807641211483,09:40:07.641,26.3100,100
34807641211483,09:40:07.641,26.3100,61
34807642000227,09:40:07.642,26.3200,100
34807645149859,09:40:07.645,26.3200,100
34812998864866,09:40:12.998,26.3400,200
34812998864866,09:40:12.998,26.3400,200
34823851542916,09:40:23.851,26.3300,100
34823851676037,09:40:23.851,26.3300,100
34823851708840,09:40:23.851,26.3300,100
34823851785841,09:40:23.851,26.3200,200
34823851814211,09:40:23.851,26.3200,100
34823851814211,09:40:23.851,26.3100,100
34823852362064,09:40:23.852,26.3200,100
34823854105069,09:40:23.854,26.3300,100
34823856324976,09:40:23.856,26.3500,200
34826231069764,09:40:26.231,26.3500,200
34826232630134,09:40:26.232,26.3600,100
34826232630134,09:40:26.232,26.3600,200
34828797922228,09:40:28.797,26.3600,100
34828802210369,09:40:28.802,26.3800,100
34828802214899,09:40:28.802,26.3800,100
34836515677643,09:40:36.515,26.5200,21
34836981272103,09:40:36.981,26.5100,89
34845947305564,09:40:45.947,26.4700,33
34846190452294,09:40:46.190,26.4300,100
34846190452294,09:40:46.190,26.4200,100
34854159534494,09:40:54.159,26.4800,100
34854159534494,09:40:54.159,26.4800,100
34854908003735,09:40:54.908,26.4700,200
34855417995247,09:40:55.417,26.4700,200
34861418511283,09:41:01.418,26.4600,100
34866183192062,09:41:06.183,26.4600,200
34866183675399,09:41:06.183,26.4500,100
34868709442873,09:41:08.709,26.4900,200
34868709964281,09:41:08.709,26.4900,100
34868710129276,09:41:08.710,26.5000,334
34868710144425,09:41:08.710,26.5000,266
34868710144425,09:41:08.710,26.5000,100
34868710144425,09:41:08.710,26.5000,189
34868710157149,09:41:08.710,26.5000,11
34868710157149,09:41:08.710,26.5000,1
34868710365705,09:41:08.710,26.4900,100
34868711770523,09:41:08.711,26.5200,100
34868712222304,09:41:08.712,26.5300,100
34879880770573,09:41:19.880,26.5200,100
34898876048630,09:41:38.876,26.5200,100
34898876048630,09:41:38.876,26.5300,100
34898876144243,09:41:38.876,26.5300,100
34898876791820,09:41:38.876,26.5400,100
34898877111096,09:41:38.877,26.5400,100
34898877111096,09:41:38.877,26.5400,200
34898882244566,09:41:38.882,26.5700,100
34899035006280,09:41:39.035,26.5700,100
34899551041098,09:41:39.551,26.5800,100
34899551041098,09:41:39.551,26.5800,100
34899555782282,09:41:39.555,26.5900,100
34899555870242,09:41:39.555,26.5900,100
34906213905496,09:41:46.213,26.5700,200
34906216302760,09:41:46.216,26.5600,100
34919434646711,09:41:59.434,26.6000,100
34919434671517,09:41:59.434,26.6000,100
34921800078612,09:42:01.800,26.6200,100
34921801312402,09:42:01.801,26.6200,100
34921801688207,09:42:01.801,26.6200,5
34923991381311,09:42:03.991,26.6300,200
34923991723245,09:42:03.991,26.6300,100
34923992035465,09:42:03.992,26.6400,100
34929615219301,09:42:09.615,26.6200,100
34929615242196,09:42:09.615,26.6200,100
34929615723880,09:42:09.615,26.6200,100
34929615996247,09:42:09.615,26.6200,100
34929616138956,09:42:09.616,26.6400,100
34929616399217,09:42:09.616,26.6200,100
34929617380374,09:42:09.617,26.6400,100
34929617380374,09:42:09.617,26.6400,37
34929617380374,09:42:09.617,26.6400,100
34929648121084,09:42:09.648,26.6500,200
34929648121084,09:42:09.648,26.6500,100
34929648539132,09:42:09.648,26.6300,100
34930335541060,09:42:10.335,26.6400,100
34930335541060,09:42:10.335,26.6400,190
34930335541060,09:42:10.335,26.6400,400
34930336729543,09:42:10.336,26.6400,200
34930336760042,09:42:10.336,26.6400,200
34930336765770,09:42:10.336,26.6400,200
34930336938826,09:42:10.336,26.6400,100
34930450041559,09:42:10.450,26.6600,100
34930450334227,09:42:10.450,26.6400,100
34930450836812,09:42:10.450,26.6600,100
34931831487976,09:42:11.831,26.6100,200
34931831597666,09:42:11.831,26.6100,100
34931831619636,09:42:11.831,26.6400,100
34931831814381,09:42:11.831,26.6200,400
34931831972031,09:42:11.831,26.6200,100
34931831972031,09:42:11.831,26.6200,100
34931831972733,09:42:11.831,26.6100,100
34931838281877,09:42:11.838,26.6200,100
34933555244906,09:42:13.555,26.6200,100
34933555340266,09:42:13.555,26.6300,100
34933555405444,09:42:13.555,26.6400,100
34933555688120,09:42:13.555,26.6400,100
34933555874750,09:42:13.555,26.6500,100
34933555874750,09:42:13.555,26.6500,200
34933556091585,09:42:13.556,26.6500,100
34933556186838,09:42:13.556,26.6500,100
34933556331253,09:42:13.556,26.6400,100
34933722778397,09:42:13.722,26.6700,100
34936743736353,09:42:16.743,26.6400,100
34936743736353,09:42:16.743,26.6300,100
34936743736353,09:42:16.743,26.6300,100
34936743736353,09:42:16.743,26.6200,100
34940395989094,09:42:20.395,26.6500,100
34946080961933,09:42:26.080,26.6900,200
34946081853641,09:42:26.081,26.6700,400
34948381024961,09:42:28.381,26.6800,100
34948381696159,09:42:28.381,26.6900,100
34948880997584,09:42:28.880,26.7000,100
34949726619860,09:42:29.726,26.6900,100
34949726619860,09:42:29.726,26.6800,100
34949726619860,09:42:29.726,26.6800,100
34949727099637,09:42:29.727,26.6900,400
34949727348086,09:42:29.727,26.6900,100
34949727596629,09:42:29.727,26.6900,100
34949727741287,09:42:29.727,26.6900,100
34949729427961,09:42:29.729,26.6900,100
34949736904892,09:42:29.736,26.7100,400
34949767380968,09:42:29.767,26.7200,100
34949767380968,09:42:29.767,26.7200,100
34949836149102,09:42:29.836,26.7100,100
34951741563603,09:42:31.741,26.7000,100
34951741996346,09:42:31.741,26.7000,100
34951742260490,09:42:31.742,26.7000,100
34951751280680,09:42:31.751,26.7100,100
34951751332309,09:42:31.751,26.7100,10
34951751424980,09:42:31.751,26.7100,10
34951753044765,09:42:31.753,26.7200,400
34951753068386,09:42:31.753,26.7200,86
34951753114125,09:42:31.753,26.7200,62
34951754136702,09:42:31.754,26.7200,100
34951754136702,09:42:31.754,26.7200,100
34953866590946,09:42:33.866,26.7200,100
34953866590946,09:42:33.866,26.7200,100
34953866590946,09:42:33.866,26.7200,200
34953867020238,09:42:33.867,26.7200,100
34956648096538,09:42:36.648,26.6800,100
34956648239440,09:42:36.648,26.7000,100
34956649207695,09:42:36.649,26.6800,100
34956650610044,09:42:36.650,26.6700,100
34960881946229,09:42:40.881,26.7000,100
34960882060940,09:42:40.882,26.7100,200
34960882074381,09:42:40.882,26.7100,100
34960882274194,09:42:40.882,26.7100,100
34960882581823,09:42:40.882,26.7100,300
34961532744975,09:42:41.532,26.7000,100
34966626022015,09:42:46.626,26.6850,500
34970878511458,09:42:50.878,26.6600,100
34970878885543,09:42:50.878,26.6600,10
34971546704654,09:42:51.546,26.6300,200
34981514645766,09:43:01.514,26.6200,200
34981514728610,09:43:01.514,26.6200,122
34981514728610,09:43:01.514,26.6200,100
34981514936142,09:43:01.514,26.6200,100
34981514936142,09:43:01.514,26.6200,100
34981514936142,09:43:01.514,26.6200,22
34981515600106,09:43:01.515,26.6200,78
34983026620220,09:43:03.026,26.5900,100
34983026620220,09:43:03.026,26.5900,100
34986323019056,09:43:06.323,26.5800,100
34987135009751,09:43:07.135,26.5800,100
34987766030046,09:43:07.766,26.6000,100
34987766030046,09:43:07.766,26.6000,100
34987766030046,09:43:07.766,26.6100,400
34987766030046,09:43:07.766,26.6100,21
34988002479457,09:43:08.002,26.6100,200
34988002873957,09:43:08.002,26.6100,100
34988003093878,09:43:08.003,26.6100,100
34988003093878,09:43:08.003,26.6200,100
34988003125432,09:43:08.003,26.6200,100
34988003446287,09:43:08.003,26.6200,200
34991190012033,09:43:11.190,26.6000,300
34992680230749,09:43:12.680,26.6200,200
34995546010753,09:43:15.546,26.6300,100
34995546688523,09:43:15.546,26.6400,100
35000989687549,09:43:20.989,26.6600,100
35001890297678,09:43:21.890,26.6300,100
35011436303492,09:43:31.436,26.6300,100
35011436450128,09:43:31.436,26.6300,100
35029816366796,09:43:49.816,26.6350,100
35029816366796,09:43:49.816,26.6350,800
35029816524219,09:43:49.816,26.6350,100
35029816529059,09:43:49.816,26.6350,100
35029817905533,09:43:49.817,26.6700,100
35029817905533,09:43:49.817,26.6700,200
35031990401290,09:43:51.990,26.6700,100
35031990746692,09:43:51.990,26.6750,100
35031990779869,09:43:51.990,26.6800,500
35035835631313,09:43:55.835,26.6700,400
35035835631313,09:43:55.835,26.6700,100
35035835791681,09:43:55.835,26.6700,100
35035835798962,09:43:55.835,26.6700,100
35035835931568,09:43:55.835,26.6600,100
35035835931568,09:43:55.835,26.6600,200
35035835931568,09:43:55.835,26.6600,100
35035835960418,09:43:55.835,26.6600,33
35035835966005,09:43:55.835,26.6600,167
35035836437048,09:43:55.836,26.6600,100
35035836437048,09:43:55.836,26.6600,200
35035836629504,09:43:55.836,26.6600,90
35035836645721,09:43:55.836,26.6600,10
35035836645721,09:43:55.836,26.6600,90
35035836665733,09:43:55.836,26.6600,10
35035837978751,09:43:55.837,26.6500,100
35036104457678,09:43:56.104,26.6500,100
35036104457678,09:43:56.104,26.6400,100
35039663607311,09:43:59.663,26.6700,100
35039663631905,09:43:59.663,26.6700,100
35039666503629,09:43:59.666,26.6700,100
35046123258356,09:44:06.123,26.7000,100
35052978040507,09:44:12.978,26.7050,500
35060252017728,09:44:20.252,26.6900,100
35060252051441,09:44:20.252,26.6900,100
35060252198154,09:44:20.252,26.6900,100
35060252220906,09:44:20.252,26.6950,100
35060252566070,09:44:20.252,26.6900,100
35060252570523,09:44:20.252,26.6900,100
35064265405376,09:44:24.265,26.6950,200
35064265405376,09:44:24.265,26.7100,200
35064265484487,09:44:24.265,26.7100,100
35067820442752,09:44:27.820,26.7100,200
35067821808829,09:44:27.821,26.7100,100
35067822269671,09:44:27.822,26.7100,100
35084572082121,09:44:44.572,26.7000,100
35084572082121,09:44:44.572,26.6900,400
35090552588930,09:44:50.552,26.6900,100
35090552870964,09:44:50.552,26.6900,100
35090553495333,09:44:50.553,26.6800,100
35090553522341,09:44:50.553,26.6800,100
35090553522341,09:44:50.553,26.6800,100
35092471717121,09:44:52.471,26.6800,100
35102804698514,09:45:02.804,26.6700,100
35105990500319,09:45:05.990,26.6600,100
35105990500319,09:45:05.990,26.6600,100
35105990603788,09:45:05.990,26.6700,100
35105990866353,09:45:05.990,26.6600,100
35105990866353,09:45:05.990,26.6600,100
35106833774164,09:45:06.833,26.6700,61
35111532880124,09:45:11.532,26.6800,100
35111533666666,09:45:11.533,26.6800,100
35111533666666,09:45:11.533,26.6800,100
35118624324669,09:45:18.624,26.6900,100
35118624324669,09:45:18.624,26.6900,100
35118625676980,09:45:18.625,26.6900,100
35118639939408,09:45:18.639,26.7000,400
35118640120481,09:45:18.640,26.7000,400
35118654271151,09:45:18.654,26.7000,100
35119517190636,09:45:19.517,26.6900,18
35126121411293,09:45:26.121,26.7000,100
35126121411293,09:45:26.121,26.7000,100
35127646057586,09:45:27.646,26.7000,500
35134697772266,09:45:34.697,26.6800,100
35134697924828,09:45:34.697,26.6800,100
35134698010315,09:45:34.698,26.6800,100
35134707998377,09:45:34.707,26.6800,100
35135184455411,09:45:35.184,26.6600,100
35135184455411,09:45:35.184,26.6600,200
35135184455411,09:45:35.184,26.6600,100
35135185178043,09:45:35.185,26.6600,100
35135185595788,09:45:35.185,26.6500,100
35135185595788,09:45:35.185,26.6500,400
35140874852426,09:45:40.874,26.6500,100
35148881828153,09:45:48.881,26.6400,42
35148881852811,09:45:48.881,26.6400,158
35148883187261,09:45:48.883,26.6200,100
35149004407771,09:45:49.004,26.6300,100
35149004407771,09:45:49.004,26.6400,200
35149004407771,09:45:49.004,26.6400,100
35149006263569,09:45:49.006,26.6500,100
35149006263569,09:45:49.006,26.6500,200
35149048578430,09:45:49.048,26.6400,100
35149048660520,09:45:49.048,26.6400,100
35155652383558,09:45:55.652,26.6600,100
35155652383558,09:45:55.652,26.6600,100
35155655186536,09:45:55.655,26.6700,200
35155655186536,09:45:55.655,26.6700,100
35155655232942,09:45:55.655,26.6700,100
35155655614045,09:45:55.655,26.6700,100
35155658265699,09:45:55.658,26.6700,100
35155658265699,09:45:55.658,26.6700,100
35155658686610,09:45:55.658,26.6800,100
35159040254232,09:45:59.040,26.6800,10
35159040878615,09:45:59.040,26.6900,100
35162056067750,09:46:02.056,26.6900,300
35168744530042,09:46:08.744,26.6900,100
35180064244429,09:46:20.064,26.6300,200
35180642791584,09:46:20.642,26.6200,100
35182449871027,09:46:22.449,26.6400,100
35189889569237,09:46:29.889,26.6400,20
35191507483141,09:46:31.507,26.6200,100
35191508083400,09:46:31.508,26.6200,100
35191508471940,09:46:31.508,26.6200,100
35191509423904,09:46:31.509,26.6200,100
35191509721711,09:46:31.509,26.6100,200
35191510021104,09:46:31.510,26.6100,100
35197072023819,09:46:37.072,26.6100,43
35197072023819,09:46:37.072,26.6100,34
35197072023819,09:46:37.072,26.6100,100
35197188939169,09:46:37.188,26.5900,100
35199799345510,09:46:39.799,26.5600,100
35213409725219,09:46:53.409,26.5200,100
35213991023775,09:46:53.991,26.5100,100
35229289487940,09:47:09.289,26.4800,100
35229291931023,09:47:09.291,26.5300,126
35229292946838,09:47:09.292,26.5400,200
35229300241538,09:47:09.300,26.5300,100
35229300241538,09:47:09.300,26.5300,100
35229300241538,09:47:09.300,26.5200,55
35229300241538,09:47:09.300,26.5100,45
35232286338698,09:47:12.286,26.5200,200
35232286338698,09:47:12.286,26.5200,100
35232286417801,09:47:12.286,26.5200,100
35236286960238,09:47:16.286,26.5100,200
35236286960238,09:47:16.286,26.5100,98
35242287293878,09:47:22.287,26.4900,100
35242287418408,09:47:22.287,26.4900,100
35242371502904,09:47:22.371,26.4800,200
35242373158810,09:47:22.373,26.4900,100
35242373158810,09:47:22.373,26.5000,400
35243287240952,09:47:23.287,26.4700,200
35243703498928,09:47:23.703,26.4700,100
35246288961546,09:47:26.288,26.4600,91
35254676077972,09:47:34.676,26.4700,100
35254676077972,09:47:34.676,26.4900,200
35254676186420,09:47:34.676,26.5000,200
35254676475978,09:47:34.676,26.5000,100
35254676504280,09:47:34.676,26.4900,100
35254678754385,09:47:34.678,26.5000,30
35254678754385,09:47:34.678,26.5000,30
35254678754385,09:47:34.678,26.5000,100
35254679305984,09:47:34.679,26.5000,100
35254679305984,09:47:34.679,26.5000,100
35255286680890,09:47:35.286,26.4900,100
35255286680890,09:47:35.286,26.4900,100
35255290894722,09:47:35.290,26.5000,100
35256287985870,09:47:36.287,26.4900,100
35257288184941,09:47:37.288,26.4900,100
35258068474931,09:47:38.068,26.4900,100
35258289253442,09:47:38.289,26.4900,100
35258289365407,09:47:38.289,26.4900,100
35258289365407,09:47:38.289,26.4900,200
35259287767435,09:47:39.287,26.4900,100
35259287886129,09:47:39.287,26.4900,100
35259287886129,09:47:39.287,26.4900,200
35260287885562,09:47:40.287,26.4900,100
35260287885562,09:47:40.287,26.4900,100
35261295568114,09:47:41.295,26.4950,100
35261422628387,09:47:41.422,26.4900,100
35261422739901,09:47:41.422,26.4900,100
35262288257315,09:47:42.288,26.4900,100
35264066754230,09:47:44.066,26.5000,100
35264286172743,09:47:44.286,26.4700,100
35264286172743,09:47:44.286,26.4700,200
35264286172743,09:47:44.286,26.4700,100
35264286473497,09:47:44.286,26.4700,100
35265288283547,09:47:45.288,26.4600,100
35266287767779,09:47:46.287,26.4600,100
35266287920704,09:47:46.287,26.4700,100
35266288017413,09:47:46.288,26.4600,100
35268290606521,09:47:48.290,26.4600,40
35272132763861,09:47:52.132,26.4400,100
35285894049920,09:48:05.894,26.4600,100
35285894049920,09:48:05.894,26.4700,200
35285894049920,09:48:05.894,26.4700,100
35285894343269,09:48:05.894,26.4700,100
35286287093057,09:48:06.287,26.4700,200
35287286736589,09:48:07.286,26.4700,200
35287286969059,09:48:07.286,26.4700,100
35288289133582,09:48:08.289,26.4700,100
35288289284887,09:48:08.289,26.4800,100
35289289306830,09:48:09.289,26.4700,100
35318403692626,09:48:38.403,26.4800,400
35318404024829,09:48:38.404,26.4800,100
35318404371923,09:48:38.404,26.4800,300
35318404371923,09:48:38.404,26.4800,100
35318404592517,09:48:38.404,26.4900,200
35319288458955,09:48:39.288,26.4800,100
35324287678796,09:48:44.287,26.4500,100
35324287757574,09:48:44.287,26.4400,10
35324287757574,09:48:44.287,26.4400,200
35324287805062,09:48:44.287,26.4500,100
35355550748015,09:49:15.550,26.4900,133
35355550748015,09:49:15.550,26.4900,200
35355550748015,09:49:15.550,26.4900,67
35355550827724,09:49:15.550,26.4900,33
35355550827724,09:49:15.550,26.4900,100
35355550827724,09:49:15.550,26.4900,100
35355550827724,09:49:15.550,26.4900,100
35355551140660,09:49:15.551,26.4900,15
35355551670427,09:49:15.551,26.4900,85
35361340304523,09:49:21.340,26.4800,100
35361340444471,09:49:21.340,26.4800,100
35361340515392,09:49:21.340,26.4800,100
35413663363576,09:50:13.663,26.4000,100
35415340507901,09:50:15.340,26.4000,100
35415340674264,09:50:15.340,26.4000,100
35424938425848,09:50:24.938,26.4100,300
35424938523201,09:50:24.938,26.4100,100
35424938523201,09:50:24.938,26.4100,100
35424938523201,09:50:24.938,26.4100,100
35424938989934,09:50:24.938,26.4100,100
35426844528953,09:50:26.844,26.4300,100
35426844528953,09:50:26.844,26.4300,100
35426844694156,09:50:26.844,26.4300,100
35428073858714,09:50:28.073,26.4400,100
35428855875535,09:50:28.855,26.4800,100
35428855875535,09:50:28.855,26.4800,100
35428855875535,09:50:28.855,26.4800,100
35429812766497,09:50:29.812,26.4700,73
35429812766497,09:50:29.812,26.4500,27
35429812769394,09:50:29.812,26.4500,100
35429812821519,09:50:29.812,26.4500,73
35429813256563,09:50:29.813,26.4500,100
35429813256563,09:50:29.813,26.4500,100
35447600384475,09:50:47.600,26.5300,400
35450419162970,09:50:50.419,26.5500,100
35450419162970,09:50:50.419,26.5600,100
35450419162970,09:50:50.419,26.5600,138
35450419162970,09:50:50.419,26.5600,62
35450419670809,09:50:50.419,26.5600,100
35450618598767,09:50:50.618,26.5000,100
35458622068894,09:50:58.622,26.4900,100
35458622075629,09:50:58.622,26.4900,100
35458622219149,09:50:58.622,26.4900,100
35458626180747,09:50:58.626,26.4700,100
35458626180747,09:50:58.626,26.4700,400
35458626180747,09:50:58.626,26.4700,300
35458632111530,09:50:58.632,26.4600,200
35458632111530,09:50:58.632,26.4600,400
35458636175973,09:50:58.636,26.4500,400
35458636175973,09:50:58.636,26.4500,300
35458639539155,09:50:58.639,26.4400,400
35458639539155,09:50:58.639,26.4400,100
35458639539155,09:50:58.639,26.4400,300
35458643799319,09:50:58.643,26.4300,100
35458643799319,09:50:58.643,26.4300,200
35458643799319,09:50:58.643,26.4300,100
35458643799319,09:50:58.643,26.4300,200
35458647849900,09:50:58.647,26.4200,200
35458647849900,09:50:58.647,26.4200,200
35458647849900,09:50:58.647,26.4200,200
35458651788741,09:50:58.651,26.4100,100
35458651788741,09:50:58.651,26.4100,96
35458651788741,09:50:58.651,26.4100,200
35458651788741,09:50:58.651,26.4100,200
35458651788741,09:50:58.651,26.4100,300
35458655403502,09:50:58.655,26.4000,100
35458655403502,09:50:58.655,26.4000,100
35458655403502,09:50:58.655,26.4000,100
35458655403502,09:50:58.655,26.4000,100
35458655403502,09:50:58.655,26.4000,300
35458655403502,09:50:58.655,26.4000,100
35458655403502,09:50:58.655,26.4000,200
35458655403502,09:50:58.655,26.4000,400
35458658840670,09:50:58.658,26.3900,100
35458658840670,09:50:58.658,26.3900,300
35458658840670,09:50:58.658,26.3900,400
35458658840670,09:50:58.658,26.3900,200
35458658840670,09:50:58.658,26.3900,300
35458662303056,09:50:58.662,26.3800,400
35458662303056,09:50:58.662,26.3800,300
35458671624733,09:50:58.671,26.3700,100
35458671624733,09:50:58.671,26.3700,49
35460141947920,09:51:00.141,26.4300,36
35460142059292,09:51:00.142,26.4300,164
35460142059292,09:51:00.142,26.4300,36
35460142063944,09:51:00.142,26.4300,200
35460142068335,09:51:00.142,26.4300,200
35460142079918,09:51:00.142,26.4300,164
35460142108763,09:51:00.142,26.4300,100
35460142313935,09:51:00.142,26.4300,100
35460142371605,09:51:00.142,26.4300,100
35460143343696,09:51:00.143,26.4300,100
35460143465066,09:51:00.143,26.4300,100
35460339828064,09:51:00.339,26.4300,300
35464534259330,09:51:04.534,26.4300,100
35464534259852,09:51:04.534,26.4200,100
35464534666401,09:51:04.534,26.4400,400
35464586565639,09:51:04.586,26.4200,200
35464586589413,09:51:04.586,26.4200,800
35464587052934,09:51:04.587,26.4200,100
35490563950983,09:51:30.563,26.3700,400
35490564735671,09:51:30.564,26.3700,100
35490564738122,09:51:30.564,26.3700,100
35490565225698,09:51:30.565,26.3700,500
35490565241651,09:51:30.565,26.3800,100
35490565271807,09:51:30.565,26.3700,700
35490565302552,09:51:30.565,26.3700,200
35490565309236,09:51:30.565,26.3800,100
35490565743604,09:51:30.565,26.3800,100
35490565756851,09:51:30.565,26.3800,100
35490565795737,09:51:30.565,26.3800,100
35492633232553,09:51:32.633,26.3900,200
35492633604240,09:51:32.633,26.4000,100
35494640617748,09:51:34.640,26.4100,200
35501093287964,09:51:41.093,26.3800,100
35501093428224,09:51:41.093,26.3800,100
35512136151077,09:51:52.136,26.3500,100
35512136250042,09:51:52.136,26.3500,100
35512136275733,09:51:52.136,26.3500,100
35512136300594,09:51:52.136,26.3500,100
35512136331786,09:51:52.136,26.3500,100
35512136373113,09:51:52.136,26.3500,100
35522861566604,09:52:02.861,26.3700,300
35522863522511,09:52:02.863,26.3900,100
35522863924523,09:52:02.863,26.3900,100
35530905056123,09:52:10.905,26.4200,400
35530905056123,09:52:10.905,26.4200,100
35530905056123,09:52:10.905,26.4200,300
35530905834159,09:52:10.905,26.4300,200
35530905834159,09:52:10.905,26.4300,100
35532339097195,09:52:12.339,26.4400,200
35532339097195,09:52:12.339,26.4400,100
35534121882806,09:52:14.121,26.4500,100
35534121882806,09:52:14.121,26.4500,100
35534121882806,09:52:14.121,26.4500,400
35535497040915,09:52:15.497,26.4600,400
35535497040915,09:52:15.497,26.4600,100
35535497040915,09:52:15.497,26.4600,100
35535497700143,09:52:15.497,26.4600,200
35536768546578,09:52:16.768,26.4700,99
35577618939881,09:52:57.618,26.4300,100
35585188000739,09:53:05.188,26.4100,200
35585188316236,09:53:05.188,26.4100,10
35585188316236,09:53:05.188,26.4100,9
35585188436363,09:53:05.188,26.4100,91
35585188451335,09:53:05.188,26.4100,91
35585188451335,09:53:05.188,26.4200,209
35592715152467,09:53:12.715,26.3900,16
35592715303184,09:53:12.715,26.3900,84
35639517978008,09:53:59.517,26.3900,10
35639960021406,09:53:59.960,26.3800,100
35641632244370,09:54:01.632,26.4100,100
35641634911237,09:54:01.634,26.4300,100
35658704606051,09:54:18.704,26.4500,100
35658704909305,09:54:18.704,26.4500,100
35658705090693,09:54:18.705,26.4500,100
35658706445666,09:54:18.706,26.4500,100
35658709185042,09:54:18.709,26.4300,200
35667866388327,09:54:27.866,26.4600,20
35675067014987,09:54:35.067,26.4200,200
35675067014987,09:54:35.067,26.4200,4
35675068563842,09:54:35.068,26.4100,200
35675068563842,09:54:35.068,26.4100,100
35675068563842,09:54:35.068,26.4100,100
35745633590465,09:55:45.633,26.3900,400
35745633880639,09:55:45.633,26.3800,10
35753102076415,09:55:53.102,26.3600,200
35753102076415,09:55:53.102,26.3600,200
35753102076415,09:55:53.102,26.3600,100
35760842734924,09:56:00.842,26.3400,200
35760842875013,09:56:00.842,26.3400,100
35760842954829,09:56:00.842,26.3400,100
35760842954829,09:56:00.842,26.3400,100
35760843228557,09:56:00.843,26.3300,100
35760843233816,09:56:00.843,26.3300,100
35760874038487,09:56:00.874,26.3300,100
35760922794943,09:56:00.922,26.3200,100
35760922818713,09:56:00.922,26.3200,100
35765837407512,09:56:05.837,26.3500,200
35765837407512,09:56:05.837,26.3500,200
35765837407512,09:56:05.837,26.3500,700
35765837533671,09:56:05.837,26.3500,100
35767061166453,09:56:07.061,26.3500,300
35767061192997,09:56:07.061,26.3500,100
35767061200609,09:56:07.061,26.3500,100
35767061267987,09:56:07.061,26.3500,200
35772854003669,09:56:12.854,26.3500,200
35772854081719,09:56:12.854,26.3500,100
35772854367460,09:56:12.854,26.3500,100
35773474021598,09:56:13.474,26.3550,200
35778129776132,09:56:18.129,26.3550,200
35778129776132,09:56:18.129,26.3700,200
35778129776132,09:56:18.129,26.3700,200
35778130316212,09:56:18.130,26.3700,200
35778132049522,09:56:18.132,26.3700,100
35778132122731,09:56:18.132,26.3600,12
35778132146988,09:56:18.132,26.3600,188
35778132146988,09:56:18.132,26.3600,100
35778132491814,09:56:18.132,26.3700,100
35778206684584,09:56:18.206,26.3600,100
35782340548444,09:56:22.340,26.3700,200
35782341230077,09:56:22.341,26.3700,30
35782341230077,09:56:22.341,26.3700,100
35782343057682,09:56:22.343,26.3600,200
35789341509798,09:56:29.341,26.3400,200
35819076868409,09:56:59.076,26.3400,100
35819076920204,09:56:59.076,26.3400,100
35819076920204,09:56:59.076,26.3400,100
35819076968622,09:56:59.076,26.3400,100
35819101941807,09:56:59.101,26.3300,100
35819101941807,09:56:59.101,26.3300,200
35820349534171,09:57:00.349,26.3200,100
35821467091795,09:57:01.467,26.3200,200
35821467091795,09:57:01.467,26.3200,100
35821467091795,09:57:01.467,26.3200,300
35821467714496,09:57:01.467,26.3200,100
35821467714496,09:57:01.467,26.3200,100
35821468957459,09:57:01.468,26.3200,100
35825925159519,09:57:05.925,26.3200,100
35825925242260,09:57:05.925,26.3200,100
35825926055037,09:57:05.926,26.3200,100
35825926225003,09:57:05.926,26.3200,100
35825926225003,09:57:05.926,26.3200,100
35825926323142,09:57:05.926,26.3200,100
35826035658387,09:57:06.035,26.3300,200
35827958449645,09:57:07.958,26.3200,100
35827958449645,09:57:07.958,26.3200,100
35827959337102,09:57:07.959,26.3200,100
35827959337102,09:57:07.959,26.3200,200
35827959337102,09:57:07.959,26.3200,100
35827959660644,09:57:07.959,26.3200,100
35827959665164,09:57:07.959,26.3200,100
35827959684243,09:57:07.959,26.3200,100
35827959787165,09:57:07.959,26.3200,100
35827959787165,09:57:07.959,26.3200,100
35828209509582,09:57:08.209,26.3250,200
35828210140249,09:57:08.210,26.3250,100
35830222151413,09:57:10.222,26.3200,100
35830413756521,09:57:10.413,26.3200,100
35830413915441,09:57:10.413,26.3200,100
35830603427121,09:57:10.603,26.3200,100
35830603709722,09:57:10.603,26.3200,100
35830603985739,09:57:10.603,26.3100,200
35830803406349,09:57:10.803,26.3100,100
35832161307998,09:57:12.161,26.3000,2
35832161307998,09:57:12.161,26.3000,89
35832161333121,09:57:12.161,26.3000,111
35832348758448,09:57:12.348,26.2900,100
35833675229420,09:57:13.675,26.2700,100
35849901862081,09:57:29.901,26.2650,300
35853475525531,09:57:33.475,26.2750,200
35872512155427,09:57:52.512,26.2400,200
35872513462396,09:57:52.513,26.2500,100
35873347920683,09:57:53.347,26.2600,200
35873347920683,09:57:53.347,26.2600,200
35873347971501,09:57:53.347,26.2600,100
35873347972948,09:57:53.347,26.2600,100
35873348129095,09:57:53.348,26.2600,400
35873348129095,09:57:53.348,26.2600,300
35873348403951,09:57:53.348,26.2600,100
35873348403951,09:57:53.348,26.2600,100
35873348586485,09:57:53.348,26.2600,200
35873348757409,09:57:53.348,26.2600,100
35882480682146,09:58:02.480,26.2600,400
35882481698276,09:58:02.481,26.2700,200
35885079901731,09:58:05.079,26.2700,200
35888767299640,09:58:08.767,26.2800,100
35893339361893,09:58:13.339,26.2900,100
35893351175337,09:58:13.351,26.3000,200
35893351175337,09:58:13.351,26.3000,100
35897749957609,09:58:17.749,26.3100,20
35897749957609,09:58:17.749,26.3100,180
35897750051240,09:58:17.750,26.3100,20
35897750879892,09:58:17.750,26.3200,98
35897750892520,09:58:17.750,26.3200,2
35901338749646,09:58:21.338,26.3300,200
35902468096823,09:58:22.468,26.3200,200
35902564030779,09:58:22.564,26.3200,10
35902564098854,09:58:22.564,26.3200,90
35904410349459,09:58:24.410,26.3200,100
35904410603921,09:58:24.410,26.3200,100
35904410660311,09:58:24.410,26.3200,100
35914339247876,09:58:34.339,26.3400,100
35914339314505,09:58:34.339,26.3400,100
35914339657498,09:58:34.339,26.3400,25
35915484060713,09:58:35.484,26.3400,75
35915484060713,09:58:35.484,26.3400,25
35915484146322,09:58:35.484,26.3400,75
35919524550205,09:58:39.524,26.3500,100
35937795397969,09:58:57.795,26.3700,100
35937795874514,09:58:57.795,26.3700,100
35937795952914,09:58:57.795,26.3700,100
35968807512654,09:59:28.807,26.3400,100
35968807517243,09:59:28.807,26.3400,100
35968807538705,09:59:28.807,26.3400,100
35968809972301,09:59:28.809,26.3300,200
35979691170547,09:59:39.691,26.3100,100
35979877897086,09:59:39.877,26.3100,100
35979877960534,09:59:39.877,26.3100,100
35980066492145,09:59:40.066,26.3100,100
35980066589580,09:59:40.066,26.3100,100
36002481634394,10:00:02.481,26.2900,100
36002481862529,10:00:02.481,26.2800,100
36029017663275,10:00:29.017,26.2600,200
36029018657211,10:00:29.018,26.2700,200
36029018657211,10:00:29.018,26.2700,50
36029018692422,10:00:29.018,26.2700,50
36029018692422,10:00:29.018,26.2700,50
36029018698130,10:00:29.018,26.2700,50
36029018698130,10:00:29.018,26.2700,50
36029018739689,10:00:29.018,26.2700,50
36029018739689,10:00:29.018,26.2700,2
36029018779304,10:00:29.018,26.2700,98
36029023353878,10:00:29.023,26.2600,100
36029023353878,10:00:29.023,26.2600,10
36029023381149,10:00:29.023,26.2600,100
36029023485165,10:00:29.023,26.2600,100
36035606671120,10:00:35.606,26.2400,200
36035606671120,10:00:35.606,26.2400,100
36035606671120,10:00:35.606,26.2400,100
36035611684974,10:00:35.611,26.2400,100
36040630637954,10:00:40.630,26.2600,100
36040630641534,10:00:40.630,26.2600,100
36040630881898,10:00:40.630,26.2600,100
36051711652326,10:00:51.711,26.2700,200
36051711652326,10:00:51.711,26.2700,200
36051712140476,10:00:51.712,26.2700,100
36051712171486,10:00:51.712,26.2700,100
36051712171486,10:00:51.712,26.2700,100
36051712978872,10:00:51.712,26.2700,43
36051713218616,10:00:51.713,26.2700,57
36051713218616,10:00:51.713,26.2700,100
36051714134024,10:00:51.714,26.2700,100
36051714134024,10:00:51.714,26.2700,100
36051714599344,10:00:51.714,26.2600,200
36054936522311,10:00:54.936,26.2500,100
36054936599248,10:00:54.936,26.2500,100
36054936992977,10:00:54.936,26.2500,400
36054937433113,10:00:54.937,26.2500,100
36054937433113,10:00:54.937,26.2500,100
36054937433113,10:00:54.937,26.2500,100
36056675539559,10:00:56.675,26.2400,100
36056675539559,10:00:56.675,26.2400,100
36056680659059,10:00:56.680,26.2400,100
36056680659059,10:00:56.680,26.2400,100
36086460054060,10:01:26.460,26.2200,100
36091389830717,10:01:31.389,26.2300,100
36091390310687,10:01:31.390,26.2300,100
36091390373926,10:01:31.390,26.2300,100
36091391136369,10:01:31.391,26.2300,100
36091391136369,10:01:31.391,26.2300,100
36106168497455,10:01:46.168,26.2300,200
36106168497455,10:01:46.168,26.2300,200
36106169117560,10:01:46.169,26.2300,100
36106169775546,10:01:46.169,26.2300,100
36106170699088,10:01:46.170,26.2300,100
36113568132627,10:01:53.568,26.2300,100
36113568132627,10:01:53.568,26.2300,200
36113568888433,10:01:53.568,26.2300,100
36113568888433,10:01:53.568,26.2300,100
36113569209713,10:01:53.569,26.2200,200
36113569277034,10:01:53.569,26.2200,200
36119936740220,10:01:59.936,26.2300,10
36119936843681,10:01:59.936,26.2300,90
36119936843681,10:01:59.936,26.2300,100
36120732405689,10:02:00.732,26.2300,100
36120732405689,10:02:00.732,26.2300,78
36129816827544,10:02:09.816,26.2300,100
36129816827544,10:02:09.816,26.2300,75
36129820012766,10:02:09.820,26.2300,100
36129820012766,10:02:09.820,26.2300,100
36129820012766,10:02:09.820,26.2300,100
36129828735665,10:02:09.828,26.2200,100
36129829707504,10:02:09.829,26.2100,100
36129829707504,10:02:09.829,26.2100,200
36129834024469,10:02:09.834,26.2200,200
36133672869259,10:02:13.672,26.2100,400
36133672869259,10:02:13.672,26.2100,100
36142025740316,10:02:22.025,26.2100,100
36142026699991,10:02:22.026,26.2000,200
36142026725358,10:02:22.026,26.2000,100
36142026725358,10:02:22.026,26.2000,200
36142249923798,10:02:22.249,26.2100,100
36142249923798,10:02:22.249,26.2100,100
36143394367264,10:02:23.394,26.2000,200
36143735790852,10:02:23.735,26.2000,100
36144614129241,10:02:24.614,26.2000,100
36145112841392,10:02:25.112,26.2000,100
36145113839293,10:02:25.113,26.2000,100
36145223514147,10:02:25.223,26.2000,100
36146167964428,10:02:26.167,26.2000,100
36146168428084,10:02:26.168,26.2000,100
36146828445873,10:02:26.828,26.2000,100
36147428039667,10:02:27.428,26.1800,200
36147429158348,10:02:27.429,26.1800,100
36147429158348,10:02:27.429,26.1800,100
36147429158348,10:02:27.429,26.1800,100
36151749986327,10:02:31.749,26.1800,200
36151750865841,10:02:31.750,26.1900,110
36151750905056,10:02:31.750,26.1900,90
36151750905056,10:02:31.750,26.1900,10
36151751300716,10:02:31.751,26.1900,132
36151751300716,10:02:31.751,26.1900,100
36151751300716,10:02:31.751,26.1900,68
36191278036454,10:03:11.278,26.1900,200
36191279311041,10:03:11.279,26.1800,100
36204467420425,10:03:24.467,26.1800,100
36206582473687,10:03:26.582,26.1800,100
36206582500188,10:03:26.582,26.1800,300
36206583141763,10:03:26.583,26.1800,100
36210048749288,10:03:30.048,26.1900,100
36210048749288,10:03:30.048,26.1900,100
36210056675826,10:03:30.056,26.2000,100
36210085749882,10:03:30.085,26.1900,100
36210085749882,10:03:30.085,26.1900,300
36210086554392,10:03:30.086,26.1900,100
36212067605369,10:03:32.067,26.1700,8
36212067605369,10:03:32.067,26.1700,92
36212067630732,10:03:32.067,26.1700,108
36212067630732,10:03:32.067,26.1700,100
36226902475709,10:03:46.902,26.1500,9
36269762174751,10:04:29.762,26.1500,100
36287953397714,10:04:47.953,26.1400,200
36287953397714,10:04:47.953,26.1400,77
36287954092997,10:04:47.954,26.1500,59
36287954112708,10:04:47.954,26.1500,141
36287954112708,10:04:47.954,26.1500,39
36287954122898,10:04:47.954,26.1500,61
36308052565650,10:05:08.052,26.1500,100
36319333396945,10:05:19.333,26.1600,100
36319333505465,10:05:19.333,26.1600,100
36319336873920,10:05:19.336,26.1600,100
36319336873920,10:05:19.336,26.1600,100
36319460002680,10:05:19.460,26.1600,100
36319460002680,10:05:19.460,26.1500,30
36319490330131,10:05:19.490,26.1500,100
36319490774553,10:05:19.490,26.1500,100
36319520491933,10:05:19.520,26.1500,10
36319760675622,10:05:19.760,26.1500,100
36321099811040,10:05:21.099,26.1500,100
36321099811040,10:05:21.099,26.1500,100
36322239740603,10:05:22.239,26.1600,100
36322244658360,10:05:22.244,26.1700,200
36322244658360,10:05:22.244,26.1700,100
36322245240084,10:05:22.245,26.1700,100
36322254927810,10:05:22.254,26.1800,100
36322254927810,10:05:22.254,26.1800,200
36344380919985,10:05:44.380,26.2000,100
36344380919985,10:05:44.380,26.2000,200
36344382262417,10:05:44.382,26.1900,100
36344382262417,10:05:44.382,26.1900,100
36350222764210,10:05:50.222,26.2000,100
36350222764210,10:05:50.222,26.2000,200
36353592884973,10:05:53.592,26.2000,10
36353592884973,10:05:53.592,26.2000,90
36357344253623,10:05:57.344,26.2000,200
36357348784168,10:05:57.348,26.2000,100
36377505848434,10:06:17.505,26.2100,77
36377505848434,10:06:17.505,26.2100,200
36383407545555,10:06:23.407,26.2200,100
36383407545555,10:06:23.407,26.2200,100
36383408626490,10:06:23.408,26.2300,100
36389541917361,10:06:29.541,26.2400,100
36396559671977,10:06:36.559,26.2400,10
36396564734161,10:06:36.564,26.2400,100
36403803343363,10:06:43.803,26.2200,400
36403803343363,10:06:43.803,26.2200,100
36403803343363,10:06:43.803,26.2200,100
36403803343363,10:06:43.803,26.2200,100
36403803379412,10:06:43.803,26.2200,100
36403803382674,10:06:43.803,26.2200,100
36403804109601,10:06:43.804,26.2200,100
36403804109601,10:06:43.804,26.2200,100
36434903553793,10:07:14.903,26.2300,100
36434908752722,10:07:14.908,26.2300,400
36434908752722,10:07:14.908,26.2300,100
36434908952627,10:07:14.908,26.2200,200
36434908952627,10:07:14.908,26.2200,100
36445817173102,10:07:25.817,26.2400,200
36445817225197,10:07:25.817,26.2400,93
36469308604662,10:07:49.308,26.2300,86
36469308714526,10:07:49.308,26.2300,100
36469309588540,10:07:49.309,26.2300,100
36470033503543,10:07:50.033,26.2400,100
36470033503543,10:07:50.033,26.2400,200
36470035399136,10:07:50.035,26.2400,100
36470966756396,10:07:50.966,26.2500,200
36470966756396,10:07:50.966,26.2500,200
36470968267861,10:07:50.968,26.2600,100
36470981264864,10:07:50.981,26.2500,200
36474980876653,10:07:54.980,26.2600,100
36481856126406,10:08:01.856,26.2800,100
36481856392471,10:08:01.856,26.2800,100
36491259218267,10:08:11.259,26.3000,100
36491259218267,10:08:11.259,26.3000,76
36512814405368,10:08:32.814,26.3200,200
36522635698431,10:08:42.635,26.3300,100
36534462500586,10:08:54.462,26.3200,100
36534463437891,10:08:54.463,26.3200,100
36534463437891,10:08:54.463,26.3200,100
36537978361123,10:08:57.978,26.3100,100
36537978738406,10:08:57.978,26.3100,100
36538009463330,10:08:58.009,26.3200,100
36538009957328,10:08:58.009,26.3200,100
36539550517582,10:08:59.550,26.3200,100
36539667329235,10:08:59.667,26.3300,300
36539667936847,10:08:59.667,26.3300,100
36545630894850,10:09:05.630,26.3300,100
36552646467750,10:09:12.646,26.3300,100
36552646950437,10:09:12.646,26.3300,100
36552646950437,10:09:12.646,26.3300,100
36557014422860,10:09:17.014,26.3200,100
36557014422860,10:09:17.014,26.3200,310
36557014422860,10:09:17.014,26.3200,10
36557014439968,10:09:17.014,26.3200,100
36557014444099,10:09:17.014,26.3200,100
36557014468688,10:09:17.014,26.3200,200
36557015119081,10:09:17.015,26.3100,100
36557015119081,10:09:17.015,26.3100,100
36557018992351,10:09:17.018,26.3000,200
36558018991960,10:09:18.018,26.3100,100
36558018991960,10:09:18.018,26.3100,100
36563287922537,10:09:23.287,26.3100,100
36563318920095,10:09:23.318,26.3100,200
36563318920095,10:09:23.318,26.3100,200
36563319009343,10:09:23.319,26.3100,100
36563364296395,10:09:23.364,26.3100,100
36564491375059,10:09:24.491,26.3100,200
36564492141485,10:09:24.492,26.3150,100
36564492969720,10:09:24.492,26.3100,200
36566025103352,10:09:26.025,26.3200,100
36566025791216,10:09:26.025,26.3200,100
36569141468890,10:09:29.141,26.3100,100
36569315088335,10:09:29.315,26.3000,100
36573404045267,10:09:33.404,26.3000,200
36573404211090,10:09:33.404,26.3000,100
36573541114134,10:09:33.541,26.3000,100
36582917874173,10:09:42.917,26.2900,100
36582918080681,10:09:42.918,26.2900,100
36583489733589,10:09:43.489,26.2800,200
36589737726025,10:09:49.737,26.2900,100
36601276369218,10:10:01.276,26.2950,100
36601277217193,10:10:01.277,26.2950,100
36601827252327,10:10:01.827,26.2900,100
36601875248423,10:10:01.875,26.2900,100
36610944496097,10:10:10.944,26.2900,100
36610945389039,10:10:10.945,26.2800,100
36610945389039,10:10:10.945,26.2800,60
36610945439079,10:10:10.945,26.2800,40
36610945439079,10:10:10.945,26.2800,60
36610945443684,10:10:10.945,26.2800,100
36610945445248,10:10:10.945,26.2800,40
36610946408117,10:10:10.946,26.2800,100
36623517066875,10:10:23.517,26.2700,100
36644682145825,10:10:44.682,26.2800,41
36653068338555,10:10:53.068,26.2800,76
36653068338555,10:10:53.068,26.2800,100
36653068338555,10:10:53.068,26.2800,100
36653267686743,10:10:53.267,26.2850,100
36653268615866,10:10:53.268,26.2800,100
36655771227349,10:10:55.771,26.2800,100
36655772161565,10:10:55.772,26.2800,100
36655772161565,10:10:55.772,26.2800,100
36655772201039,10:10:55.772,26.2800,20
36656362097564,10:10:56.362,26.2800,100
36659278725119,10:10:59.278,26.2800,100
36667989611005,10:11:07.989,26.2800,100
36686926111770,10:11:26.926,26.2800,100
36688733924667,10:11:28.733,26.2700,100
36688733924667,10:11:28.733,26.2700,10
36693310114201,10:11:33.310,26.2600,100
36693823609777,10:11:33.823,26.2600,100
36702264354077,10:11:42.264,26.2300,100
36703158814796,10:11:43.158,26.2200,100
36703158814796,10:11:43.158,26.2200,200
36704098316503,10:11:44.098,26.2400,100
36704098316503,10:11:44.098,26.2400,100
36709745982753,10:11:49.745,26.2500,200
36709746784805,10:11:49.746,26.2600,200
36711520722512,10:11:51.520,26.2700,200
36714477372148,10:11:54.477,26.2650,100
36714478932575,10:11:54.478,26.2600,200
36715022629558,10:11:55.022,26.2600,100
36715022629558,10:11:55.022,26.2600,200
36715022711231,10:11:55.022,26.2600,100
36728542149985,10:12:08.542,26.2600,10
36728552681958,10:12:08.552,26.2600,100
36731239987252,10:12:11.239,26.2700,100
36731240066005,10:12:11.240,26.2700,100
36731244720500,10:12:11.244,26.2800,100
36731244720500,10:12:11.244,26.2800,200
36731244720500,10:12:11.244,26.2800,100
36731256557504,10:12:11.256,26.2800,100
36731256890351,10:12:11.256,26.2800,20
36731256890351,10:12:11.256,26.2800,100
36733788991526,10:12:13.788,26.2700,100
36742290996538,10:12:22.290,26.2700,100
36742860427355,10:12:22.860,26.2700,100
36750765452814,10:12:30.765,26.2700,400
36750765452814,10:12:30.765,26.2700,100
36750765542331,10:12:30.765,26.2700,100
36759561247259,10:12:39.561,26.2600,100
36759561518567,10:12:39.561,26.2600,100
36759561607714,10:12:39.561,26.2600,100
36775233096003,10:12:55.233,26.2600,100
36778268794449,10:12:58.268,26.2500,100
36778268794449,10:12:58.268,26.2500,100
36780644127080,10:13:00.644,26.2400,100
36790854897703,10:13:10.854,26.2300,100
36790957758619,10:13:10.957,26.2300,10
36794866065321,10:13:14.866,26.2300,100
36794866065321,10:13:14.866,26.2300,112
36794866065321,10:13:14.866,26.2300,100
36794866146240,10:13:14.866,26.2300,100
36794866552084,10:13:14.866,26.2400,100
36794866558708,10:13:14.866,26.2400,100
36794867086882,10:13:14.867,26.2400,100
36799686190482,10:13:19.686,26.2500,100
36799686190482,10:13:19.686,26.2500,200
36799686190482,10:13:19.686,26.2500,75
36799686202418,10:13:19.686,26.2500,100
36822387806644,10:13:42.387,26.2400,100
36840042249126,10:14:00.042,26.2500,10
36860852982125,10:14:20.852,26.2400,129
36860853654090,10:14:20.853,26.2400,100
36860853654090,10:14:20.853,26.2400,100
36860854908288,10:14:20.854,26.2500,200
36860854908288,10:14:20.854,26.2500,100
36860859280790,10:14:20.859,26.2400,200
36860859280790,10:14:20.859,26.2400,100
36860859280790,10:14:20.859,26.2400,100
36861498691982,10:14:21.498,26.2400,100
36880679022154,10:14:40.679,26.2500,100
36880679022154,10:14:40.679,26.2500,100
36880679022154,10:14:40.679,26.2500,100
36880679022154,10:14:40.679,26.2500,100
36880679122613,10:14:40.679,26.2500,100
36886037953451,10:14:46.037,26.2600,76
36891307399362,10:14:51.307,26.2600,100
36891307909870,10:14:51.307,26.2600,100
36892751113261,10:14:52.751,26.2700,100
36892751113261,10:14:52.751,26.2700,100
36892791727214,10:14:52.791,26.2700,10
36892967342388,10:14:52.967,26.2700,90
36892967342388,10:14:52.967,26.2700,10
36892967397358,10:14:52.967,26.2700,90
36893021634036,10:14:53.021,26.2700,100
36893784161685,10:14:53.784,26.2800,100
36906687390614,10:15:06.687,26.2700,100
36906719960854,10:15:06.719,26.2700,10
36909698253992,10:15:09.698,26.2700,90
36910091653711,10:15:10.091,26.2800,100
36910091653711,10:15:10.091,26.2800,100
36914858286098,10:15:14.858,26.3000,100
36914858360587,10:15:14.858,26.3100,36
36914858388993,10:15:14.858,26.3000,100
36924577617920,10:15:24.577,26.3200,100
36924688085720,10:15:24.688,26.3200,100
36927598995443,10:15:27.598,26.3100,100
36927692414093,10:15:27.692,26.3100,100
36929916731002,10:15:29.916,26.3000,38
36929916862045,10:15:29.916,26.3000,100
36929923037907,10:15:29.923,26.3000,100
36929923037907,10:15:29.923,26.3000,100
36933695126223,10:15:33.695,26.2900,72
36933695162155,10:15:33.695,26.2900,28
36933695162155,10:15:33.695,26.2900,100
36933695458670,10:15:33.695,26.2900,100
36933695462129,10:15:33.695,26.2900,100
36935418965710,10:15:35.418,26.2900,100
36935418965710,10:15:35.418,26.2900,100
36939003371239,10:15:39.003,26.3000,100
36939003371239,10:15:39.003,26.3000,200
36939003371239,10:15:39.003,26.3000,200
36939003371239,10:15:39.003,26.3000,200
36939003372755,10:15:39.003,26.3000,351
36939004089164,10:15:39.004,26.3100,400
36945313888795,10:15:45.313,26.3150,100
36945313931110,10:15:45.313,26.3150,100
36945313931110,10:15:45.313,26.3200,200
36945314586911,10:15:45.314,26.3200,100
36959688528397,10:15:59.688,26.3300,4
36959688528397,10:15:59.688,26.3300,100
36961222678218,10:16:01.222,26.3300,100
36970037676397,10:16:10.037,26.3200,100
36970037680177,10:16:10.037,26.3200,300
36970037680177,10:16:10.037,26.3200,74
36970037742414,10:16:10.037,26.3200,26
36970140110144,10:16:10.140,26.3200,100
36990782954061,10:16:30.782,26.2800,200
36990782954061,10:16:30.782,26.2700,100
36990782954061,10:16:30.782,26.2600,200
36990782954061,10:16:30.782,26.2500,100
36990782954061,10:16:30.782,26.2500,300
36990796029371,10:16:30.796,26.2500,400
36990796029371,10:16:30.796,26.2500,200
36990816187039,10:16:30.816,26.2500,100
36991285248856,10:16:31.285,26.2500,100
36991285248856,10:16:31.285,26.2500,100
36992549015297,10:16:32.549,26.2500,100
36992549015297,10:16:32.549,26.2500,100
36992549015297,10:16:32.549,26.2500,200
36992549106094,10:16:32.549,26.2500,300
36992562602198,10:16:32.562,26.2500,400
36992562602198,10:16:32.562,26.2500,100
36992562602198,10:16:32.562,26.2500,200
36994243804486,10:16:34.243,26.2500,100
36994243804486,10:16:34.243,26.2500,100
36994243804486,10:16:34.243,26.2500,200
36994243804486,10:16:34.243,26.2500,800
36994245988845,10:16:34.245,26.2500,600
36995196178902,10:16:35.196,26.2500,100
36995196178902,10:16:35.196,26.2500,100
37005077392165,10:16:45.077,26.2500,100
37005844964687,10:16:45.844,26.2500,100
37009027374183,10:16:49.027,26.2500,200
37009027374183,10:16:49.027,26.2500,100
37014844284451,10:16:54.844,26.2400,100
37014844284451,10:16:54.844,26.2400,100
37014844284451,10:16:54.844,26.2400,100
37014844393952,10:16:54.844,26.2400,69
37014844419552,10:16:54.844,26.2400,31
37014846861788,10:16:54.846,26.2300,100
37020754263422,10:17:00.754,26.2300,3
37020754288895,10:17:00.754,26.2300,7
37030867888534,10:17:10.867,26.2200,200
37030867888534,10:17:10.867,26.2200,200
37030867888534,10:17:10.867,26.2200,100
37065020409972,10:17:45.020,26.2200,100
37065020409972,10:17:45.020,26.2200,200
37071875812199,10:17:51.875,26.2200,100
37073625652110,10:17:53.625,26.2200,100
37083375384666,10:18:03.375,26.2100,6
37086898711205,10:18:06.898,26.2100,94
37086898711205,10:18:06.898,26.2100,6
37086898720592,10:18:06.898,26.2100,94
37086898720592,10:18:06.898,26.2100,206
37086898738632,10:18:06.898,26.2100,94
37089810946341,10:18:09.810,26.2000,100
37091787725951,10:18:11.787,26.1900,100
37091872470713,10:18:11.872,26.1800,100
37091872470713,10:18:11.872,26.1800,100
37091872470713,10:18:11.872,26.1800,100
37109733277679,10:18:29.733,26.1300,100
37126350210527,10:18:46.350,26.1400,200
37126350528015,10:18:46.350,26.1400,100
37135362461741,10:18:55.362,26.1500,200
37135362461741,10:18:55.362,26.1500,200
37135362461741,10:18:55.362,26.1500,100
37135362461741,10:18:55.362,26.1500,100
37135362461741,10:18:55.362,26.1500,100
37135362461741,10:18:55.362,26.1500,100
37135363425407,10:18:55.363,26.1600,200
37142109222354,10:19:02.109,26.1500,100
37142109754321,10:19:02.109,26.1500,63
37142109789573,10:19:02.109,26.1500,37
37156722886358,10:19:16.722,26.1400,100
37197445981108,10:19:57.445,26.1300,138
37197445981108,10:19:57.445,26.1300,100
37197445981108,10:19:57.445,26.1300,62
37197446286265,10:19:57.446,26.1400,100
37197446311636,10:19:57.446,26.1400,200
37197446425140,10:19:57.446,26.1300,100
37197446753994,10:19:57.446,26.1300,80
37197456465353,10:19:57.456,26.1300,20
37197456465353,10:19:57.456,26.1300,44
37197456465353,10:19:57.456,26.1300,45
37197456465353,10:19:57.456,26.1300,52
37197456465353,10:19:57.456,26.1300,100
37197456465353,10:19:57.456,26.1300,100
37197456465353,10:19:57.456,26.1300,39
37199213037672,10:19:59.213,26.1400,400
37199213037672,10:19:59.213,26.1400,100
37199213037672,10:19:59.213,26.1400,200
37199213037672,10:19:59.213,26.1400,75
37199213344934,10:19:59.213,26.1400,100
37200002703056,10:20:00.002,26.1400,100
37201990302324,10:20:01.990,26.1400,100
37214065575605,10:20:14.065,26.1300,100
37214066391068,10:20:14.066,26.1300,100
37214073191174,10:20:14.073,26.1200,200
37214073191174,10:20:14.073,26.1200,100
37214073191174,10:20:14.073,26.1200,100
37214073315728,10:20:14.073,26.1200,100
37214073402856,10:20:14.073,26.1200,100
37214110271914,10:20:14.110,26.1300,100
37214159394363,10:20:14.159,26.1300,5
37239832442583,10:20:39.832,26.1300,200
37239832442583,10:20:39.832,26.1300,100
37239839349166,10:20:39.839,26.1300,100
37239839349166,10:20:39.839,26.1300,26
37239839349166,10:20:39.839,26.1300,200
37239839349166,10:20:39.839,26.1200,100
37239839349166,10:20:39.839,26.1200,100
37239839349166,10:20:39.839,26.1200,74
37239839682200,10:20:39.839,26.1200,100
37239839682200,10:20:39.839,26.1200,60
37241980180043,10:20:41.980,26.1300,74
37241980180043,10:20:41.980,26.1300,100
37241980180043,10:20:41.980,26.1300,30
37241980180043,10:20:41.980,26.1300,300
37241980244102,10:20:41.980,26.1300,200
37244353931899,10:20:44.353,26.1300,90
37245026034459,10:20:45.026,26.1400,200
37245026034459,10:20:45.026,26.1400,100
37245026034459,10:20:45.026,26.1400,74
37245027050012,10:20:45.027,26.1500,100
37245027050012,10:20:45.027,26.1500,30
37245027075129,10:20:45.027,26.1500,170
37245407559192,10:20:45.407,26.1400,100
37246295383407,10:20:46.295,26.1400,100
37269105635011,10:21:09.105,26.1500,400
37269105635011,10:21:09.105,26.1500,142
37269105635011,10:21:09.105,26.1500,58
37277856529591,10:21:17.856,26.1400,100
37287669988568,10:21:27.669,26.1400,100
37289482308662,10:21:29.482,26.1500,100
37289482308662,10:21:29.482,26.1500,100
37289482332143,10:21:29.482,26.1500,200
37294847989974,10:21:34.847,26.1500,100
37294847989974,10:21:34.847,26.1500,100
37294847989974,10:21:34.847,26.1500,22
37294848016274,10:21:34.848,26.1500,78
37296566178456,10:21:36.566,26.1600,100
37296566180956,10:21:36.566,26.1600,100
37296566214277,10:21:36.566,26.1600,89
37296566229665,10:21:36.566,26.1600,11
37296566229665,10:21:36.566,26.1600,100
37296566258888,10:21:36.566,26.1600,200
37296569942776,10:21:36.569,26.1600,100
37296569966436,10:21:36.569,26.1600,62
37296570642768,10:21:36.570,26.1600,100
37296570642768,10:21:36.570,26.1600,300
37296570642768,10:21:36.570,26.1600,100
37296654212948,10:21:36.654,26.1700,200
37296654212948,10:21:36.654,26.1700,200
37296654212948,10:21:36.654,26.1700,100
37308965808385,10:21:48.965,26.1600,100
37308965926145,10:21:48.965,26.1600,100
37308965961348,10:21:48.965,26.1600,45
37308976610003,10:21:48.976,26.1500,200
37308976610003,10:21:48.976,26.1500,100
37308976610003,10:21:48.976,26.1500,100
37338340070457,10:22:18.340,26.1300,100
37338340081977,10:22:18.340,26.1300,100
37339909722623,10:22:19.909,26.1200,100
37339910004291,10:22:19.910,26.1200,100
37339910067135,10:22:19.910,26.1200,100
37342902185340,10:22:22.902,26.1200,50
37342902185340,10:22:22.902,26.1200,200
37346970220829,10:22:26.970,26.1200,100
37348054549056,10:22:28.054,26.1300,72
37348054549056,10:22:28.054,26.1300,100
37348054549056,10:22:28.054,26.1300,100
37348054628132,10:22:28.054,26.1300,200
37348054648216,10:22:28.054,26.1300,100
37348054652320,10:22:28.054,26.1300,100
37352783407482,10:22:32.783,26.1400,100
37352783472645,10:22:32.783,26.1400,100
37356312891413,10:22:36.312,26.1500,100
37356324213664,10:22:36.324,26.1400,100
37356324213664,10:22:36.324,26.1400,100
37356324213664,10:22:36.324,26.1400,200
37356324831828,10:22:36.324,26.1400,400
37356324971135,10:22:36.324,26.1400,100
37356324971135,10:22:36.324,26.1400,100
37356324971135,10:22:36.324,26.1400,250
37356931053534,10:22:36.931,26.1500,100
37369972846393,10:22:49.972,26.1500,100
37369972846393,10:22:49.972,26.1500,100
37373881480836,10:22:53.881,26.1400,100
37373881480836,10:22:53.881,26.1400,200
37373881480836,10:22:53.881,26.1400,100
37373881589143,10:22:53.881,26.1400,100
37373881593279,10:22:53.881,26.1400,100
37373882076876,10:22:53.882,26.1400,42
37373882235006,10:22:53.882,26.1400,100
37374632093456,10:22:54.632,26.1500,100
37404111840888,10:23:24.111,26.1500,100
37404111840888,10:23:24.111,26.1500,100
37404111840888,10:23:24.111,26.1500,200
37404111840888,10:23:24.111,26.1500,200
37404111968797,10:23:24.111,26.1500,100
37404114325370,10:23:24.114,26.1600,100
37409953191709,10:23:29.953,26.1700,200
37409953191709,10:23:29.953,26.1700,100
37409953191709,10:23:29.953,26.1700,100
37410106604130,10:23:30.106,26.1800,100
37410106917520,10:23:30.106,26.1800,100
37410106917520,10:23:30.106,26.1800,100
37410106950681,10:23:30.106,26.1800,200
37414194305510,10:23:34.194,26.1800,100
37414194305510,10:23:34.194,26.1800,141
37414194305510,10:23:34.194,26.1800,100
37415479604724,10:23:35.479,26.1800,100
37419021398955,10:23:39.021,26.1900,100
37419022292729,10:23:39.022,26.1900,200
37419942559334,10:23:39.942,26.2000,100
37425791622116,10:23:45.791,26.2000,100
37445788899496,10:24:05.788,26.1900,400
37445788899496,10:24:05.788,26.1900,100
37445788924766,10:24:05.788,26.1900,2
37469026878640,10:24:29.026,26.1800,100
37469038695468,10:24:29.038,26.1800,400
37469038695468,10:24:29.038,26.1800,100
37469040505248,10:24:29.040,26.1800,100
37469177881261,10:24:29.177,26.1800,100
37469177881261,10:24:29.177,26.1800,74
37469810666694,10:24:29.810,26.1900,200
37469810666694,10:24:29.810,26.1900,200
37469810666694,10:24:29.810,26.1900,200
37470043919402,10:24:30.043,26.1900,100
37478425152999,10:24:38.425,26.1900,100
37484682850498,10:24:44.682,26.2000,200
37484682850498,10:24:44.682,26.2000,200
37484682852345,10:24:44.682,26.2000,200
37484682852345,10:24:44.682,26.2000,100
37488641387901,10:24:48.641,26.2100,100
37495045633763,10:24:55.045,26.2300,24
37497298537422,10:24:57.298,26.2350,100
37497299003484,10:24:57.299,26.2300,100
37513032035411,10:25:13.032,26.2500,100
37513032059624,10:25:13.032,26.2500,100
37513032060274,10:25:13.032,26.2500,100
37515338999184,10:25:15.338,26.2500,200
37515339065351,10:25:15.339,26.2500,100
37515339065351,10:25:15.339,26.2500,100
37515339087009,10:25:15.339,26.2500,100
37515340729935,10:25:15.340,26.2500,100
37515392846126,10:25:15.392,26.2500,100
37515394291612,10:25:15.394,26.2500,100
37519948506530,10:25:19.948,26.2500,100
37524571925695,10:25:24.571,26.2600,100
37530465084633,10:25:30.465,26.2500,100
37549508164195,10:25:49.508,26.2600,100
37549508164195,10:25:49.508,26.2600,200
37549510097777,10:25:49.510,26.2700,200
37549510097777,10:25:49.510,26.2700,100
37549510097777,10:25:49.510,26.2700,100
37549510097777,10:25:49.510,26.2700,200
37551526982970,10:25:51.526,26.2650,100
37592531591434,10:26:32.531,26.2600,100
37592531591434,10:26:32.531,26.2600,10
37592531591434,10:26:32.531,26.2600,100
37592531591434,10:26:32.531,26.2600,90
37592531705283,10:26:32.531,26.2600,10
37592533078492,10:26:32.533,26.2500,200
37592533078492,10:26:32.533,26.2500,100
37592533078492,10:26:32.533,26.2500,100
37592533135940,10:26:32.533,26.2500,100
37592534801562,10:26:32.534,26.2500,100
37593543464729,10:26:33.543,26.2600,100
37602387374008,10:26:42.387,26.2700,100
37602387374008,10:26:42.387,26.2700,73
37602387374008,10:26:42.387,26.2700,27
37608271115112,10:26:48.271,26.2700,81
37608271217600,10:26:48.271,26.2700,19
37618000357623,10:26:58.000,26.2600,100
37648906944986,10:27:28.906,26.2600,100
37648907242895,10:27:28.907,26.2600,10
37654230153434,10:27:34.230,26.2700,200
37654230153434,10:27:34.230,26.2700,100
37654230153434,10:27:34.230,26.2700,200
37654230242100,10:27:34.230,26.2700,100
37654230257619,10:27:34.230,26.2700,100
37654266026388,10:27:34.266,26.2700,100
37657231127140,10:27:37.231,26.2700,200
37657231127140,10:27:37.231,26.2700,51
37657231127140,10:27:37.231,26.2700,100
37657231273645,10:27:37.231,26.2700,100
37665230591607,10:27:45.230,26.2800,100
37671088304686,10:27:51.088,26.2900,100
37671088306132,10:27:51.088,26.2900,100
37681068628437,10:28:01.068,26.3000,183
37681068646987,10:28:01.068,26.3000,17
37681068646987,10:28:01.068,26.3000,100
37681069266032,10:28:01.069,26.3100,10
37681069293723,10:28:01.069,26.3100,82
37681069347507,10:28:01.069,26.3100,108
37681069347507,10:28:01.069,26.3100,75
37681069366957,10:28:01.069,26.3100,25
37681069964094,10:28:01.069,26.3100,300
37682105009882,10:28:02.105,26.3100,100
37682923020657,10:28:02.923,26.3100,200
37690326722860,10:28:10.326,26.3100,100
37709192776039,10:28:29.192,26.3200,76
37709192776039,10:28:29.192,26.3200,100
37709192776039,10:28:29.192,26.3200,100
37722476278008,10:28:42.476,26.3300,100
37724940153952,10:28:44.940,26.3400,9
37724940153952,10:28:44.940,26.3400,100
37741427784348,10:29:01.427,26.3600,100
37741427784348,10:29:01.427,26.3600,100
37741429469610,10:29:01.429,26.3600,100
37741429469610,10:29:01.429,26.3600,100
37741429469610,10:29:01.429,26.3600,150
37741429469610,10:29:01.429,26.3600,50
37754949809303,10:29:14.949,26.3500,90
37754950195610,10:29:14.950,26.3500,10
37754954886286,10:29:14.954,26.3400,200
37754954897469,10:29:14.954,26.3400,100
37754955733131,10:29:14.955,26.3400,100
37754955733131,10:29:14.955,26.3400,100
37754964894067,10:29:14.964,26.3500,10
37806885781814,10:30:06.885,26.3400,100
37806885810812,10:30:06.885,26.3400,100
37810826436484,10:30:10.826,26.3350,100
37810826436484,10:30:10.826,26.3300,100
37810826462740,10:30:10.826,26.3300,200
37810826946582,10:30:10.826,26.3300,100
37812375988048,10:30:12.375,26.3300,200
37812375988048,10:30:12.375,26.3300,100
37814180108038,10:30:14.180,26.3300,184
37814180108038,10:30:14.180,26.3300,100
37814180108038,10:30:14.180,26.3300,100
37867291690340,10:31:07.291,26.3400,200
37867291690340,10:31:07.291,26.3400,100
37867291690340,10:31:07.291,26.3400,75
37867291690340,10:31:07.291,26.3400,100
37867291690340,10:31:07.291,26.3400,125
37867291718582,10:31:07.291,26.3400,75
37867293239564,10:31:07.293,26.3500,200
37867293555276,10:31:07.293,26.3500,100
37869120374167,10:31:09.120,26.3600,100
37869120576929,10:31:09.120,26.3600,200
37869120576929,10:31:09.120,26.3600,100
37869122592716,10:31:09.122,26.3700,100
37875404935235,10:31:15.404,26.3600,100
37875404935235,10:31:15.404,26.3600,200
37875499925146,10:31:15.499,26.3700,100
37877419133688,10:31:17.419,26.3700,200
37884215272669,10:31:24.215,26.3900,100
37884215272669,10:31:24.215,26.3900,173
37884215272669,10:31:24.215,26.3900,100
37891893349322,10:31:31.893,26.4000,100
37891893349322,10:31:31.893,26.4000,100
37891893349322,10:31:31.893,26.3900,100
37891893663008,10:31:31.893,26.3900,100
37891895509087,10:31:31.895,26.3900,100
37891897109057,10:31:31.897,26.4000,100
37891897109057,10:31:31.897,26.4000,300
37897699168563,10:31:37.699,26.4100,9
37897699168563,10:31:37.699,26.4100,91
37897699291769,10:31:37.699,26.4100,9
37897869803703,10:31:37.869,26.4000,200
37897869803703,10:31:37.869,26.4000,100
37897959308918,10:31:37.959,26.4100,100
37904023402193,10:31:44.023,26.4200,100
37904023402193,10:31:44.023,26.4200,100
37906077682784,10:31:46.077,26.4400,151
37906077682784,10:31:46.077,26.4400,100
37907917978418,10:31:47.917,26.4400,100
37923392520596,10:32:03.392,26.4300,100
37923711987498,10:32:03.711,26.4300,10
37931281182368,10:32:11.281,26.4400,152
37945088590963,10:32:25.088,26.4500,100
37945088590963,10:32:25.088,26.4500,100
37945088590963,10:32:25.088,26.4500,194
37948408178939,10:32:28.408,26.4500,200
37948408178939,10:32:28.408,26.4500,100
37948414592993,10:32:28.414,26.4500,100
37948414969090,10:32:28.414,26.4500,25
37948710865170,10:32:28.710,26.4500,100
37959400154778,10:32:39.400,26.4600,100
37959400154778,10:32:39.400,26.4600,77
37959400154778,10:32:39.400,26.4700,200
37959400154778,10:32:39.400,26.4700,23
37959402126241,10:32:39.402,26.4700,77
37964693977928,10:32:44.693,26.4600,90
37965698914794,10:32:45.698,26.4600,10
38020078785370,10:33:40.078,26.4700,200
38020078785370,10:33:40.078,26.4700,200
38020078785370,10:33:40.078,26.4700,100
38020078785370,10:33:40.078,26.4700,200
38021863669772,10:33:41.863,26.4700,100
38021863669772,10:33:41.863,26.4700,27
38026975975141,10:33:46.975,26.4600,100
38026975976373,10:33:46.975,26.4600,100
38028525502678,10:33:48.525,26.4500,100
38028555888356,10:33:48.555,26.4500,100
38048342941972,10:34:08.342,26.4500,10
38048342941972,10:34:08.342,26.4500,100
38051340022682,10:34:11.340,26.4400,90
38051340046873,10:34:11.340,26.4400,10
38051344303162,10:34:11.344,26.4400,100
38069636085834,10:34:29.636,26.4300,100
38069636113923,10:34:29.636,26.4300,100
38069636113923,10:34:29.636,26.4300,100
38069643894133,10:34:29.643,26.4300,200
38069643894133,10:34:29.643,26.4300,156
38069916136551,10:34:29.916,26.4300,100
38069916510917,10:34:29.916,26.4300,15
38070267361727,10:34:30.267,26.4300,185
38073343338831,10:34:33.343,26.4300,100
38073343338831,10:34:33.343,26.4300,200
38073343394499,10:34:33.343,26.4300,100
38073343434825,10:34:33.343,26.4300,100
38073360316770,10:34:33.360,26.4300,100
38074206374125,10:34:34.206,26.4300,100
38076343705523,10:34:36.343,26.4300,100
38076344664646,10:34:36.344,26.4300,100
38079888821011,10:34:39.888,26.4400,100
38079888821011,10:34:39.888,26.4400,200
38079888821011,10:34:39.888,26.4400,76
38079888821011,10:34:39.888,26.4400,100
38079893709862,10:34:39.893,26.4500,200
38079893709862,10:34:39.893,26.4500,200
38079893709862,10:34:39.893,26.4500,100
38079894749398,10:34:39.894,26.4600,200
38103291883909,10:35:03.291,26.4700,200
38103291883909,10:35:03.291,26.4700,100
38103291883909,10:35:03.291,26.4700,52
38103291883909,10:35:03.291,26.4700,100
38128880846853,10:35:28.880,26.4700,100
38128880846853,10:35:28.880,26.4700,20
38138434661807,10:35:38.434,26.4600,100
38138437784820,10:35:38.437,26.4600,100
38138437784820,10:35:38.437,26.4600,100
38138437784820,10:35:38.437,26.4600,100
38144446466794,10:35:44.446,26.4700,200
38144446466794,10:35:44.446,26.4700,129
38146222895413,10:35:46.222,26.4700,100
38146748876036,10:35:46.748,26.4700,16
38146748898837,10:35:46.748,26.4700,84
38156022802116,10:35:56.022,26.4600,28
38156022893391,10:35:56.022,26.4600,72
38158026858246,10:35:58.026,26.4500,100
38158028538466,10:35:58.028,26.4500,100
38158028538466,10:35:58.028,26.4500,100
38164761236612,10:36:04.761,26.4400,100
38164792007514,10:36:04.792,26.4400,100
38172676347960,10:36:12.676,26.4300,100
38182499256992,10:36:22.499,26.4200,100
38182499327603,10:36:22.499,26.4200,163
38182499327603,10:36:22.499,26.4200,100
38182499354609,10:36:22.499,26.4200,100
38182501582307,10:36:22.501,26.4300,200
38182501582307,10:36:22.501,26.4300,200
38182501582307,10:36:22.501,26.4300,100
38182502049011,10:36:22.502,26.4300,100
38182502049011,10:36:22.502,26.4300,100
38182552940108,10:36:22.552,26.4300,100
38188627127226,10:36:28.627,26.4200,100
38188627127226,10:36:28.627,26.4200,200
38188631795423,10:36:28.631,26.4200,100
38188636713407,10:36:28.636,26.4200,100
38188636713407,10:36:28.636,26.4200,100
38196587818675,10:36:36.587,26.4200,50
38196587818675,10:36:36.587,26.4200,50
38196588198850,10:36:36.588,26.4200,50
38212833706339,10:36:52.833,26.4200,100
38212833706339,10:36:52.833,26.4200,100
38212833706339,10:36:52.833,26.4200,100
38212833706339,10:36:52.833,26.4200,200
38212833839423,10:36:52.833,26.4200,100
38212834534809,10:36:52.834,26.4200,100
38238958077496,10:37:18.958,26.4100,100
38239003269990,10:37:19.003,26.4100,100
38239003320765,10:37:19.003,26.4100,70
38240370339154,10:37:20.370,26.4100,100
38247046436957,10:37:27.046,26.4000,70
38247046461636,10:37:27.046,26.4000,30
38247047438786,10:37:27.047,26.4000,100
38247047438786,10:37:27.047,26.4000,100
38248255046945,10:37:28.255,26.4000,400
38248255046945,10:37:28.255,26.4000,100
38255172816038,10:37:35.172,26.4000,100
38267302840977,10:37:47.302,26.4000,100
38267302840977,10:37:47.302,26.4000,100
38271123260285,10:37:51.123,26.4000,36
38281321481742,10:38:01.321,26.4000,100
38281321481742,10:38:01.321,26.4000,200
38281323304107,10:38:01.323,26.4000,100
38281323304107,10:38:01.323,26.4000,100
38282591724426,10:38:02.591,26.4000,100
38291929433142,10:38:11.929,26.4050,400
38291929433142,10:38:11.929,26.4100,55
38291929722588,10:38:11.929,26.4100,145
38291929722588,10:38:11.929,26.4100,100
38291929722588,10:38:11.929,26.4100,11
38291929723811,10:38:11.929,26.4100,100
38291929726346,10:38:11.929,26.4100,44
38291933119376,10:38:11.933,26.4200,200
38291933119376,10:38:11.933,26.4200,100
38291933119376,10:38:11.933,26.4200,77
38293286487247,10:38:13.286,26.4300,100
38293286487247,10:38:13.286,26.4300,200
38310039591908,10:38:30.039,26.4300,100
38310039591908,10:38:30.039,26.4300,100
38311209240681,10:38:31.209,26.4250,1
38328975039531,10:38:48.975,26.4300,100
38328975039531,10:38:48.975,26.4300,100
38328975039531,10:38:48.975,26.4300,100
38328975039531,10:38:48.975,26.4300,100
38329359498936,10:38:49.359,26.4350,100
38330020278464,10:38:50.020,26.4400,100
38330020278464,10:38:50.020,26.4400,200
38330462998013,10:38:50.462,26.4450,100
38331027204025,10:38:51.027,26.4500,95
38342140014443,10:39:02.140,26.4550,116
38342144768103,10:39:02.144,26.4550,100
38353016793084,10:39:13.016,26.4500,100
38353016793084,10:39:13.016,26.4500,100
38353016793084,10:39:13.016,26.4500,100
38353027349831,10:39:13.027,26.4400,52
38353027351793,10:39:13.027,26.4400,100
38353027356345,10:39:13.027,26.4400,100
38353027374765,10:39:13.027,26.4400,148
38353027374765,10:39:13.027,26.4400,100
38356685343142,10:39:16.685,26.4300,100
38356697438290,10:39:16.697,26.4300,100
38356697916967,10:39:16.697,26.4300,100
38356697916967,10:39:16.697,26.4300,100
38356697916967,10:39:16.697,26.4300,100
38356697916967,10:39:16.697,26.4300,100
38357138524535,10:39:17.138,26.4300,100
38357138852001,10:39:17.138,26.4300,100
38357138852001,10:39:17.138,26.4300,100
38357138852001,10:39:17.138,26.4300,100
38357138852001,10:39:17.138,26.4300,100
38361342696994,10:39:21.342,26.4200,100
38362843826256,10:39:22.843,26.4100,100
38362843826256,10:39:22.843,26.4100,1
38362843852643,10:39:22.843,26.4100,99
38363476249519,10:39:23.476,26.4000,200
38363476249519,10:39:23.476,26.4000,100
38363478550044,10:39:23.478,26.4000,100
38363478550044,10:39:23.478,26.4000,100
38363478550044,10:39:23.478,26.4000,200
38363500885216,10:39:23.500,26.4100,100
38363583153549,10:39:23.583,26.4200,100
38363583153549,10:39:23.583,26.4200,200
38363583153549,10:39:23.583,26.4200,200
38365308928769,10:39:25.308,26.4200,100
38365308928769,10:39:25.308,26.4200,300
38365309710708,10:39:25.309,26.4200,15
38365559080875,10:39:25.559,26.4200,198
38365559107221,10:39:25.559,26.4200,87
38369261587284,10:39:29.261,26.4100,100
38372389530317,10:39:32.389,26.4100,100
38372389530317,10:39:32.389,26.4100,100
38382207777934,10:39:42.207,26.4200,100
38382207777934,10:39:42.207,26.4200,100
38382207777934,10:39:42.207,26.4200,400
38390834554054,10:39:50.834,26.4300,100
38390834554054,10:39:50.834,26.4300,200
38390834554054,10:39:50.834,26.4300,200
38390835024412,10:39:50.835,26.4300,49
38390835067847,10:39:50.835,26.4300,51
38390835067847,10:39:50.835,26.4300,100
38399455280146,10:39:59.455,26.4300,100
38440232264623,10:40:40.232,26.4400,200
38440232652116,10:40:40.232,26.4400,100
38440232679722,10:40:40.232,26.4400,100
38440232679722,10:40:40.232,26.4400,76
38440232679722,10:40:40.232,26.4400,100
38440232679722,10:40:40.232,26.4400,100
38440232679722,10:40:40.232,26.4400,100
38441461131073,10:40:41.461,26.4400,100
38456413054655,10:40:56.413,26.4500,100
38456413081144,10:40:56.413,26.4500,200
38456413081144,10:40:56.413,26.4500,200
38456413081144,10:40:56.413,26.4500,300
38456413081144,10:40:56.413,26.4500,200
38456792790511,10:40:56.792,26.4600,100
38456792790511,10:40:56.792,26.4600,200
38456792790511,10:40:56.792,26.4600,100
38456792790511,10:40:56.792,26.4600,100
38457799810371,10:40:57.799,26.4700,100
38460678994351,10:41:00.678,26.4800,100
38460679317018,10:41:00.679,26.4800,100
38464350980259,10:41:04.350,26.4900,100
38464351881941,10:41:04.351,26.4900,100
38471742103435,10:41:11.742,26.5000,20
38471742103435,10:41:11.742,26.5000,40
38471742638411,10:41:11.742,26.5000,60
38471742664236,10:41:11.742,26.5000,100
38471747168667,10:41:11.747,26.5000,100
38471747168667,10:41:11.747,26.5000,100
38471762800454,10:41:11.762,26.5000,100
38471762800454,10:41:11.762,26.5000,100
38471762800454,10:41:11.762,26.5000,100
38471762800454,10:41:11.762,26.5000,100
38471762800454,10:41:11.762,26.5000,100
38482556106385,10:41:22.556,26.4900,100
38482556136342,10:41:22.556,26.4900,100
38482556168196,10:41:22.556,26.4900,100
38483244160268,10:41:23.244,26.4800,100
38483244160268,10:41:23.244,26.4800,200
38483244808403,10:41:23.244,26.4700,200
38483245392437,10:41:23.245,26.4700,100
38484093664319,10:41:24.093,26.4600,100
38486092605226,10:41:26.092,26.4700,100
38486093603740,10:41:26.093,26.4700,200
38486606970403,10:41:26.606,26.4700,100
38493995303821,10:41:33.995,26.4600,100
38493996293461,10:41:33.996,26.4600,100
38505763776434,10:41:45.763,26.4600,100
38515158961030,10:41:55.158,26.4600,20
38515158961030,10:41:55.158,26.4600,200
38515158961030,10:41:55.158,26.4600,200
38524039622129,10:42:04.039,26.4700,200
38524039622129,10:42:04.039,26.4700,300
38524039622129,10:42:04.039,26.4700,76
38524040726694,10:42:04.040,26.4700,100
38524044627675,10:42:04.044,26.4700,100
38524044652085,10:42:04.044,26.4700,200
38524044652085,10:42:04.044,26.4700,100
38524044652085,10:42:04.044,26.4700,100
38524339476316,10:42:04.339,26.4600,100
38524339476316,10:42:04.339,26.4600,100
38524339476316,10:42:04.339,26.4600,80
38524339504792,10:42:04.339,26.4600,20
38524987100746,10:42:04.987,26.4600,100
38524987100746,10:42:04.987,26.4600,200
38524987100746,10:42:04.987,26.4600,92
38524987100746,10:42:04.987,26.4600,200
38524987100746,10:42:04.987,26.4600,100
38532275136675,10:42:12.275,26.4700,100
38532275136675,10:42:12.275,26.4700,200
38539217528583,10:42:19.217,26.4700,100
38543823452319,10:42:23.823,26.4700,100
38544339330988,10:42:24.339,26.4700,100
38544341153420,10:42:24.341,26.4700,100
38544341153420,10:42:24.341,26.4700,100
38547954639184,10:42:27.954,26.4700,100
38548171982524,10:42:28.171,26.4700,100
38548171982524,10:42:28.171,26.4700,172
38548172008263,10:42:28.172,26.4700,100
38566237369167,10:42:46.237,26.4700,100
38572971403235,10:42:52.971,26.4700,100
38584323740565,10:43:04.323,26.4600,100
38584323740565,10:43:04.323,26.4600,100
38584324922869,10:43:04.324,26.4600,300
38610792811080,10:43:30.792,26.4700,200
38610792811080,10:43:30.792,26.4700,100
38610792811080,10:43:30.792,26.4700,300
38620597550240,10:43:40.597,26.4700,100
38620597596817,10:43:40.597,26.4700,100
38636218338839,10:43:56.218,26.4700,200
38636218338839,10:43:56.218,26.4700,100
38640049667566,10:44:00.049,26.4700,10
38640061329488,10:44:00.061,26.4700,90
38644916116243,10:44:04.916,26.4700,100
38644916739445,10:44:04.916,26.4700,75
38656930894480,10:44:16.930,26.4600,100
38656931047180,10:44:16.931,26.4600,100
38657191281415,10:44:17.191,26.4600,100
38657971796357,10:44:17.971,26.4700,100
38657971899819,10:44:17.971,26.4700,100
38665764469934,10:44:25.764,26.4800,100
38665764469934,10:44:25.764,26.4800,200
38665764469934,10:44:25.764,26.4800,100
38670743476862,10:44:30.743,26.4800,100
38677948538711,10:44:37.948,26.4800,100
38677949473534,10:44:37.949,26.4800,72
38677949873440,10:44:37.949,26.4800,28
38678566764688,10:44:38.566,26.4900,92
38678566960201,10:44:38.566,26.4900,8
38678567278694,10:44:38.567,26.4900,100
38684929023623,10:44:44.929,26.4900,100
38684929023623,10:44:44.929,26.4900,100
38684929023623,10:44:44.929,26.4900,100
38694492611849,10:44:54.492,26.5000,200
38694492611849,10:44:54.492,26.5000,200
38694492611849,10:44:54.492,26.5000,300
38694492611849,10:44:54.492,26.5000,200
38694492611849,10:44:54.492,26.5000,100
38694493250777,10:44:54.493,26.5000,200
38694493250777,10:44:54.493,26.5000,100
38694493667153,10:44:54.493,26.5000,87
38694493705139,10:44:54.493,26.5000,13
38694493705139,10:44:54.493,26.5000,100
38694493786459,10:44:54.493,26.5000,100
38699809845242,10:44:59.809,26.5050,100
38699809845242,10:44:59.809,26.5100,100
38699809870870,10:44:59.809,26.5100,100
38699810512575,10:44:59.810,26.5100,100
38699810537093,10:44:59.810,26.5100,100
38699810693136,10:44:59.810,26.5100,100
38699812598105,10:44:59.812,26.5100,100
38712443010841,10:45:12.443,26.5050,300
38712443010841,10:45:12.443,26.5100,100
38712443514664,10:45:12.443,26.5100,100
38712443514664,10:45:12.443,26.5100,59
38712473949157,10:45:12.473,26.5000,100
38712473949157,10:45:12.473,26.5000,100
38712473949157,10:45:12.473,26.5000,100
38713041462216,10:45:13.041,26.4900,100
38713041462216,10:45:13.041,26.4900,100
38716656495611,10:45:16.656,26.4700,100
38719572551184,10:45:19.572,26.4600,100
38726777393643,10:45:26.777,26.4500,100
38733060142745,10:45:33.060,26.4500,100
38733060142745,10:45:33.060,26.4500,27
38733060142745,10:45:33.060,26.4500,300
38760761187489,10:46:00.761,26.4450,400
38760761473099,10:46:00.761,26.4500,300
38760793421908,10:46:00.793,26.4500,300
38760793491445,10:46:00.793,26.4500,100
38762359538492,10:46:02.359,26.4500,100
38762359538492,10:46:02.359,26.4500,100
38764267391961,10:46:04.267,26.4500,100
38764268219613,10:46:04.268,26.4500,75
38767873522887,10:46:07.873,26.4500,100
38767874507337,10:46:07.874,26.4500,100
38767874507337,10:46:07.874,26.4500,2
38771675377109,10:46:11.675,26.4500,100
38771675377109,10:46:11.675,26.4550,100
38771675377109,10:46:11.675,26.4600,100
38771675377109,10:46:11.675,26.4600,100
38771675377109,10:46:11.675,26.4600,100
38771675578868,10:46:11.675,26.4600,100
38771675578868,10:46:11.675,26.4600,100
38771676171081,10:46:11.676,26.4600,75
38771676197250,10:46:11.676,26.4600,125
38771676197250,10:46:11.676,26.4600,100
38772092227255,10:46:12.092,26.4600,100
38772703094537,10:46:12.703,26.4500,100
38778082395573,10:46:18.082,26.4400,100
38779444121909,10:46:19.444,26.4400,100
38779444121909,10:46:19.444,26.4400,100
38782430138865,10:46:22.430,26.4400,100
38788350405705,10:46:28.350,26.4400,100
38788536628771,10:46:28.536,26.4400,100
38791315730989,10:46:31.315,26.4400,100
38799346899047,10:46:39.346,26.4400,100
38806338822962,10:46:46.338,26.4400,100
38806392294819,10:46:46.392,26.4300,200
38806392294819,10:46:46.392,26.4300,100
38806394202682,10:46:46.394,26.4250,100
38806394202682,10:46:46.394,26.4300,100
38806394202682,10:46:46.394,26.4300,30
38806394202682,10:46:46.394,26.4300,100
38806394202682,10:46:46.394,26.4300,100
38806394202682,10:46:46.394,26.4300,300
38806394202682,10:46:46.394,26.4300,100
38806394202682,10:46:46.394,26.4300,100
38806394338833,10:46:46.394,26.4300,100
38810680131504,10:46:50.680,26.4100,100
38810680131504,10:46:50.680,26.4100,100
38810680131504,10:46:50.680,26.4100,100
38810991939207,10:46:50.991,26.4000,100
38819522495422,10:46:59.522,26.3700,100
38819522745189,10:46:59.522,26.3700,100
38819522747138,10:46:59.522,26.3700,100
38819525997564,10:46:59.525,26.3600,25
38823344835640,10:47:03.344,26.3600,100
38823344835640,10:47:03.344,26.3600,100
38825340431447,10:47:05.340,26.3600,220
38825340431447,10:47:05.340,26.3600,152
38825340459235,10:47:05.340,26.3600,148
38825340459235,10:47:05.340,26.3600,100
38825340945598,10:47:05.340,26.3600,400
38825341101977,10:47:05.341,26.3600,300
38834933138442,10:47:14.933,26.3650,100
38834933139063,10:47:14.933,26.3700,11
38834933237592,10:47:14.933,26.3650,389
38834933314977,10:47:14.933,26.3650,111
38834933314977,10:47:14.933,26.3700,289
38834933419559,10:47:14.933,26.3700,100
38834933598787,10:47:14.933,26.3700,100
38834933730537,10:47:14.933,26.3700,100
38834933730537,10:47:14.933,26.3700,100
38834935104355,10:47:14.935,26.3700,100
38834935104355,10:47:14.935,26.3700,300
38835253995343,10:47:15.253,26.3600,100
38835253995343,10:47:15.253,26.3600,200
38835253995343,10:47:15.253,26.3600,200
38835254754883,10:47:15.254,26.3500,100
38835254754883,10:47:15.254,26.3500,200
38835254754883,10:47:15.254,26.3500,100
38835254754883,10:47:15.254,26.3500,100
38835254887802,10:47:15.254,26.3500,100
38835255320554,10:47:15.255,26.3500,100
38835255870682,10:47:15.255,26.3500,3
38835255911034,10:47:15.255,26.3500,100
38835256193419,10:47:15.256,26.3500,400
38835256193419,10:47:15.256,26.3500,100
38835256193419,10:47:15.256,26.3500,100
38835256193419,10:47:15.256,26.3500,100
38835256193419,10:47:15.256,26.3500,100
38835256193419,10:47:15.256,26.3400,100
38835256193419,10:47:15.256,26.3400,200
38835256193419,10:47:15.256,26.3400,100
38835256193419,10:47:15.256,26.3400,100
38835256193419,10:47:15.256,26.3400,10
38835256193419,10:47:15.256,26.3400,200
38835256398270,10:47:15.256,26.3400,100
38835256398270,10:47:15.256,26.3500,200
38835256398270,10:47:15.256,26.3500,100
38835256580321,10:47:15.256,26.3500,100
38835256580321,10:47:15.256,26.3500,100
38835257499057,10:47:15.257,26.3300,100
38835257499057,10:47:15.257,26.3300,100
38835257499057,10:47:15.257,26.3300,100
38835257499057,10:47:15.257,26.3300,100
38835257499057,10:47:15.257,26.3300,300
38835257636161,10:47:15.257,26.3300,100
38835257636161,10:47:15.257,26.3300,100
38835257636161,10:47:15.257,26.3300,200
38835258978227,10:47:15.258,26.3200,100
38835258978227,10:47:15.258,26.3200,100
38835258978227,10:47:15.258,26.3200,300
38835258978227,10:47:15.258,26.3200,100
38835260041407,10:47:15.260,26.3200,100
38835260677065,10:47:15.260,26.3200,100
38835260677065,10:47:15.260,26.3200,200
38835261237040,10:47:15.261,26.3100,100
38835261237040,10:47:15.261,26.3100,100
38835261237040,10:47:15.261,26.3100,100
38835261237040,10:47:15.261,26.3100,100
38835261237040,10:47:15.261,26.3100,42
38835261505326,10:47:15.261,26.3200,3
38835262013129,10:47:15.262,26.3100,100
38835263139833,10:47:15.263,26.3100,60
38835283943589,10:47:15.283,26.3100,100
38835352518639,10:47:15.352,26.3200,97
38835538105964,10:47:15.538,26.3250,100
38835538105964,10:47:15.538,26.3200,100
38835538105964,10:47:15.538,26.3200,100
38836053805108,10:47:16.053,26.3300,100
38836053805108,10:47:16.053,26.3300,300
38836053923416,10:47:16.053,26.3300,100
38836054482541,10:47:16.054,26.3300,200
38836054482541,10:47:16.054,26.3300,100
38836054482541,10:47:16.054,26.3300,100
38836054482541,10:47:16.054,26.3300,100
38836054483933,10:47:16.054,26.3300,200
38836054650745,10:47:16.054,26.3300,85
38836054650745,10:47:16.054,26.3300,100
38836055801841,10:47:16.055,26.3200,100
38836109569820,10:47:16.109,26.3200,100
38836109569820,10:47:16.109,26.3200,100
38838338684716,10:47:18.338,26.3300,100
38838339215274,10:47:18.339,26.3300,200
38838339215274,10:47:18.339,26.3300,200
38838339764321,10:47:18.339,26.3300,200
38838416554172,10:47:18.416,26.3300,100
38842125588209,10:47:22.125,26.3300,200
38842125588209,10:47:22.125,26.3300,400
38842125588209,10:47:22.125,26.3400,200
38842125588209,10:47:22.125,26.3400,300
38842125588209,10:47:22.125,26.3400,200
38842125588209,10:47:22.125,26.3400,100
38846718551054,10:47:26.718,26.3400,100
38850096370710,10:47:30.096,26.3450,100
38859977183467,10:47:39.977,26.3400,100
38860745944534,10:47:40.745,26.3400,82
38860745944534,10:47:40.745,26.3400,100
38860745944534,10:47:40.745,26.3400,100
38860745944534,10:47:40.745,26.3400,100
38860746048955,10:47:40.746,26.3400,100
38860746049435,10:47:40.746,26.3400,100
38860746061687,10:47:40.746,26.3400,100
38866430177440,10:47:46.430,26.3400,100
38879511264514,10:47:59.511,26.3450,200
38879511480405,10:47:59.511,26.3450,100
38879511484839,10:47:59.511,26.3500,100
38879511542638,10:47:59.511,26.3500,100
38879511542638,10:47:59.511,26.3500,100
38879511934551,10:47:59.511,26.3500,100
38879511934551,10:47:59.511,26.3500,200
38879512631121,10:47:59.512,26.3500,100
38879512631121,10:47:59.512,26.3500,200
38879512675919,10:47:59.512,26.3500,100
38879512675919,10:47:59.512,26.3500,100
38879512675919,10:47:59.512,26.3500,100
38879633907176,10:47:59.633,26.3400,100
38879633907176,10:47:59.633,26.3400,100
38879633907176,10:47:59.633,26.3400,100
38879633907176,10:47:59.633,26.3400,100
38892308442381,10:48:12.308,26.3400,100
38892308442381,10:48:12.308,26.3400,100
38892308442381,10:48:12.308,26.3400,100
38892321339426,10:48:12.321,26.3300,100
38902717648671,10:48:22.717,26.3100,100
38915019429940,10:48:35.019,26.3100,100
38915019497990,10:48:35.019,26.3100,300
38915019497990,10:48:35.019,26.3100,72
38915019649049,10:48:35.019,26.3100,119
38915020743496,10:48:35.020,26.3100,181
38915020743496,10:48:35.020,26.3100,100
38915020743496,10:48:35.020,26.3100,19
38915247026255,10:48:35.247,26.3100,81
38915247026255,10:48:35.247,26.3100,100
38915247026255,10:48:35.247,26.3100,19
38915409378399,10:48:35.409,26.3100,81
38915410133059,10:48:35.410,26.3100,200
38915410133059,10:48:35.410,26.3100,100
38915411057245,10:48:35.411,26.3200,200
38915411057245,10:48:35.411,26.3200,200
38915411057245,10:48:35.411,26.3200,100
38915411057245,10:48:35.411,26.3200,100
38915411522569,10:48:35.411,26.3200,200
38915411522569,10:48:35.411,26.3200,100
38919106881203,10:48:39.106,26.3300,200
38919106881203,10:48:39.106,26.3300,200
38919106881203,10:48:39.106,26.3300,100
38919106881203,10:48:39.106,26.3300,100
38919107189815,10:48:39.107,26.3300,100
38919107315535,10:48:39.107,26.3300,100
38919107315535,10:48:39.107,26.3300,100
38919107315535,10:48:39.107,26.3300,200
38919107372735,10:48:39.107,26.3300,200
38919107474816,10:48:39.107,26.3300,100
38919107474816,10:48:39.107,26.3300,100
38919836582119,10:48:39.836,26.3200,100
38919836582119,10:48:39.836,26.3200,100
38919836661662,10:48:39.836,26.3200,100
38919836664136,10:48:39.836,26.3200,100
38924049341694,10:48:44.049,26.3200,100
38924049341694,10:48:44.049,26.3200,100
38924072198001,10:48:44.072,26.3100,10
38941720559220,10:49:01.720,26.3000,100
38941720559220,10:49:01.720,26.3000,50
38941720559220,10:49:01.720,26.3000,50
38941720584775,10:49:01.720,26.3000,50
38943423860268,10:49:03.423,26.3000,100
38943424334503,10:49:03.424,26.3000,50
38946447548665,10:49:06.447,26.3000,100
38950708909424,10:49:10.708,26.3000,200
38950708909424,10:49:10.708,26.3000,200
38950708909424,10:49:10.708,26.3000,100
38950708915965,10:49:10.708,26.3000,196
38950708938588,10:49:10.708,26.3000,500
38950709059887,10:49:10.709,26.3000,41
38950709616350,10:49:10.709,26.3000,259
38950709616350,10:49:10.709,26.3000,41
38950709993178,10:49:10.709,26.3000,159
38950709993178,10:49:10.709,26.3000,141
38950726023566,10:49:10.726,26.3000,200
38950936324351,10:49:10.936,26.3000,100
38951102191862,10:49:11.102,26.3000,100
38951102191862,10:49:11.102,26.3000,100
38956602104405,10:49:16.602,26.3000,300
38956602672568,10:49:16.602,26.3000,300
38956602672568,10:49:16.602,26.3000,100
38956602672568,10:49:16.602,26.3000,100
38956602672568,10:49:16.602,26.3000,200
