timestamp,time,price,volume
34200589834496,09:30:00.589,0.0000,0
34231373903331,09:30:31.373,27.1300,8
34231373903331,09:30:31.373,27.1300,100
34234660095011,09:30:34.660,27.2300,100
34234696088812,09:30:34.696,27.2200,100
34235688648966,09:30:35.688,27.2200,100
34235688648966,09:30:35.688,27.2200,100
34235991243595,09:30:35.991,27.2300,100
34235991267888,09:30:35.991,27.2300,100
34236498293908,09:30:36.498,27.2400,100
34236499438564,09:30:36.499,27.2200,100
34236729588265,09:30:36.729,27.2200,100
34236729588265,09:30:36.729,27.2200,100
34236729588265,09:30:36.729,27.2200,100
34238046866032,09:30:38.046,27.2100,99
34238046866032,09:30:38.046,27.2100,101
34238047083447,09:30:38.047,27.2200,100
34238047083447,09:30:38.047,27.2200,100
34238047083447,09:30:38.047,27.2200,200
34238047111455,09:30:38.047,27.2200,10
34238047132582,09:30:38.047,27.2100,99
34238047314026,09:30:38.047,27.2200,100
34238047567615,09:30:38.047,27.2200,100
34238047589632,09:30:38.047,27.2200,100
34238049126342,09:30:38.049,27.2200,100
34238049126342,09:30:38.049,27.2200,100
34238049126342,09:30:38.049,27.2200,100
34238099234432,09:30:38.099,27.2300,100
34238099234432,09:30:38.099,27.2300,100
34240025927706,09:30:40.025,27.2300,57
34240135737604,09:30:40.135,27.2300,43
34240146862966,09:30:40.146,27.2300,100
34240146862966,09:30:40.146,27.2300,100
34240146862966,09:30:40.146,27.2300,100
34242688989273,09:30:42.688,27.2900,100
34242705540809,09:30:42.705,27.2900,100
34242705540809,09:30:42.705,27.2900,700
34242876349513,09:30:42.876,27.2900,100
34242876349513,09:30:42.876,27.2900,100
34242876404287,09:30:42.876,27.2900,3
34242876435378,09:30:42.876,27.2900,97
34242876435378,09:30:42.876,27.2900,100
34242877144421,09:30:42.877,27.3000,3
34242877144421,09:30:42.877,27.3000,700
34243053706811,09:30:43.053,27.3000,200
34243053706811,09:30:43.053,27.3000,700
34244821962742,09:30:44.821,27.3000,100
34244821962742,09:30:44.821,27.3000,100
34244821989630,09:30:44.821,27.3000,100
34244821989630,09:30:44.821,27.3000,200
34244822040747,09:30:44.822,27.3000,60
34244822062479,09:30:44.822,27.3000,40
34244822062479,09:30:44.822,27.3000,100
34244822062479,09:30:44.822,27.3000,60
34245027127920,09:30:45.027,27.3000,100
34245553829343,09:30:45.553,27.2900,200
34245553829343,09:30:45.553,27.2900,100
34245561023385,09:30:45.561,27.2800,100
34247465487380,09:30:47.465,27.2800,40
34247465513470,09:30:47.465,27.2800,60
34252790026211,09:30:52.790,27.2700,300
34252790133464,09:30:52.790,27.2800,100
34252790133464,09:30:52.790,27.2800,100
34252790133464,09:30:52.790,27.2800,100
34252790220207,09:30:52.790,27.2800,100
34252790220207,09:30:52.790,27.2800,240
34252809874634,09:30:52.809,27.2700,30
34253191504469,09:30:53.191,27.2700,270
34253191504469,09:30:53.191,27.2700,30
34255024618985,09:30:55.024,27.2700,200
34260073559884,09:31:00.073,27.2700,70
34260078208536,09:31:00.078,27.2700,30
34260078208536,09:31:00.078,27.2700,100
34260078208536,09:31:00.078,27.2800,6
34260083928945,09:31:00.083,27.2900,100
34260083978933,09:31:00.083,27.2900,100
34260084117844,09:31:00.084,27.2900,100
34260301442053,09:31:00.301,27.2900,100
34260301472252,09:31:00.301,27.2900,100
34260301472252,09:31:00.301,27.2900,100
34264954792697,09:31:04.954,27.2600,100
34264961157015,09:31:04.961,27.2600,100
34265024684684,09:31:05.024,27.2600,100
34265024684684,09:31:05.024,27.2600,100
34268867094892,09:31:08.867,27.2600,95
34268867094892,09:31:08.867,27.2600,5
34268867247726,09:31:08.867,27.2600,95
34268867247726,09:31:08.867,27.2600,100
34270575742737,09:31:10.575,27.2500,100
34270575919997,09:31:10.575,27.2500,100
34270575941669,09:31:10.575,27.2500,100
34270577393293,09:31:10.577,27.2400,100
34270577393293,09:31:10.577,27.2400,100
34270577393293,09:31:10.577,27.2500,100
34270577425347,09:31:10.577,27.2500,300
34270577425347,09:31:10.577,27.2500,15
34270577626432,09:31:10.577,27.2500,100
34270577626432,09:31:10.577,27.2500,38
34271232202422,09:31:11.232,27.2500,300
34271296501976,09:31:11.296,27.2600,100
34271533720100,09:31:11.533,27.2500,100
34272161343709,09:31:12.161,27.2700,100
34274395979473,09:31:14.395,27.2700,400
34274399660318,09:31:14.399,27.2900,100
34274913253207,09:31:14.913,27.3000,100
34294821481830,09:31:34.821,27.2500,100
34300254196834,09:31:40.254,27.2700,100
34307854893056,09:31:47.854,27.2500,100
34307857932625,09:31:47.857,27.2400,48
34312448845632,09:31:52.448,27.3000,100
34312448871045,09:31:52.448,27.3000,100
34312449564756,09:31:52.449,27.3000,100
34312449564756,09:31:52.449,27.3000,262
34312449564756,09:31:52.449,27.3000,100
34312570561552,09:31:52.570,27.2900,100
34312573128111,09:31:52.573,27.2700,100
34315024333071,09:31:55.024,27.2700,100
34320299781438,09:32:00.299,27.2800,122
34320299808202,09:32:00.299,27.2800,78
34322125769262,09:32:02.125,27.2600,1738
34322154423286,09:32:02.154,27.2700,100
34322154423286,09:32:02.154,27.2700,100
34326177719834,09:32:06.177,27.2800,100
34326177719834,09:32:06.177,27.2800,100
34326182241769,09:32:06.182,27.2900,200
34326185420691,09:32:06.185,27.2900,74
34327819207075,09:32:07.819,27.2800,40
34333843622856,09:32:13.843,27.2600,100
34333843622856,09:32:13.843,27.2600,100
34344852852099,09:32:24.852,27.2600,100
34344852852099,09:32:24.852,27.2600,100
34344852852099,09:32:24.852,27.2600,100
34344861206217,09:32:24.861,27.2700,200
34344861206217,09:32:24.861,27.2700,100
34345686690063,09:32:25.686,27.2800,100
34345686690063,09:32:25.686,27.2800,200
34345706993833,09:32:25.706,27.2800,100
34345706993833,09:32:25.706,27.2800,100
34350173010694,09:32:30.173,27.2700,100
34353314526948,09:32:33.314,27.2600,100
34363460500453,09:32:43.460,27.2500,100
34363460781017,09:32:43.460,27.2500,100
34365629238839,09:32:45.629,27.2800,100
34365928864669,09:32:45.928,27.2800,100
34365930927434,09:32:45.930,27.2800,100
34365930955980,09:32:45.930,27.2800,100
34365931081537,09:32:45.931,27.2800,100
34365932864871,09:32:45.932,27.2800,100
34367673175751,09:32:47.673,27.2800,100
34367673175751,09:32:47.673,27.2800,200
34367673271380,09:32:47.673,27.2700,100
34367673271380,09:32:47.673,27.2700,100
34367673271380,09:32:47.673,27.2700,100
34367673271380,09:32:47.673,27.2700,100
34367673504668,09:32:47.673,27.2700,62
34367673504668,09:32:47.673,27.2700,100
34370027628415,09:32:50.027,27.2600,100
34370286850431,09:32:50.286,27.2500,200
34370286850431,09:32:50.286,27.2500,100
34372874169526,09:32:52.874,27.2400,52
34372874169526,09:32:52.874,27.2400,100
34372874169526,09:32:52.874,27.2400,48
34372874200855,09:32:52.874,27.2400,52
34372874231643,09:32:52.874,27.2400,100
34372874372656,09:32:52.874,27.2400,100
34375025757972,09:32:55.025,27.2300,200
34375203748969,09:32:55.203,27.2300,100
34375203748969,09:32:55.203,27.2300,100
34375203748969,09:32:55.203,27.2300,100
34375203748969,09:32:55.203,27.2300,100
34380121701543,09:33:00.121,27.2200,100
34380121701543,09:33:00.121,27.2200,100
34380121701543,09:33:00.121,27.2200,100
34382266253206,09:33:02.266,27.2300,100
34382266419257,09:33:02.266,27.2300,100
34382266423255,09:33:02.266,27.2300,100
34382266423255,09:33:02.266,27.2300,100
34382266451736,09:33:02.266,27.2300,100
34384251908033,09:33:04.251,27.2400,100
34386066953122,09:33:06.066,27.2500,100
34386067194261,09:33:06.067,27.2500,100
34386067194261,09:33:06.067,27.2500,100
34386067753911,09:33:06.067,27.2600,100
34386717385889,09:33:06.717,27.2700,100
34395532393825,09:33:15.532,27.2500,100
34395532800730,09:33:15.532,27.2400,37
34395532802460,09:33:15.532,27.2400,63
34395533602834,09:33:15.533,27.2300,100
34395534052509,09:33:15.534,27.2300,100
34395534052509,09:33:15.534,27.2300,100
34395534052509,09:33:15.534,27.2300,100
34395534052509,09:33:15.534,27.2400,200
34395534052509,09:33:15.534,27.2400,100
34395534052509,09:33:15.534,27.2400,100
34395534052509,09:33:15.534,27.2400,10
34395736238256,09:33:15.736,27.2400,100
34395736238256,09:33:15.736,27.2400,100
34398874622880,09:33:18.874,27.2300,100
34400619647028,09:33:20.619,27.2400,100
34400619647028,09:33:20.619,27.2400,100
34400619647028,09:33:20.619,27.2400,100
34403213278671,09:33:23.213,27.2300,51
34403213589919,09:33:23.213,27.2300,149
34403213589919,09:33:23.213,27.2300,100
34403214045016,09:33:23.214,27.2300,48
34404512083540,09:33:24.512,27.2300,52
34404812668235,09:33:24.812,27.2200,100
34404813467286,09:33:24.813,27.2200,100
34404813944337,09:33:24.813,27.2200,100
34408431961090,09:33:28.431,27.2100,100
34408431986143,09:33:28.431,27.2100,100
34408431986143,09:33:28.431,27.2100,100
34411782341369,09:33:31.782,27.2200,100
34411788561046,09:33:31.788,27.2300,100
34420026128977,09:33:40.026,27.2100,100
34420026265076,09:33:40.026,27.2100,100
34431189031355,09:33:51.189,27.1900,100
34431189031355,09:33:51.189,27.1900,100
34434888225229,09:33:54.888,27.2100,100
34437878238855,09:33:57.878,27.1900,100
34441896591338,09:34:01.896,27.2000,30
34444131477383,09:34:04.131,27.2100,174
34444131502953,09:34:04.131,27.2100,26
34449473599930,09:34:09.473,27.2100,100
34449473669151,09:34:09.473,27.2100,48
34453087026948,09:34:13.087,27.2000,32
34453087062515,09:34:13.087,27.2000,68
34453087062515,09:34:13.087,27.2000,200
34453087761550,09:34:13.087,27.2000,100
34453087761550,09:34:13.087,27.2000,100
34453087824019,09:34:13.087,27.2000,100
34453666984784,09:34:13.666,27.1900,3
34459114617640,09:34:19.114,27.1800,100
34460490924879,09:34:20.490,27.1700,200
34464617090789,09:34:24.617,27.1900,2
34464617115009,09:34:24.617,27.1900,98
34464617115009,09:34:24.617,27.1900,100
34465056735731,09:34:25.056,27.1900,4
34472023208352,09:34:32.023,27.1800,100
34472024378534,09:34:32.024,27.1800,19
34472024479617,09:34:32.024,27.1800,81
34472025174639,09:34:32.025,27.1800,100
34472037672151,09:34:32.037,27.1800,5
34472037696452,09:34:32.037,27.1800,195
34472037696452,09:34:32.037,27.1800,100
34472037696452,09:34:32.037,27.1800,100
34484057621601,09:34:44.057,27.1800,100
34484067045161,09:34:44.067,27.1800,6
34488560079964,09:34:48.560,27.1800,100
34489847734783,09:34:49.847,27.1700,100
34490026709222,09:34:50.026,27.1700,100
34490026788195,09:34:50.026,27.1700,1
34490347962789,09:34:50.347,27.1700,180
34490348182060,09:34:50.348,27.1700,20
34501074830040,09:35:01.074,27.1400,27
34501074830040,09:35:01.074,27.1400,108
34501075763296,09:35:01.075,27.1500,11
34501183172539,09:35:01.183,27.1600,27
34501184505320,09:35:01.184,27.1500,200
34501184505320,09:35:01.184,27.1500,100
34501184505320,09:35:01.184,27.1500,100
34501184505320,09:35:01.184,27.1500,100
34501190676370,09:35:01.190,27.1500,3
34501191010289,09:35:01.191,27.1500,97
34501280773207,09:35:01.280,27.1500,100
34501280773207,09:35:01.280,27.1500,100
34506705079659,09:35:06.705,27.1500,100
34506725473477,09:35:06.725,27.1500,8
34510019267705,09:35:10.019,27.1500,100
34510968998313,09:35:10.968,27.1400,200
34510968998313,09:35:10.968,27.1400,100
34514637393157,09:35:14.637,27.1200,1
34518287668827,09:35:18.287,27.1300,2
34518288104721,09:35:18.288,27.1300,2
34518694560869,09:35:18.694,27.1500,100
34518694560869,09:35:18.694,27.1500,25
34518696892451,09:35:18.696,27.1400,100
34519496254315,09:35:19.496,27.1300,100
34529911237208,09:35:29.911,27.1200,80
34529958380937,09:35:29.958,27.1200,20
34529958380937,09:35:29.958,27.1200,100
34529971073522,09:35:29.971,27.1200,100
34532043602587,09:35:32.043,27.1100,1
34532132666649,09:35:32.132,27.1000,4
34561463215741,09:36:01.463,27.1000,21
34561463223059,09:36:01.463,27.1000,79
34561513954234,09:36:01.513,27.1100,100
34572950984188,09:36:12.950,27.0900,100
34572950984188,09:36:12.950,27.0900,200
34572964427800,09:36:12.964,27.0900,13
34573251808232,09:36:13.251,27.0900,25
34575207833689,09:36:15.207,27.1000,4
34575398455266,09:36:15.398,27.0900,100
34575398455266,09:36:15.398,27.0900,200
34575615149776,09:36:15.615,27.0800,5
34575615149776,09:36:15.615,27.0800,100
34575625046028,09:36:15.625,27.0800,1
34578034396913,09:36:18.034,27.0700,100
34578042548477,09:36:18.042,27.0700,100
34583307680550,09:36:23.307,27.0800,128
34583663972736,09:36:23.663,27.0800,100
34584051955520,09:36:24.051,27.0900,100
34584051955520,09:36:24.051,27.0900,100
34584052325687,09:36:24.052,27.0900,100
34584052527991,09:36:24.052,27.0900,100
34585511211013,09:36:25.511,27.1000,200
34585511211013,09:36:25.511,27.1000,100
34592480824995,09:36:32.480,27.1000,100
34592480931507,09:36:32.480,27.1000,100
34594065635889,09:36:34.065,27.1000,100
34594065635889,09:36:34.065,27.1000,100
34594065635889,09:36:34.065,27.1000,100
34594065635889,09:36:34.065,27.1000,318
34594065635889,09:36:34.065,27.1000,100
34594066623827,09:36:34.066,27.1000,100
34594066779883,09:36:34.066,27.1000,100
34594066779883,09:36:34.066,27.1000,100
34594066779883,09:36:34.066,27.1000,100
34594066779883,09:36:34.066,27.1000,100
34594066779883,09:36:34.066,27.1000,100
34605401230708,09:36:45.401,27.1100,100
34605401230708,09:36:45.401,27.1100,200
34605402345907,09:36:45.402,27.1100,100
34605402345907,09:36:45.402,27.1100,100
34605402345907,09:36:45.402,27.1100,100
34605402345907,09:36:45.402,27.1000,100
34605402345907,09:36:45.402,27.1000,100
34605402345907,09:36:45.402,27.1000,100
34605402345907,09:36:45.402,27.1000,100
34605402597565,09:36:45.402,27.1000,100
34605402597565,09:36:45.402,27.1000,25
34606067266224,09:36:46.067,27.1100,100
34606067438423,09:36:46.067,27.1100,100
34606544065884,09:36:46.544,27.1200,100
34606544065884,09:36:46.544,27.1200,100
34606544535091,09:36:46.544,27.1200,100
34611212257266,09:36:51.212,27.1300,100
34611212257266,09:36:51.212,27.1300,100
34613530104478,09:36:53.530,27.1400,11
34613558051848,09:36:53.558,27.1500,100
34613558051848,09:36:53.558,27.1500,100
34618341621722,09:36:58.341,27.1600,100
34620906009609,09:37:00.906,27.1600,100
34620906009609,09:37:00.906,27.1600,100
34620909236883,09:37:00.909,27.1700,100
34621913730584,09:37:01.913,27.1900,100
34623838727953,09:37:03.838,27.2000,100
34623839234066,09:37:03.839,27.2000,74
34623839475234,09:37:03.839,27.2000,26
34623839692505,09:37:03.839,27.2000,26
34628851149302,09:37:08.851,27.2000,74
34628851149302,09:37:08.851,27.2000,100
34630461386819,09:37:10.461,27.2000,100
34630461386819,09:37:10.461,27.2000,100
34630461526753,09:37:10.461,27.2000,100
34630462696487,09:37:10.462,27.2000,100
34631364609386,09:37:11.364,27.2000,100
34631364699591,09:37:11.364,27.2000,100
34631364727566,09:37:11.364,27.2000,100
34631364751772,09:37:11.364,27.2000,100
34631364851495,09:37:11.364,27.2000,48
34631364887200,09:37:11.364,27.2000,52
34631365011282,09:37:11.365,27.2000,100
34631365111162,09:37:11.365,27.2000,100
34631365284638,09:37:11.365,27.2000,100
34632587800202,09:37:12.587,27.2000,100
34632689495734,09:37:12.689,27.2000,200
34632689495734,09:37:12.689,27.2000,100
34640289912039,09:37:20.289,27.2100,100
34640289912039,09:37:20.289,27.2100,200
34642791351262,09:37:22.791,27.2000,100
34642791351262,09:37:22.791,27.2000,100
34651080373525,09:37:31.080,27.2000,99
34651080373525,09:37:31.080,27.2000,1
34651080422867,09:37:31.080,27.2000,99
34651080422867,09:37:31.080,27.2000,1
34651081005983,09:37:31.081,27.2000,32
34651081158537,09:37:31.081,27.2000,67
34651081158537,09:37:31.081,27.2000,100
34651318671055,09:37:31.318,27.1900,100
34651577170213,09:37:31.577,27.1900,100
34651579506578,09:37:31.579,27.1800,100
34651579506578,09:37:31.579,27.1800,100
34651579506578,09:37:31.579,27.1800,100
34651579506578,09:37:31.579,27.1800,100
34651579793358,09:37:31.579,27.1800,100
34651579793358,09:37:31.579,27.1800,100
34651579793358,09:37:31.579,27.1800,100
34654274766106,09:37:34.274,27.1700,100
34654274823141,09:37:34.274,27.1700,100
34660922326601,09:37:40.922,27.1800,74
34660922954872,09:37:40.922,27.1800,200
34660922954872,09:37:40.922,27.1800,164
34660922981879,09:37:40.922,27.1800,36
34689249130720,09:38:09.249,27.2400,100
34689249130720,09:38:09.249,27.2400,200
34689249163237,09:38:09.249,27.2400,100
34689249163237,09:38:09.249,27.2400,20
34691988772051,09:38:11.988,27.2400,100
34698979376413,09:38:18.979,27.2500,100
34705620273711,09:38:25.620,27.2500,100
34713154706539,09:38:33.154,27.2500,100
34717593216005,09:38:37.593,27.2700,300
34717593357607,09:38:37.593,27.2800,100
34717593357607,09:38:37.593,27.2800,100
34717593357607,09:38:37.593,27.2800,100
34717594256208,09:38:37.594,27.2800,200
34717594256208,09:38:37.594,27.2800,100
34717594256208,09:38:37.594,27.2800,100
34717594256208,09:38:37.594,27.2800,27
34717595959434,09:38:37.595,27.2800,200
34717595959434,09:38:37.595,27.2700,200
34717595959434,09:38:37.595,27.2700,100
34717595959434,09:38:37.595,27.2700,100
34717596218798,09:38:37.596,27.2700,27
34717596218798,09:38:37.596,27.2700,100
34717596218798,09:38:37.596,27.2700,300
34717596218798,09:38:37.596,27.2700,100
34717606686467,09:38:37.606,27.2700,29
34718917217533,09:38:38.917,27.2700,100
34727254436545,09:38:47.254,27.2700,100
34727478048921,09:38:47.478,27.2600,100
34727480343317,09:38:47.480,27.2500,100
34727480343317,09:38:47.480,27.2500,100
34727480685635,09:38:47.480,27.2500,100
34727481028078,09:38:47.481,27.2500,6
34727481810241,09:38:47.481,27.2500,100
34727481810241,09:38:47.481,27.2500,100
34727481810241,09:38:47.481,27.2500,100
34727481810241,09:38:47.481,27.2500,100
34733388904509,09:38:53.388,27.2500,100
34734699173078,09:38:54.699,27.2400,100
34739623283853,09:38:59.623,27.2500,100
34739623283853,09:38:59.623,27.2500,48
34752986473819,09:39:12.986,27.2500,100
34752986473819,09:39:12.986,27.2500,100
34752986473819,09:39:12.986,27.2500,100
34752986473819,09:39:12.986,27.2500,100
34753206700552,09:39:13.206,27.2400,100
34760063322416,09:39:20.063,27.2300,31
34760063322416,09:39:20.063,27.2300,100
34760066209159,09:39:20.066,27.2100,100
34760066209159,09:39:20.066,27.2100,100
34760066477907,09:39:20.066,27.2100,100
34760066477907,09:39:20.066,27.2100,100
34760073500389,09:39:20.073,27.2100,2
34773727163086,09:39:33.727,27.2200,11
34773727163086,09:39:33.727,27.2200,24
34773727228063,09:39:33.727,27.2200,76
34778949808286,09:39:38.949,27.2300,100
34778949808286,09:39:38.949,27.2300,200
34785563713339,09:39:45.563,27.2300,100
34790021107741,09:39:50.021,27.2200,100
34790021107741,09:39:50.021,27.2200,100
34790297139399,09:39:50.297,27.2100,100
34790297139399,09:39:50.297,27.2100,27
34790297139399,09:39:50.297,27.2100,200
34790298593776,09:39:50.298,27.2000,100
34790298593776,09:39:50.298,27.2000,100
34790298593776,09:39:50.298,27.2000,200
34790298593776,09:39:50.298,27.2000,200
34790511150492,09:39:50.511,27.1900,100
34790511150492,09:39:50.511,27.1900,100
34790511150492,09:39:50.511,27.1900,100
34790511150492,09:39:50.511,27.1900,100
34790511150492,09:39:50.511,27.1900,200
34790511150492,09:39:50.511,27.1900,100
34790511150492,09:39:50.511,27.1900,100
34790520642952,09:39:50.520,27.1900,1
34794649917131,09:39:54.649,27.1900,100
34794921917097,09:39:54.921,27.2000,128
34794921917097,09:39:54.921,27.2000,100
34804943862423,09:40:04.943,27.1900,1
34804943862423,09:40:04.943,27.1900,99
34809955581811,09:40:09.955,27.1800,1
34810756557082,09:40:10.756,27.1700,100
34822666539651,09:40:22.666,27.2000,100
34822666592097,09:40:22.666,27.2000,100
34831421755700,09:40:31.421,27.2100,100
34831421755700,09:40:31.421,27.2100,200
34834475916771,09:40:34.475,27.2000,200
34835505933572,09:40:35.505,27.2000,100
34836461414819,09:40:36.461,27.2000,100
34836461634793,09:40:36.461,27.2000,100
34836471855693,09:40:36.471,27.1900,2
34844052738812,09:40:44.052,27.1700,100
34844062642325,09:40:44.062,27.1700,1
34859962797609,09:40:59.962,27.1800,100
34860361776097,09:41:00.361,27.1800,100
34860914456513,09:41:00.914,27.2000,100
34860914456513,09:41:00.914,27.2000,100
34860914456513,09:41:00.914,27.2000,11
34860938953102,09:41:00.938,27.2100,100
34865945678457,09:41:05.945,27.2200,100
34865945678457,09:41:05.945,27.2200,100
34875391110139,09:41:15.391,27.2200,100
34880128290897,09:41:20.128,27.2200,2
34880128290897,09:41:20.128,27.2200,100
34880129442364,09:41:20.129,27.2100,300
34880129722442,09:41:20.129,27.2100,28
34880138487807,09:41:20.138,27.2100,1
34885487250189,09:41:25.487,27.2000,100
34885487738004,09:41:25.487,27.2000,100
34885497309407,09:41:25.497,27.2000,1
34886589460598,09:41:26.589,27.2000,100
34893734938766,09:41:33.734,27.1800,100
34900724611288,09:41:40.724,27.2000,21
34900724819339,09:41:40.724,27.2000,3
34900724824938,09:41:40.724,27.2000,4
34901452630526,09:41:41.452,27.1800,6
34901452630526,09:41:41.452,27.1800,94
34901452655749,09:41:41.452,27.1800,6
34901454069595,09:41:41.454,27.1800,94
34901454106703,09:41:41.454,27.1800,6
34901454106703,09:41:41.454,27.1800,94
34901454516614,09:41:41.454,27.1800,6
34901464030399,09:41:41.464,27.1800,100
34901464030399,09:41:41.464,27.1800,100
34909949571109,09:41:49.949,27.1900,100
34909951441535,09:41:49.951,27.1800,100
34909951441535,09:41:49.951,27.1800,28
34909951441535,09:41:49.951,27.1800,72
34910500636390,09:41:50.500,27.1800,100
34910500970626,09:41:50.500,27.1800,100
34910501097563,09:41:50.501,27.1800,100
34910501097563,09:41:50.501,27.1800,100
34910501097563,09:41:50.501,27.1800,100
34910501097563,09:41:50.501,27.1800,100
34910501097563,09:41:50.501,27.1800,100
34910501097563,09:41:50.501,27.1800,100
34910501253574,09:41:50.501,27.1700,100
34911915958248,09:41:51.915,27.1800,100
34911915958248,09:41:51.915,27.1800,100
34922254341004,09:42:02.254,27.1800,100
34922254369422,09:42:02.254,27.1800,100
34922257677623,09:42:02.257,27.1700,100
34922257677623,09:42:02.257,27.1700,100
34927453710717,09:42:07.453,27.1600,200
34931465074375,09:42:11.465,27.1500,6
34931465074375,09:42:11.465,27.1500,94
34931465100219,09:42:11.465,27.1500,6
34931465100853,09:42:11.465,27.1500,6
34931465937225,09:42:11.465,27.1500,100
34931466840014,09:42:11.466,27.1400,100
34931466840014,09:42:11.466,27.1400,94
34931466840014,09:42:11.466,27.1400,6
34931474766416,09:42:11.474,27.1400,1
34934267757968,09:42:14.267,27.1300,8
34938598353387,09:42:18.598,27.1200,100
34938598353387,09:42:18.598,27.1200,100
34950486657252,09:42:30.486,27.1200,11
34950888073661,09:42:30.888,27.1300,100
34950888073661,09:42:30.888,27.1300,100
34978090490658,09:42:58.090,27.1300,100
34978090518070,09:42:58.090,27.1300,100
34978090518070,09:42:58.090,27.1300,100
34981705198159,09:43:01.705,27.1300,100
35013171908585,09:43:33.171,27.1400,100
35013171920864,09:43:33.171,27.1400,100
35013172026962,09:43:33.172,27.1400,48
35013172113212,09:43:33.172,27.1400,52
35021276609697,09:43:41.276,27.1200,100
35021276609697,09:43:41.276,27.1200,100
35021276744385,09:43:41.276,27.1200,100
35021278282644,09:43:41.278,27.1100,100
35021278282644,09:43:41.278,27.1100,100
35021487103017,09:43:41.487,27.1000,700
35021487103017,09:43:41.487,27.1000,100
35021494999116,09:43:41.494,27.1000,100
35021494999116,09:43:41.494,27.1000,100
35021494999116,09:43:41.494,27.1000,100
35021494999116,09:43:41.494,27.1000,100
35021494999116,09:43:41.494,27.1000,100
35025236448266,09:43:45.236,27.1100,100
35035005963199,09:43:55.005,27.1400,11
35037744932261,09:43:57.744,27.1300,100
35037745223037,09:43:57.745,27.1300,11
35037827465960,09:43:57.827,27.1200,100
35042230532409,09:44:02.230,27.1200,100
35042231915816,09:44:02.231,27.1100,100
35042432919976,09:44:02.432,27.1000,100
35042433190768,09:44:02.433,27.1000,100
35042433190768,09:44:02.433,27.1000,100
35042446424965,09:44:02.446,27.1000,100
35042446424965,09:44:02.446,27.1000,100
35047805972697,09:44:07.805,27.1000,100
35047805972697,09:44:07.805,27.1000,900
35047805972697,09:44:07.805,27.1000,200
35047805972697,09:44:07.805,27.1000,100
35047806173896,09:44:07.806,27.1000,200
35047859216591,09:44:07.859,27.1000,100
35047859373814,09:44:07.859,27.1000,31
35047863535302,09:44:07.863,27.1000,100
35047863535302,09:44:07.863,27.1000,100
35047863535302,09:44:07.863,27.1000,5
35047867309977,09:44:07.867,27.1000,100
35047867309977,09:44:07.867,27.1000,31
35047867400663,09:44:07.867,27.1000,69
35047867400663,09:44:07.867,27.1000,100
35047867400663,09:44:07.867,27.1000,100
35061476721749,09:44:21.476,27.0900,100
35069059569705,09:44:29.059,27.0900,100
35069059574058,09:44:29.059,27.0900,100
35069059627240,09:44:29.059,27.0900,100
35071063333312,09:44:31.063,27.0900,100
35071063504341,09:44:31.063,27.0900,100
35071063566781,09:44:31.063,27.0900,100
35071063566781,09:44:31.063,27.0900,100
35071063566781,09:44:31.063,27.0900,100
35074790742918,09:44:34.790,27.0900,100
35075053353252,09:44:35.053,27.0800,100
35075053353252,09:44:35.053,27.0800,200
35075053353252,09:44:35.053,27.0800,195
35075053671980,09:44:35.053,27.0800,100
35075053671980,09:44:35.053,27.0800,100
35075053671980,09:44:35.053,27.0800,100
35075054389219,09:44:35.054,27.0800,100
35075054389219,09:44:35.054,27.0800,5
35075055738337,09:44:35.055,27.0800,200
35075055738337,09:44:35.055,27.0800,95
35075055738337,09:44:35.055,27.0800,5
35075071846432,09:44:35.071,27.0800,31
35076249020632,09:44:36.249,27.0700,100
35076249020632,09:44:36.249,27.0700,200
35076486654344,09:44:36.486,27.0600,100
35076486654344,09:44:36.486,27.0600,200
35076486654344,09:44:36.486,27.0600,100
35076488065824,09:44:36.488,27.0600,100
35076489479279,09:44:36.489,27.0500,100
35079687912759,09:44:39.687,27.0600,100
35079687912759,09:44:39.687,27.0600,100
35080186459949,09:44:40.186,27.0600,100
35080227308291,09:44:40.227,27.0500,100
35080227308291,09:44:40.227,27.0500,100
35080228910933,09:44:40.228,27.0500,100
35080229455219,09:44:40.229,27.0500,100
35086766198549,09:44:46.766,27.0700,100
35086777107987,09:44:46.777,27.0600,13
35102080803387,09:45:02.080,27.0900,100
35102080835605,09:45:02.080,27.0900,20
35102081913307,09:45:02.081,27.0800,200
35102467759938,09:45:02.467,27.0700,100
35116041516894,09:45:16.041,27.0800,11
35116043162597,09:45:16.043,27.0900,200
35116043162597,09:45:16.043,27.0900,11
35119599776732,09:45:19.599,27.1100,6
35130852946480,09:45:30.852,27.1100,100
35130853338170,09:45:30.853,27.1100,100
35130853377821,09:45:30.853,27.1100,100
35131063825113,09:45:31.063,27.1000,200
35131063825113,09:45:31.063,27.1000,100
35131280060827,09:45:31.280,27.0900,100
35131280060827,09:45:31.280,27.0900,4
35131280060827,09:45:31.280,27.0900,33
35131280060827,09:45:31.280,27.0900,163
35131280423287,09:45:31.280,27.0900,37
35131490363098,09:45:31.490,27.0800,100
35131490363098,09:45:31.490,27.0800,100
35131490363098,09:45:31.490,27.0800,3
35131989251758,09:45:31.989,27.0700,12
35146948922441,09:45:46.948,27.0900,100
35147602907267,09:45:47.602,27.1000,100
35151658407656,09:45:51.658,27.1100,100
35165276277197,09:46:05.276,27.1400,400
35165276317213,09:46:05.276,27.1400,100
35165276317213,09:46:05.276,27.1400,33
35178962933833,09:46:18.962,27.1600,7
35178964274243,09:46:18.964,27.1600,100
35178964320111,09:46:18.964,27.1600,100
35178964366891,09:46:18.964,27.1650,100
35178964438014,09:46:18.964,27.1650,100
35178964479847,09:46:18.964,27.1600,33
35178964479847,09:46:18.964,27.1600,100
35185018922295,09:46:25.018,27.1650,100
35217840103571,09:46:57.840,27.1800,100
35217840103571,09:46:57.840,27.1800,100
35217840103571,09:46:57.840,27.1800,200
35217840103571,09:46:57.840,27.1800,200
35217840103571,09:46:57.840,27.1800,100
35217840103571,09:46:57.840,27.1800,100
35217840228328,09:46:57.840,27.1800,100
35217840525682,09:46:57.840,27.1800,100
35217842152356,09:46:57.842,27.1800,3
35218045903035,09:46:58.045,27.1700,100
35218045903035,09:46:58.045,27.1700,100
35218046370044,09:46:58.046,27.1700,100
35218255108380,09:46:58.255,27.1600,100
35218255108380,09:46:58.255,27.1600,100
35218255108380,09:46:58.255,27.1600,200
35218303110046,09:46:58.303,27.1600,100
35218303110046,09:46:58.303,27.1600,100
35218303148802,09:46:58.303,27.1600,100
35229126897352,09:47:09.126,27.1800,11
35230025692101,09:47:10.025,27.1800,140
35230245274086,09:47:10.245,27.1700,200
35230245274086,09:47:10.245,27.1700,100
35230455428630,09:47:10.455,27.1600,200
35230455428630,09:47:10.455,27.1600,100
35230455428630,09:47:10.455,27.1600,100
35230664962894,09:47:10.664,27.1500,100
35230664962894,09:47:10.664,27.1500,5
35230664962894,09:47:10.664,27.1500,300
35230776365424,09:47:10.776,27.1500,100
35231808250033,09:47:11.808,27.1400,100
35231808250033,09:47:11.808,27.1400,100
35232030186994,09:47:12.030,27.1300,100
35232030186994,09:47:12.030,27.1300,3
35232030186994,09:47:12.030,27.1300,97
35232031325675,09:47:12.031,27.1300,100
35232031325675,09:47:12.031,27.1300,3
35232039630756,09:47:12.039,27.1300,100
35232039630756,09:47:12.039,27.1300,100
35258534928679,09:47:38.534,27.1400,100
35258534928679,09:47:38.534,27.1400,1
35258535196011,09:47:38.535,27.1400,100
35258535196011,09:47:38.535,27.1400,100
35259763736311,09:47:39.763,27.1300,36
35259763812414,09:47:39.763,27.1300,36
35259764245806,09:47:39.764,27.1300,28
35259764245806,09:47:39.764,27.1300,100
35259764245806,09:47:39.764,27.1300,4
35259764283480,09:47:39.764,27.1300,96
35285023563277,09:48:05.023,27.1300,3
35287892458375,09:48:07.892,27.1200,191
35287892477662,09:48:07.892,27.1200,9
35287892477662,09:48:07.892,27.1200,100
35287892477662,09:48:07.892,27.1200,3
35287892490297,09:48:07.892,27.1200,112
35287892962449,09:48:07.892,27.1200,100
35296459064667,09:48:16.459,27.1200,88
35296459064667,09:48:16.459,27.1200,100
35297938615778,09:48:17.938,27.1200,200
35297938615778,09:48:17.938,27.1200,100
35381074448730,09:49:41.074,27.1300,100
35381074448730,09:49:41.074,27.1300,3
35381074448730,09:49:41.074,27.1300,100
35381074567249,09:49:41.074,27.1300,100
35381075314498,09:49:41.075,27.1300,100
35385023297413,09:49:45.023,27.1200,1
35385023297413,09:49:45.023,27.1200,98
35385106375630,09:49:45.106,27.1200,1
35419047161357,09:50:19.047,27.1500,100
35419047161357,09:50:19.047,27.1500,300
35419048322868,09:50:19.048,27.1500,100
35421782106992,09:50:21.782,27.1500,200
35421782404867,09:50:21.782,27.1500,300
35421782404867,09:50:21.782,27.1500,100
35424252390480,09:50:24.252,27.1600,100
35435493762333,09:50:35.493,27.1600,100
35435493762333,09:50:35.493,27.1600,3
35435494325832,09:50:35.494,27.1600,100
35435494325832,09:50:35.494,27.1600,100
35435494552769,09:50:35.494,27.1600,100
35442914557894,09:50:42.914,27.1600,74
35442915245733,09:50:42.915,27.1600,26
35473457850581,09:51:13.457,27.1700,100
35477664706707,09:51:17.664,27.1700,1
35485521335237,09:51:25.521,27.1700,99
35485521335237,09:51:25.521,27.1700,100
35485521335237,09:51:25.521,27.1700,300
35485521335237,09:51:25.521,27.1700,100
35485521335237,09:51:25.521,27.1700,3
35485521374999,09:51:25.521,27.1700,100
35485521376441,09:51:25.521,27.1700,126
35485521474806,09:51:25.521,27.1700,17
35485521554824,09:51:25.521,27.1700,100
35485521574024,09:51:25.521,27.1700,100
35506334788879,09:51:46.334,27.1550,100
35531130607266,09:52:11.130,27.1500,1
35531952415310,09:52:11.952,27.1500,199
35531952415310,09:52:11.952,27.1500,100
35531952415310,09:52:11.952,27.1500,3
35531952415310,09:52:11.952,27.1500,100
35531952415310,09:52:11.952,27.1500,200
35533761725826,09:52:13.761,27.1400,200
35533761938993,09:52:13.761,27.1400,3
35533761938993,09:52:13.761,27.1400,100
35540626244435,09:52:20.626,27.1300,200
35540626244435,09:52:20.626,27.1300,100
35543020122062,09:52:23.020,27.1200,100
35545262127930,09:52:25.262,27.1100,47
35566604896711,09:52:46.604,27.1150,100
35586278368308,09:53:06.278,27.1200,3
35587183309090,09:53:07.183,27.1150,100
35592511603000,09:53:12.511,27.1100,53
35592511603000,09:53:12.511,27.1100,100
35592512041428,09:53:12.512,27.1100,100
35592512315269,09:53:12.512,27.1100,53
35592512387269,09:53:12.512,27.1100,47
35599077840252,09:53:19.077,27.1000,2
35599078474474,09:53:19.078,27.1000,100
35599078474474,09:53:19.078,27.1000,100
35599078474474,09:53:19.078,27.1000,1
35599078474474,09:53:19.078,27.1000,198
35599079549817,09:53:19.079,27.1000,2
35599079549817,09:53:19.079,27.1000,100
35614338031897,09:53:34.338,27.0900,200
35614338031897,09:53:34.338,27.0900,200
35620983497429,09:53:40.983,27.0800,100
35626122084972,09:53:46.122,27.0750,100
35626122084972,09:53:46.122,27.0800,100
35626122084972,09:53:46.122,27.0800,79
35626122084972,09:53:46.122,27.0800,100
35626122084972,09:53:46.122,27.0800,64
35626122088808,09:53:46.122,27.0800,36
35626122155742,09:53:46.122,27.0800,100
35639020884893,09:53:59.020,27.0950,100
35642636576134,09:54:02.636,27.1000,100
35666453595602,09:54:26.453,27.1000,1
35666453603474,09:54:26.453,27.1000,2
35666453603474,09:54:26.453,27.1000,2
35666453605404,09:54:26.453,27.1000,1
35666453609218,09:54:26.453,27.1000,1
35666453609752,09:54:26.453,27.1000,1
35666453611668,09:54:26.453,27.1000,1
35666453612216,09:54:26.453,27.1000,1
35666453615899,09:54:26.453,27.1000,1
35666453616540,09:54:26.453,27.1000,2
35666453619874,09:54:26.453,27.1000,1
35666453626639,09:54:26.453,27.1000,1
35666453627138,09:54:26.453,27.1000,4
35667203338605,09:54:27.203,27.1000,18
35680258593721,09:54:40.258,27.1100,100
35680258593721,09:54:40.258,27.1100,100
35680258593721,09:54:40.258,27.1100,13
35680266875707,09:54:40.266,27.1100,1
35684439000030,09:54:44.439,27.1200,11
35710206192449,09:55:10.206,27.1200,100
35710206192449,09:55:10.206,27.1200,200
35710206192449,09:55:10.206,27.1200,1
35723582637007,09:55:23.582,27.1100,200
35731063652496,09:55:31.063,27.1150,221
35731064832307,09:55:31.064,27.1150,79
35731064832307,09:55:31.064,27.1100,100
35731064832307,09:55:31.064,27.1100,21
35731069723489,09:55:31.069,27.1100,3
35752381223145,09:55:52.381,27.1000,66
35752381223145,09:55:52.381,27.1000,100
35752381223145,09:55:52.381,27.1000,200
35752381223145,09:55:52.381,27.1000,100
35752381223145,09:55:52.381,27.1000,4
35752381223145,09:55:52.381,27.1000,200
35752381223145,09:55:52.381,27.1000,100
35752381394592,09:55:52.381,27.1000,100
35752381424478,09:55:52.381,27.1000,100
35752381469982,09:55:52.381,27.1000,100
35761684008715,09:56:01.684,27.0800,4
35761684008715,09:56:01.684,27.0800,200
35761714419925,09:56:01.714,27.0700,100
35761714419925,09:56:01.714,27.0700,1
35779413969012,09:56:19.413,27.0400,1
35779413969012,09:56:19.413,27.0400,100
35779414213536,09:56:19.414,27.0400,100
35779414213536,09:56:19.414,27.0400,1
35779414248803,09:56:19.414,27.0400,99
35779893750450,09:56:19.893,27.0350,100
35779893750450,09:56:19.893,27.0400,1
35779893750450,09:56:19.893,27.0400,99
35788835992862,09:56:28.835,27.0400,100
35788835992862,09:56:28.835,27.0400,1
35788835992862,09:56:28.835,27.0400,99
35788835992862,09:56:28.835,27.0400,1
35798039436362,09:56:38.039,27.0400,100
35819668227489,09:56:59.668,27.0500,100
35827434281040,09:57:07.434,27.0500,100
35831524519749,09:57:11.524,27.0600,100
35831524519749,09:57:11.524,27.0600,11
35847100527916,09:57:27.100,27.0650,3
35847100527916,09:57:27.100,27.0650,2
35847100527916,09:57:27.100,27.0650,2
35847100527916,09:57:27.100,27.0650,2
35847100527916,09:57:27.100,27.0650,1
35847100527916,09:57:27.100,27.0650,3
35847100527916,09:57:27.100,27.0650,1
35847100527916,09:57:27.100,27.0650,2
35847100527916,09:57:27.100,27.0650,1
35847100527916,09:57:27.100,27.0650,1
35847100527916,09:57:27.100,27.0650,1
35847100527916,09:57:27.100,27.0650,1
35847100527916,09:57:27.100,27.0650,1
35847100527916,09:57:27.100,27.0650,2
35847100527916,09:57:27.100,27.0650,3
35847100527916,09:57:27.100,27.0650,2
35847100527916,09:57:27.100,27.0650,1
35847100527916,09:57:27.100,27.0650,1
35847100527916,09:57:27.100,27.0650,1
35847100527916,09:57:27.100,27.0650,1
35847100527916,09:57:27.100,27.0650,3
35847100527916,09:57:27.100,27.0650,2
35847100527916,09:57:27.100,27.0650,1
35847100527916,09:57:27.100,27.0700,62
35848306461511,09:57:28.306,27.0700,38
35848306461511,09:57:28.306,27.0700,100
35848306461511,09:57:28.306,27.0700,100
35848306461511,09:57:28.306,27.0700,62
35848307166734,09:57:28.307,27.0700,100
35848979557890,09:57:28.979,27.0750,4
35849062240143,09:57:29.062,27.0800,100
35849062269560,09:57:29.062,27.0800,11
35849062282629,09:57:29.062,27.0800,11
35849062340807,09:57:29.062,27.0800,11
35851239191322,09:57:31.239,27.0800,200
35851239191322,09:57:31.239,27.0800,100
35851239191322,09:57:31.239,27.0800,200
35851239191322,09:57:31.239,27.0800,100
35862957825275,09:57:42.957,27.0600,100
35862957825275,09:57:42.957,27.0600,100
35862957825275,09:57:42.957,27.0600,100
35862957843527,09:57:42.957,27.0600,100
35862958432053,09:57:42.958,27.0600,100
35883167120148,09:58:03.167,27.0550,10
35885032752979,09:58:05.032,27.0500,100
35885032752979,09:58:05.032,27.0500,100
35885032752979,09:58:05.032,27.0500,200
35885034054559,09:58:05.034,27.0500,60
35885034069182,09:58:05.034,27.0500,40
35885034069182,09:58:05.034,27.0500,100
35907138744023,09:58:27.138,27.0450,3
35911125699423,09:58:31.125,27.0400,100
35911127935465,09:58:31.127,27.0400,100
35911142593750,09:58:31.142,27.0400,3
35911142593750,09:58:31.142,27.0400,100
35911142596868,09:58:31.142,27.0400,100
35936171198993,09:58:56.171,27.0350,87
35936171198993,09:58:56.171,27.0400,100
35936171198993,09:58:56.171,27.0400,100
35936171198993,09:58:56.171,27.0400,64
35936171203548,09:58:56.171,27.0400,36
35936171203548,09:58:56.171,27.0400,100
35936171203548,09:58:56.171,27.0400,100
35936171203548,09:58:56.171,27.0400,7
35936171205567,09:58:56.171,27.0400,93
35936171205567,09:58:56.171,27.0400,100
35936171205567,09:58:56.171,27.0400,51
35936171229919,09:58:56.171,27.0400,149
35936171229919,09:58:56.171,27.0400,487
35936171245785,09:58:56.171,27.0400,113
35969803407259,09:59:29.803,27.0400,100
35969805167824,09:59:29.805,27.0400,100
35969805167824,09:59:29.805,27.0400,100
35969806186192,09:59:29.806,27.0400,100
35969806332566,09:59:29.806,27.0400,100
35969806343084,09:59:29.806,27.0400,99
35969881447018,09:59:29.881,27.0350,2
35987866437997,09:59:47.866,27.0450,4
35991287088677,09:59:51.287,27.0450,2
35996397761496,09:59:56.397,27.0450,92
35996397761496,09:59:56.397,27.0500,100
35996397761496,09:59:56.397,27.0500,408
35996397790398,09:59:56.397,27.0500,92
35996399202455,09:59:56.399,27.0600,100
35997602066249,09:59:57.602,27.0600,11
35997602066249,09:59:57.602,27.0600,11
35997602066249,09:59:57.602,27.0600,178
35997602106706,09:59:57.602,27.0600,100
35997602136141,09:59:57.602,27.0600,322
36000494907446,10:00:00.494,27.0700,2
36000494934735,10:00:00.494,27.0700,98
36000494934735,10:00:00.494,27.0700,100
36000619210346,10:00:00.619,27.0700,100
36000619877195,10:00:00.619,27.0700,100
36000619877195,10:00:00.619,27.0700,48
36000619930084,10:00:00.619,27.0700,52
36010864659495,10:00:10.864,27.0800,100
36010864659495,10:00:10.864,27.0800,100
36010864659495,10:00:10.864,27.0800,100
36010864659495,10:00:10.864,27.0800,153
36010864661742,10:00:10.864,27.0800,47
36010877205288,10:00:10.877,27.0800,8
36011966575664,10:00:11.966,27.0700,100
36011966575664,10:00:11.966,27.0700,1
36011966575664,10:00:11.966,27.0700,100
36013182036622,10:00:13.182,27.0700,100
36028891116574,10:00:28.891,27.0700,200
36034272584942,10:00:34.272,27.0700,10
36061617265588,10:01:01.617,27.0700,100
36062043301122,10:01:02.043,27.0700,100
36062043301122,10:01:02.043,27.0700,100
36062043301122,10:01:02.043,27.0700,40
36072655418371,10:01:12.655,27.0700,100
36080355672814,10:01:20.355,27.0600,100
36080355672814,10:01:20.355,27.0600,100
36080355867141,10:01:20.355,27.0600,100
36080355983723,10:01:20.355,27.0600,100
36080355983723,10:01:20.355,27.0600,100
36080355983723,10:01:20.355,27.0600,82
36080358288461,10:01:20.358,27.0600,100
36080358288461,10:01:20.358,27.0600,18
36080358288461,10:01:20.358,27.0600,82
36083359284607,10:01:23.359,27.0600,18
36088326452721,10:01:28.326,27.0600,100
36097006139222,10:01:37.006,27.0650,100
36098389172503,10:01:38.389,27.0700,200
36102553944853,10:01:42.553,27.0800,100
36117274985056,10:01:57.274,27.0700,100
36117275943619,10:01:57.275,27.0700,100
36122298820387,10:02:02.298,27.0800,200
36133733946523,10:02:13.733,27.0800,100
36133733946523,10:02:13.733,27.0800,100
36133734125659,10:02:13.734,27.0800,100
36133734125659,10:02:13.734,27.0800,100
36133734225323,10:02:13.734,27.0800,100
36133746945950,10:02:13.746,27.0800,11
36134250018011,10:02:14.250,27.0750,200
36148175628223,10:02:28.175,27.0800,21
36148175628223,10:02:28.175,27.0800,79
36148175655546,10:02:28.175,27.0800,21
36156502798145,10:02:36.502,27.0800,10
36156502798145,10:02:36.502,27.0800,8
36156502798145,10:02:36.502,27.0800,82
36156502856743,10:02:36.502,27.0800,18
36156502856743,10:02:36.502,27.0800,82
36156502921140,10:02:36.502,27.0800,18
36156503524937,10:02:36.503,27.0800,100
36156503610530,10:02:36.503,27.0800,100
36158283228261,10:02:38.283,27.0700,95
36163335564513,10:02:43.335,27.0700,5
36163335564513,10:02:43.335,27.0700,95
36166647057405,10:02:46.647,27.0700,5
36166647057405,10:02:46.647,27.0700,100
36166647057405,10:02:46.647,27.0700,7
36166647057405,10:02:46.647,27.0700,100
36166673397817,10:02:46.673,27.0600,100
36166673397817,10:02:46.673,27.0600,100
36166673397817,10:02:46.673,27.0600,100
36166673397817,10:02:46.673,27.0600,2
36166673397817,10:02:46.673,27.0600,98
36166673461881,10:02:46.673,27.0600,2
36166690531018,10:02:46.690,27.0600,100
36166690531018,10:02:46.690,27.0500,300
36166690531018,10:02:46.690,27.0500,100
36167513172174,10:02:47.513,27.0400,1
36167513172174,10:02:47.513,27.0400,100
36167513172174,10:02:47.513,27.0400,100
36167513172174,10:02:47.513,27.0400,4
36167513172174,10:02:47.513,27.0400,100
36167513172174,10:02:47.513,27.0400,300
36170980945876,10:02:50.980,27.0500,238
36170980978138,10:02:50.980,27.0500,62
36170980978138,10:02:50.980,27.0500,100
36170980978138,10:02:50.980,27.0500,100
36170982060012,10:02:50.982,27.0500,100
36177455901212,10:02:57.455,27.0600,100
36177464477397,10:02:57.464,27.0600,100
36189020565942,10:03:09.020,27.0500,200
36189020565942,10:03:09.020,27.0500,100
36189020565942,10:03:09.020,27.0500,29
36189170887365,10:03:09.170,27.0500,100
36203235626356,10:03:23.235,27.0400,100
36203235699775,10:03:23.235,27.0400,100
36219483773080,10:03:39.483,27.0400,100
36228019945390,10:03:48.019,27.0400,100
36240876318396,10:04:00.876,27.0350,100
36240876318396,10:04:00.876,27.0400,59
36240876341652,10:04:00.876,27.0400,41
36240876341652,10:04:00.876,27.0400,200
36240876411650,10:04:00.876,27.0400,100
36246556478073,10:04:06.556,27.0400,100
36270092883036,10:04:30.092,27.0300,13
36270092883036,10:04:30.092,27.0300,100
36270092883036,10:04:30.092,27.0300,200
36270092883036,10:04:30.092,27.0300,100
36270092883036,10:04:30.092,27.0300,100
36270092883036,10:04:30.092,27.0300,100
36270092978383,10:04:30.092,27.0300,100
36270092981679,10:04:30.092,27.0300,100
36270092981679,10:04:30.092,27.0300,100
36270092999138,10:04:30.092,27.0300,100
36270092999138,10:04:30.092,27.0300,100
36270093026368,10:04:30.093,27.0300,100
36277384114661,10:04:37.384,27.0300,100
36289293657861,10:04:49.293,27.0300,100
36296260920759,10:04:56.260,27.0200,100
36296260920759,10:04:56.260,27.0200,100
36296260920759,10:04:56.260,27.0200,200
36296260920759,10:04:56.260,27.0200,7
36296260920759,10:04:56.260,27.0200,200
36296260920759,10:04:56.260,27.0200,87
36296261075237,10:04:56.261,27.0200,100
36296261075237,10:04:56.261,27.0200,100
36296261075237,10:04:56.261,27.0200,100
36296261075237,10:04:56.261,27.0200,100
36296261106922,10:04:56.261,27.0200,100
36296261217847,10:04:56.261,27.0200,13
36296261217847,10:04:56.261,27.0200,87
36296261338765,10:04:56.261,27.0200,13
36296261338765,10:04:56.261,27.0200,87
36296261470619,10:04:56.261,27.0200,13
36308850373214,10:05:08.850,27.0100,100
36308850373214,10:05:08.850,27.0100,200
36308850373214,10:05:08.850,27.0100,100
36308850373214,10:05:08.850,27.0100,200
36310018583778,10:05:10.018,27.0100,100
36310018583778,10:05:10.018,27.0100,100
36310018583778,10:05:10.018,27.0100,81
36310018583778,10:05:10.018,27.0100,100
36310018583778,10:05:10.018,27.0100,100
36310018583778,10:05:10.018,27.0100,21
36310482020808,10:05:10.482,27.0200,100
36310482020808,10:05:10.482,27.0200,100
36311021441905,10:05:11.021,27.0200,52
36311021441905,10:05:11.021,27.0200,100
36311021441905,10:05:11.021,27.0200,148
36311021908066,10:05:11.021,27.0200,52
36321857018323,10:05:21.857,27.0150,100
36326722600489,10:05:26.722,27.0300,100
36329224825207,10:05:29.224,27.0200,9
36333813390279,10:05:33.813,27.0200,100
36347201012602,10:05:47.201,27.0300,200
36347201012602,10:05:47.201,27.0300,100
36347201012602,10:05:47.201,27.0300,100
36348481969408,10:05:48.481,27.0400,10
36352101609720,10:05:52.101,27.0300,100
36352101609720,10:05:52.101,27.0300,100
36352101609720,10:05:52.101,27.0300,100
36352101609720,10:05:52.101,27.0300,200
36352101609720,10:05:52.101,27.0300,100
36352101609720,10:05:52.101,27.0300,100
36352101609720,10:05:52.101,27.0300,76
36352101609720,10:05:52.101,27.0300,700
36360871309382,10:06:00.871,27.0300,100
36360875385047,10:06:00.875,27.0300,500
36360875442698,10:06:00.875,27.0300,300
36360875765333,10:06:00.875,27.0300,100
36360875765333,10:06:00.875,27.0300,100
36362626096694,10:06:02.626,27.0300,100
36362627464133,10:06:02.627,27.0300,100
36362627464133,10:06:02.627,27.0300,100
36362629226315,10:06:02.629,27.0300,100
36362629226315,10:06:02.629,27.0300,54
36367640006229,10:06:07.640,27.0400,7
36367640006229,10:06:07.640,27.0400,93
36367640334197,10:06:07.640,27.0400,7
36367640334197,10:06:07.640,27.0400,100
36367640334197,10:06:07.640,27.0400,100
36367640334197,10:06:07.640,27.0400,21
36367640334197,10:06:07.640,27.0400,100
36395145392878,10:06:35.145,27.0500,100
36395145392878,10:06:35.145,27.0500,100
36395145392878,10:06:35.145,27.0500,200
36395392136634,10:06:35.392,27.0500,100
36395395965572,10:06:35.395,27.0500,54
36395395965572,10:06:35.395,27.0500,46
36403426513985,10:06:43.426,27.0400,200
36403426513985,10:06:43.426,27.0400,300
36403426930966,10:06:43.426,27.0400,100
36407022113575,10:06:47.022,27.0200,400
36407022113575,10:06:47.022,27.0200,100
36407022113575,10:06:47.022,27.0200,4
36413656515450,10:06:53.656,27.0150,3
36413656515450,10:06:53.656,27.0150,3
36413656515450,10:06:53.656,27.0150,1
36413656515450,10:06:53.656,27.0200,100
36413656515450,10:06:53.656,27.0200,93
36413656973226,10:06:53.656,27.0200,7
36415175719048,10:06:55.175,27.0200,100
36415175719048,10:06:55.175,27.0200,100
36418175688240,10:06:58.175,27.0100,100
36418175688240,10:06:58.175,27.0100,300
36418175688240,10:06:58.175,27.0100,200
36418175688240,10:06:58.175,27.0100,100
36418175688240,10:06:58.175,27.0100,30
36418175722774,10:06:58.175,27.0100,170
36418175737225,10:06:58.175,27.0100,100
36418175737225,10:06:58.175,27.0100,70
36418175808951,10:06:58.175,27.0100,30
36418175808951,10:06:58.175,27.0100,100
36418379433755,10:06:58.379,27.0100,100
36418379515419,10:06:58.379,27.0100,54
36418379515419,10:06:58.379,27.0100,100
36422533729651,10:07:02.533,27.0200,100
36422533729651,10:07:02.533,27.0200,200
36427021574033,10:07:07.021,27.0100,100
36452756386753,10:07:32.756,27.0000,200
36452756386753,10:07:32.756,27.0000,300
36452756386753,10:07:32.756,27.0000,300
36452759475995,10:07:32.759,27.0000,200
36452759475995,10:07:32.759,27.0000,33
36452759475995,10:07:32.759,27.0000,100
36452759475995,10:07:32.759,27.0000,100
36452759475995,10:07:32.759,27.0000,200
36452759475995,10:07:32.759,27.0000,100
36452759475995,10:07:32.759,27.0000,41
36452759591164,10:07:32.759,27.0000,34
36452759591164,10:07:32.759,27.0000,34
36452759622989,10:07:32.759,27.0000,100
36452759622989,10:07:32.759,27.0000,300
36452759781552,10:07:32.759,27.0000,100
36452789370102,10:07:32.789,27.0000,56
36452935146424,10:07:32.935,27.0000,100
36452935146424,10:07:32.935,27.0000,33
36452935146424,10:07:32.935,27.0000,55
36452935146424,10:07:32.935,27.0000,200
36452935146424,10:07:32.935,27.0000,100
36453181404430,10:07:33.181,27.0000,100
36453181404430,10:07:33.181,27.0000,100
36453181949083,10:07:33.181,27.0000,100
36453181949083,10:07:33.181,27.0000,100
36453182054115,10:07:33.182,27.0000,100
36453182220971,10:07:33.182,27.0000,12
36453337733563,10:07:33.337,26.9900,100
36453337733563,10:07:33.337,26.9900,100
36453337733563,10:07:33.337,26.9900,100
36453337733563,10:07:33.337,26.9900,100
36454830053464,10:07:34.830,26.9900,100
36454830053464,10:07:34.830,26.9900,100
36454830149165,10:07:34.830,26.9900,100
36456714933224,10:07:36.714,26.9900,100
36456714933224,10:07:36.714,26.9900,100
36456815506527,10:07:36.815,26.9900,33
36456815506527,10:07:36.815,26.9900,67
36456815584044,10:07:36.815,26.9900,100
36456815584044,10:07:36.815,26.9900,100
36456815584044,10:07:36.815,26.9900,100
36456815584044,10:07:36.815,26.9900,100
36457856420322,10:07:37.856,27.0000,300
36457856420322,10:07:37.856,27.0000,200
36458589354588,10:07:38.589,27.0100,100
36458589354588,10:07:38.589,27.0100,100
36458792633920,10:07:38.792,27.0100,400
36458792633920,10:07:38.792,27.0100,100
36460051906659,10:07:40.051,27.0100,100
36460052244317,10:07:40.052,27.0100,100
36460052244317,10:07:40.052,27.0100,100
36460052244317,10:07:40.052,27.0100,100
36460052244317,10:07:40.052,27.0100,350
36464525522064,10:07:44.525,27.0100,200
36469230063280,10:07:49.230,27.0000,100
36470021224060,10:07:50.021,27.0000,200
36470021342930,10:07:50.021,27.0000,100
36470021342930,10:07:50.021,27.0000,200
36470021342930,10:07:50.021,27.0000,100
36470021342930,10:07:50.021,27.0000,100
36470021342930,10:07:50.021,27.0000,100
36470021342930,10:07:50.021,27.0000,100
36470021342930,10:07:50.021,27.0000,100
36492758484970,10:08:12.758,27.0050,4
36492758484970,10:08:12.758,27.0050,1
36492758484970,10:08:12.758,27.0050,2
36492758484970,10:08:12.758,27.0050,1
36492758484970,10:08:12.758,27.0050,1
36492758484970,10:08:12.758,27.0050,1
36492758484970,10:08:12.758,27.0050,4
36492758484970,10:08:12.758,27.0050,1
36492758484970,10:08:12.758,27.0050,1
36492758484970,10:08:12.758,27.0050,1
36492758484970,10:08:12.758,27.0050,1
36492758484970,10:08:12.758,27.0050,1
36492758484970,10:08:12.758,27.0050,1
36492758484970,10:08:12.758,27.0050,1
36492758484970,10:08:12.758,27.0050,1
36492758484970,10:08:12.758,27.0050,1
36492758484970,10:08:12.758,27.0100,100
36492758484970,10:08:12.758,27.0100,22
36499493272503,10:08:19.493,27.0000,200
36499493272503,10:08:19.493,27.0000,200
36499493305466,10:08:19.493,27.0000,200
36499493401052,10:08:19.493,27.0000,100
36499493634675,10:08:19.493,27.0000,100
36499494174982,10:08:19.494,27.0000,100
36504776923067,10:08:24.776,27.0100,100
36505790520797,10:08:25.790,27.0100,100
36524940228528,10:08:44.940,27.0200,100
36537664393706,10:08:57.664,27.0250,100
36537664393706,10:08:57.664,27.0300,138
36537664393706,10:08:57.664,27.0300,400
36537664425901,10:08:57.664,27.0300,100
36540820871238,10:09:00.820,27.0400,100
36541098345630,10:09:01.098,27.0500,100
36541098372204,10:09:01.098,27.0500,100
36541222844770,10:09:01.222,27.0600,100
36544656674150,10:09:04.656,27.0500,100
36544656674150,10:09:04.656,27.0500,100
36544656674150,10:09:04.656,27.0500,200
36551978016893,10:09:11.978,27.0400,59
36552868955634,10:09:12.868,27.0400,100
36558862497801,10:09:18.862,27.0500,100
36579843160586,10:09:39.843,27.0500,200
36579843160586,10:09:39.843,27.0500,44
36579843195114,10:09:39.843,27.0500,56
36587450427574,10:09:47.450,27.0500,100
36587824750651,10:09:47.824,27.0500,100
36589149114038,10:09:49.149,27.0500,200
36609129484863,10:10:09.129,27.0500,200
36609129595162,10:10:09.129,27.0500,200
36609129618489,10:10:09.129,27.0500,100
36615008313505,10:10:15.008,27.0400,200
36615008313505,10:10:15.008,27.0400,100
36615008313505,10:10:15.008,27.0400,300
36615008313505,10:10:15.008,27.0400,100
36615008615433,10:10:15.008,27.0400,200
36615008615433,10:10:15.008,27.0400,100
36615008615433,10:10:15.008,27.0400,100
36615008644823,10:10:15.008,27.0400,100
36615729940232,10:10:15.729,27.0350,1
36615729940232,10:10:15.729,27.0350,1
36615729940232,10:10:15.729,27.0400,100
36615729940232,10:10:15.729,27.0400,22
36618661690275,10:10:18.661,27.0400,70
36621744626922,10:10:21.744,27.0400,100
36621911150898,10:10:21.911,27.0400,100
36621911150898,10:10:21.911,27.0400,100
36621915743474,10:10:21.915,27.0400,59
36629895553682,10:10:29.895,27.0500,100
36631008018330,10:10:31.008,27.0500,100
36632258359133,10:10:32.258,27.0400,241
36632258359133,10:10:32.258,27.0400,159
36632258389824,10:10:32.258,27.0400,41
36639013041419,10:10:39.013,27.0400,59
36646885359359,10:10:46.885,27.0300,300
36646885359359,10:10:46.885,27.0300,200
36646885359359,10:10:46.885,27.0300,100
36646885359359,10:10:46.885,27.0300,100
36646885736160,10:10:46.885,27.0300,100
36646885908089,10:10:46.885,27.0300,86
36646885922843,10:10:46.885,27.0300,114
36646885922843,10:10:46.885,27.0300,100
36646885922843,10:10:46.885,27.0300,400
36651758971853,10:10:51.758,27.0250,100
36651758971853,10:10:51.758,27.0300,7
36651758999465,10:10:51.758,27.0300,100
36663974185599,10:11:03.974,27.0300,200
36663974185599,10:11:03.974,27.0300,200
36665587554390,10:11:05.587,27.0200,200
36665587554390,10:11:05.587,27.0200,100
36665587957116,10:11:05.587,27.0200,200
36665587957116,10:11:05.587,27.0200,27
36665587986962,10:11:05.587,27.0200,73
36665587986962,10:11:05.587,27.0200,100
36665588036736,10:11:05.588,27.0200,100
36667010277762,10:11:07.010,27.0300,100
36670738649124,10:11:10.738,27.0200,71
36670747463256,10:11:10.747,27.0200,200
36670747463256,10:11:10.747,27.0200,10
36671056374918,10:11:11.056,27.0200,90
36671056374918,10:11:11.056,27.0200,10
36676020591380,10:11:16.020,27.0200,100
36689761887625,10:11:29.761,27.0200,100
36691247830232,10:11:31.247,27.0300,100
36691247830232,10:11:31.247,27.0300,100
36691247830232,10:11:31.247,27.0300,100
36691247830232,10:11:31.247,27.0300,100
36703071474520,10:11:43.071,27.0300,200
36703071474520,10:11:43.071,27.0300,100
36703071474520,10:11:43.071,27.0300,100
36703071474520,10:11:43.071,27.0300,100
36703071474520,10:11:43.071,27.0300,200
36704700831283,10:11:44.700,27.0300,200
36704700831283,10:11:44.700,27.0300,100
36705495723463,10:11:45.495,27.0300,124
36705495723463,10:11:45.495,27.0300,100
36705495723463,10:11:45.495,27.0300,100
36705495723463,10:11:45.495,27.0300,100
36706498682958,10:11:46.498,27.0400,100
36706498682958,10:11:46.498,27.0400,100
36708691881213,10:11:48.691,27.0500,1
36708692451353,10:11:48.692,27.0500,99
36711079816120,10:11:51.079,27.0500,100
36711204054890,10:11:51.204,27.0500,100
36711204857011,10:11:51.204,27.0500,60
36715345728552,10:11:55.345,27.0500,300
36715345728552,10:11:55.345,27.0500,100
36717042087973,10:11:57.042,27.0500,100
36717186141485,10:11:57.186,27.0500,60
36717186141485,10:11:57.186,27.0500,40
36724247940769,10:12:04.247,27.0600,22
36724249396681,10:12:04.249,27.0700,100
36727014759826,10:12:07.014,27.0800,100
36727014785425,10:12:07.014,27.0800,100
36735494103375,10:12:15.494,27.0800,300
36735494103375,10:12:15.494,27.0800,500
36742429294880,10:12:22.429,27.0800,100
36742429294880,10:12:22.429,27.0800,100
36759451434007,10:12:39.451,27.0800,100
36759451434007,10:12:39.451,27.0800,100
36759451434007,10:12:39.451,27.0800,200
36759452291150,10:12:39.452,27.0800,100
36759452291150,10:12:39.452,27.0800,100
36759452291150,10:12:39.452,27.0800,100
36759452291150,10:12:39.452,27.0800,100
36759452291150,10:12:39.452,27.0800,100
36759452291150,10:12:39.452,27.0800,100
36759452291150,10:12:39.452,27.0800,100
36759452291150,10:12:39.452,27.0800,100
36759452291150,10:12:39.452,27.0800,100
36759560092749,10:12:39.560,27.0800,100
36759560092749,10:12:39.560,27.0800,100
36759560092749,10:12:39.560,27.0800,61
36759560092749,10:12:39.560,27.0800,100
36761650927786,10:12:41.650,27.0800,100
36761650927786,10:12:41.650,27.0800,200
36761650927786,10:12:41.650,27.0800,300
36765797870699,10:12:45.797,27.0700,100
36765797870699,10:12:45.797,27.0700,300
36765797870699,10:12:45.797,27.0700,300
36765797870699,10:12:45.797,27.0700,200
36765797870699,10:12:45.797,27.0700,200
36765797974661,10:12:45.797,27.0700,200
36770561481016,10:12:50.561,27.0700,100
36773837954648,10:12:53.837,27.0700,100
36778182668037,10:12:58.182,27.0600,400
36778182668037,10:12:58.182,27.0600,200
36778182668037,10:12:58.182,27.0600,300
36778183218821,10:12:58.183,27.0600,200
36778183218821,10:12:58.183,27.0600,100
36778183218821,10:12:58.183,27.0600,100
36778183218821,10:12:58.183,27.0600,100
36779723615847,10:12:59.723,27.0550,100
36779723630951,10:12:59.723,27.0600,100
36783188833974,10:13:03.188,27.0700,100
36783188833974,10:13:03.188,27.0700,300
36783188833974,10:13:03.188,27.0700,100
36805200538663,10:13:25.200,27.0700,22
36807522822334,10:13:27.522,27.0800,100
36807522822334,10:13:27.522,27.0800,100
36807522822334,10:13:27.522,27.0800,100
36807522822334,10:13:27.522,27.0800,100
36807534496134,10:13:27.534,27.0900,100
36807534496134,10:13:27.534,27.0900,100
36807534496134,10:13:27.534,27.0900,100
36815431872370,10:13:35.431,27.0900,100
36815431885049,10:13:35.431,27.0900,200
36815431885049,10:13:35.431,27.0900,74
36815432925276,10:13:35.432,27.0900,100
36815433086745,10:13:35.433,27.0900,100
36815433086745,10:13:35.433,27.0900,100
36815433086745,10:13:35.433,27.0900,100
36815433657125,10:13:35.433,27.0900,100
36815434358758,10:13:35.434,27.0900,100
36827378240204,10:13:47.378,27.0900,100
36827724899018,10:13:47.724,27.1000,100
36827724981871,10:13:47.724,27.1000,100
36844039320903,10:14:04.039,27.0900,100
36844039320903,10:14:04.039,27.0900,200
36844039320903,10:14:04.039,27.0900,100
36844039320903,10:14:04.039,27.0900,100
36844039320903,10:14:04.039,27.0900,100
36844040062238,10:14:04.040,27.0900,100
36844040062238,10:14:04.040,27.0900,26
36844040062238,10:14:04.040,27.0900,200
36872201048709,10:14:32.201,27.0850,100
36883481721088,10:14:43.481,27.0900,100
36883481721088,10:14:43.481,27.0900,22
36883481721088,10:14:43.481,27.0900,200
36883481721088,10:14:43.481,27.0900,89
36883481747099,10:14:43.481,27.0900,300
36908938359346,10:15:08.938,27.0900,26
36908940222840,10:15:08.940,27.0900,74
36908940222840,10:15:08.940,27.0900,100
36908940222840,10:15:08.940,27.0900,100
36908940222840,10:15:08.940,27.0900,14
36908940790144,10:15:08.940,27.0900,86
36908940790144,10:15:08.940,27.0900,100
36908940790144,10:15:08.940,27.0900,59
36908940828996,10:15:08.940,27.0900,186
36908940872215,10:15:08.940,27.0900,32
36908940889915,10:15:08.940,27.0900,23
36908940889915,10:15:08.940,27.0900,200
36908940889915,10:15:08.940,27.0900,100
36917441439607,10:15:17.441,27.0900,100
36917441439607,10:15:17.441,27.0900,100
36923972856516,10:15:23.972,27.0900,100
36927074362453,10:15:27.074,27.0900,100
36927074362453,10:15:27.074,27.0900,100
36935958981903,10:15:35.958,27.0800,85
36949394715524,10:15:49.394,27.1000,100
36949394715524,10:15:49.394,27.1000,100
36979459947603,10:16:19.459,27.1100,100
36997299443077,10:16:37.299,27.1000,100
36997299443077,10:16:37.299,27.1000,200
36997299443077,10:16:37.299,27.1000,100
36997299443077,10:16:37.299,27.1000,200
36997299443077,10:16:37.299,27.1000,200
36997299443077,10:16:37.299,27.1000,100
36997299443077,10:16:37.299,27.1000,100
36997299982187,10:16:37.299,27.1000,200
36997300118879,10:16:37.300,27.1000,100
36997300287650,10:16:37.300,27.1000,100
36997300287650,10:16:37.300,27.1000,100
36997300287650,10:16:37.300,27.1000,100
36997300287650,10:16:37.300,27.1000,100
36997346195173,10:16:37.346,27.0950,100
36998030185984,10:16:38.030,27.1000,100
37005212521859,10:16:45.212,27.0900,200
37005212521859,10:16:45.212,27.0900,100
37005213261344,10:16:45.213,27.0900,200
37017875279754,10:16:57.875,27.0800,215
37017875279754,10:16:57.875,27.0800,100
37017875298440,10:16:57.875,27.0800,200
37017875298440,10:16:57.875,27.0800,44
37017875358642,10:16:57.875,27.0800,56
37017875358642,10:16:57.875,27.0800,44
37017875361452,10:16:57.875,27.0800,56
37017875361452,10:16:57.875,27.0800,44
37017875740556,10:16:57.875,27.0800,256
37017875740556,10:16:57.875,27.0800,100
37017875740556,10:16:57.875,27.0800,100
37017875740556,10:16:57.875,27.0800,200
37032587483446,10:17:12.587,27.0700,100
37032587483446,10:17:12.587,27.0700,100
37032587483446,10:17:12.587,27.0700,100
37032587483446,10:17:12.587,27.0700,200
37032587483446,10:17:12.587,27.0700,200
37032587577650,10:17:12.587,27.0700,100
37032587577650,10:17:12.587,27.0700,100
37032587577650,10:17:12.587,27.0700,200
37032587577650,10:17:12.587,27.0700,300
37041483075077,10:17:21.483,27.0600,100
37041483497130,10:17:21.483,27.0600,200
37041483497130,10:17:21.483,27.0600,74
37041483541658,10:17:21.483,27.0600,100
37041483606292,10:17:21.483,27.0600,126
37041483606292,10:17:21.483,27.0600,100
37041483725448,10:17:21.483,27.0600,200
37052123260679,10:17:32.123,27.0500,300
37052123260679,10:17:32.123,27.0500,200
37052123260679,10:17:32.123,27.0500,100
37052123260679,10:17:32.123,27.0500,100
37061628252407,10:17:41.628,27.0400,145
37064533869341,10:17:44.533,27.0400,58
37064533929899,10:17:44.533,27.0400,97
37064533929899,10:17:44.533,27.0400,3
37064535514482,10:17:44.535,27.0400,97
37064535514482,10:17:44.535,27.0400,100
37064535514482,10:17:44.535,27.0400,200
37073341532433,10:17:53.341,27.0300,100
37073341532433,10:17:53.341,27.0300,100
37073341532433,10:17:53.341,27.0300,100
37073342274443,10:17:53.342,27.0300,100
37073386314094,10:17:53.386,27.0300,100
37086979697879,10:18:06.979,27.0200,100
37086979697879,10:18:06.979,27.0200,100
37086979697879,10:18:06.979,27.0200,100
37086979697879,10:18:06.979,27.0200,100
37086979697879,10:18:06.979,27.0200,100
37086979697879,10:18:06.979,27.0200,200
37088495829224,10:18:08.495,27.0100,100
37088495829224,10:18:08.495,27.0100,100
37089210307498,10:18:09.210,27.0100,100
37099734372920,10:18:19.734,27.0100,100
37113225235318,10:18:33.225,27.0050,2
37114643105452,10:18:34.643,27.0050,98
37114643105452,10:18:34.643,27.0100,300
37114643105452,10:18:34.643,27.0100,22
37114643105452,10:18:34.643,27.0100,100
37114643105452,10:18:34.643,27.0100,12
37114643150158,10:18:34.643,27.0100,88
37114643150158,10:18:34.643,27.0100,10
37115014683090,10:18:35.014,27.0100,100
37119039236138,10:18:39.039,27.0100,100
37119039236138,10:18:39.039,27.0100,100
37119039236138,10:18:39.039,27.0100,100
37119039427238,10:18:39.039,27.0100,100
37129627962162,10:18:49.627,27.0100,100
37130730533268,10:18:50.730,27.0100,100
37135035829340,10:18:55.035,27.0100,100
37144657989854,10:19:04.657,27.0100,48
37144657989854,10:19:04.657,27.0100,100
37149702347745,10:19:09.702,27.0200,100
37149702347745,10:19:09.702,27.0200,100
37156905707915,10:19:16.905,27.0100,76
37156905736839,10:19:16.905,27.0100,24
37196010972547,10:19:56.010,27.0250,200
37208890258359,10:20:08.890,27.0300,100
37220146009874,10:20:20.146,27.0250,2
37223726958143,10:20:23.726,27.0250,98
37223726958143,10:20:23.726,27.0300,42
37223726958143,10:20:23.726,27.0300,107
37223726991455,10:20:23.726,27.0300,193
37223726991455,10:20:23.726,27.0300,100
37223726991455,10:20:23.726,27.0300,22
37223726991455,10:20:23.726,27.0300,100
37223728637646,10:20:23.728,27.0400,100
37226876725562,10:20:26.876,27.0400,100
37228257728714,10:20:28.257,27.0400,100
37228259851356,10:20:28.259,27.0300,3
37228497625630,10:20:28.497,27.0400,69
37234245268935,10:20:34.245,27.0500,48
37240354874946,10:20:40.354,27.0500,174
37240354904500,10:20:40.354,27.0500,26
37240354904500,10:20:40.354,27.0500,100
37263717082478,10:21:03.717,27.0500,100
37263717926071,10:21:03.717,27.0500,100
37270796608446,10:21:10.796,27.0400,300
37270796608446,10:21:10.796,27.0400,200
37270796963782,10:21:10.796,27.0400,200
37270796963782,10:21:10.796,27.0400,100
37270796977618,10:21:10.796,27.0400,100
37270796977618,10:21:10.796,27.0400,100
37270799016431,10:21:10.799,27.0300,3
37270799016963,10:21:10.799,27.0300,3
37273298710956,10:21:13.298,27.0400,100
37297191052563,10:21:37.191,27.0500,200
37297191052563,10:21:37.191,27.0500,100
37298283220015,10:21:38.283,27.0500,200
37298283220015,10:21:38.283,27.0500,100
37314657943769,10:21:54.657,27.0500,100
37314657943769,10:21:54.657,27.0500,100
37314657975425,10:21:54.657,27.0500,21
37331838445627,10:22:11.838,27.0550,100
37331838445627,10:22:11.838,27.0600,100
37331838445627,10:22:11.838,27.0600,22
37331839197182,10:22:11.839,27.0600,74
37331839212470,10:22:11.839,27.0600,26
37336164246273,10:22:16.164,27.0700,53
37336164272094,10:22:16.164,27.0700,47
37336164272094,10:22:16.164,27.0700,100
37336164284387,10:22:16.164,27.0700,147
37345634167826,10:22:25.634,27.0700,100
37345634167826,10:22:25.634,27.0700,8
37345634186721,10:22:25.634,27.0700,92
37345634190491,10:22:25.634,27.0700,200
37345634199928,10:22:25.634,27.0700,92
37345634774510,10:22:25.634,27.0700,61
37359242846198,10:22:39.242,27.0700,100
37359242846198,10:22:39.242,27.0700,100
37362174532882,10:22:42.174,27.0600,200
37362174532882,10:22:42.174,27.0600,200
37362174532882,10:22:42.174,27.0600,100
37362174532882,10:22:42.174,27.0600,200
37362175651900,10:22:42.175,27.0600,1
37362175693653,10:22:42.175,27.0600,1
37362175697518,10:22:42.175,27.0600,1
37362175698170,10:22:42.175,27.0600,1
37362176219810,10:22:42.176,27.0600,196
37362176219810,10:22:42.176,27.0600,200
37362176219810,10:22:42.176,27.0600,4
37362176271475,10:22:42.176,27.0600,96
37362177299646,10:22:42.177,27.0600,1
37362177381355,10:22:42.177,27.0600,96
37362179113180,10:22:42.179,27.0600,3
37362180527112,10:22:42.180,27.0600,1
37362181573445,10:22:42.181,27.0600,1
37364798896099,10:22:44.798,27.0600,98
37394871261521,10:23:14.871,27.0500,100
37394871261521,10:23:14.871,27.0500,300
37394871261521,10:23:14.871,27.0500,100
37394871288347,10:23:14.871,27.0500,100
37394871288347,10:23:14.871,27.0500,100
37394871288347,10:23:14.871,27.0500,100
37394872036654,10:23:14.872,27.0500,100
37394872961960,10:23:14.872,27.0500,100
37394872961960,10:23:14.872,27.0500,100
37396003155489,10:23:16.003,27.0500,100
37412633577258,10:23:32.633,27.0600,100
37415217225080,10:23:35.217,27.0600,100
37415217225080,10:23:35.217,27.0600,100
37432039512674,10:23:52.039,27.0700,100
37434746488098,10:23:54.746,27.0600,100
37434822591513,10:23:54.822,27.0500,100
37434822591513,10:23:54.822,27.0500,100
37434822591513,10:23:54.822,27.0500,100
37434822591513,10:23:54.822,27.0500,100
37434822591513,10:23:54.822,27.0500,100
37434822591513,10:23:54.822,27.0500,300
37441492172892,10:24:01.492,27.0500,100
37441500044429,10:24:01.500,27.0500,100
37468573210717,10:24:28.573,27.0400,100
37468573210717,10:24:28.573,27.0400,100
37468573592637,10:24:28.573,27.0400,100
37468573649012,10:24:28.573,27.0400,100
37468573884559,10:24:28.573,27.0400,100
37468573900051,10:24:28.573,27.0400,100
37468574019310,10:24:28.574,27.0400,47
37468574123438,10:24:28.574,27.0400,50
37468574152051,10:24:28.574,27.0400,3
37468574152051,10:24:28.574,27.0400,100
37468597594396,10:24:28.597,27.0300,200
37468597594396,10:24:28.597,27.0300,100
37468597594396,10:24:28.597,27.0300,100
37468597867648,10:24:28.597,27.0300,200
37468598283587,10:24:28.598,27.0300,100
37468599107900,10:24:28.599,27.0200,1
37468599109823,10:24:28.599,27.0200,1
37468599110335,10:24:28.599,27.0200,1
37468599112051,10:24:28.599,27.0200,1
37468599130459,10:24:28.599,27.0200,1
37490042234390,10:24:50.042,27.0350,100
37495508275462,10:24:55.508,27.0300,100
37495508275462,10:24:55.508,27.0300,100
37500016087799,10:25:00.016,27.0300,21
37531083026760,10:25:31.083,27.0500,100
37531083026760,10:25:31.083,27.0500,100
37536915859554,10:25:36.915,27.0600,100
37556303845683,10:25:56.303,27.0600,100
37566406632471,10:26:06.406,27.0700,21
37574150630494,10:26:14.150,27.0600,100
37574150630494,10:26:14.150,27.0600,174
37574150663935,10:26:14.150,27.0600,26
37574150663935,10:26:14.150,27.0600,100
37574150707567,10:26:14.150,27.0600,100
37574150758002,10:26:14.150,27.0600,100
37576420927376,10:26:16.420,27.0600,100
37585635609567,10:26:25.635,27.0700,100
37592233781308,10:26:32.233,27.0600,100
37592233808608,10:26:32.233,27.0600,400
37599283174882,10:26:39.283,27.0500,100
37599283174882,10:26:39.283,27.0500,100
37599293989865,10:26:39.293,27.0500,100
37599293989865,10:26:39.293,27.0500,100
37599294058445,10:26:39.294,27.0500,33
37599294108668,10:26:39.294,27.0500,67
37599294108668,10:26:39.294,27.0500,33
37599294573482,10:26:39.294,27.0500,100
37599584114812,10:26:39.584,27.0500,67
37600661849051,10:26:40.661,27.0500,100
37603777640305,10:26:43.777,27.0500,34
37603777640305,10:26:43.777,27.0500,83
37603777645363,10:26:43.777,27.0500,50
37605647319031,10:26:45.647,27.0500,100
37605647319031,10:26:45.647,27.0500,100
37605647319031,10:26:45.647,27.0500,100
37648410088331,10:27:28.410,27.0450,1
37648410088331,10:27:28.410,27.0500,4
37648410528661,10:27:28.410,27.0500,34
37660418651213,10:27:40.418,27.0600,100
37672702424981,10:27:52.702,27.0600,100
37717710186822,10:28:37.710,27.0500,200
37717710186822,10:28:37.710,27.0500,200
37717710186822,10:28:37.710,27.0500,100
37717710186822,10:28:37.710,27.0500,200
37717710631697,10:28:37.710,27.0500,200
37717710631697,10:28:37.710,27.0500,200
37718606250507,10:28:38.606,27.0400,100
37718606250507,10:28:38.606,27.0400,100
37718606250507,10:28:38.606,27.0400,200
37719367476066,10:28:39.367,27.0400,100
37722586300068,10:28:42.586,27.0400,100
37723113975660,10:28:43.113,27.0400,150
37725367337385,10:28:45.367,27.0400,50
37730472318195,10:28:50.472,27.0400,22
37730472318195,10:28:50.472,27.0400,34
37771246122995,10:29:31.246,27.0400,100
37777365673646,10:29:37.365,27.0450,3
37777365673646,10:29:37.365,27.0450,3
37777365673646,10:29:37.365,27.0450,3
37777365673646,10:29:37.365,27.0450,3
37777365673646,10:29:37.365,27.0450,1
37777365673646,10:29:37.365,27.0450,4
37777365673646,10:29:37.365,27.0450,2
37777365673646,10:29:37.365,27.0450,2
37777365673646,10:29:37.365,27.0450,2
37777365673646,10:29:37.365,27.0500,200
37777365673646,10:29:37.365,27.0500,100
37777365673646,10:29:37.365,27.0500,177
37777365727063,10:29:37.365,27.0500,23
37795210187800,10:29:55.210,27.0500,100
37795210187800,10:29:55.210,27.0500,100
37795210267129,10:29:55.210,27.0500,34
37795210300138,10:29:55.210,27.0500,66
37795210556553,10:29:55.210,27.0500,100
37795210642554,10:29:55.210,27.0500,100
37796156807904,10:29:56.156,27.0400,100
37796156807904,10:29:56.156,27.0400,300
37796156807904,10:29:56.156,27.0400,100
37796156807904,10:29:56.156,27.0400,300
37800068968685,10:30:00.068,27.0400,217
37800068968685,10:30:00.068,27.0400,500
37800068968685,10:30:00.068,27.0400,283
37800069166381,10:30:00.069,27.0400,217
37800069166381,10:30:00.069,27.0400,100
37800069490561,10:30:00.069,27.0500,100
37800069490561,10:30:00.069,27.0500,100
37800069490561,10:30:00.069,27.0500,65
37800070013135,10:30:00.070,27.0600,100
37800070013135,10:30:00.070,27.0600,27
37800070083122,10:30:00.070,27.0600,20
37800070093106,10:30:00.070,27.0600,18
37800070093106,10:30:00.070,27.0600,100
37800070093106,10:30:00.070,27.0600,100
37800070508530,10:30:00.070,27.0500,100
37800081954668,10:30:00.081,27.0800,100
37800081954668,10:30:00.081,27.0800,100
37800081954668,10:30:00.081,27.0800,300
37800081954668,10:30:00.081,27.0800,73
37800084881097,10:30:00.084,27.0900,73
37800086259319,10:30:00.086,27.1000,73
37800086259319,10:30:00.086,27.1000,300
37800086422186,10:30:00.086,27.1000,33
37800086839669,10:30:00.086,27.1000,200
37800089354308,10:30:00.089,27.1100,100
37800089354308,10:30:00.089,27.1100,239
37800089354308,10:30:00.089,27.1100,73
37800089926866,10:30:00.089,27.1100,100
37800113269823,10:30:00.113,27.1100,100
37800116722758,10:30:00.116,27.1200,300
37800117477263,10:30:00.117,27.1300,19
37800119293165,10:30:00.119,27.1300,281
37800123081661,10:30:00.123,27.1300,73
37800123109139,10:30:00.123,27.1300,383
37800123109139,10:30:00.123,27.1300,46
37800124462628,10:30:00.124,27.1300,100
37800124462628,10:30:00.124,27.1300,43
37800130577715,10:30:00.130,27.1400,100
37800138460423,10:30:00.138,27.1500,49
37800138893818,10:30:00.138,27.1400,100
37800138941720,10:30:00.138,27.1400,100
37800138967896,10:30:00.138,27.1400,100
37800138967896,10:30:00.138,27.1400,48
37800138967896,10:30:00.138,27.1400,100
37800138967896,10:30:00.138,27.1400,100
37800140156744,10:30:00.140,27.1400,100
37800167196719,10:30:00.167,27.1400,46
37800167196719,10:30:00.167,27.1400,25
37800167196719,10:30:00.167,27.1400,100
37800167196719,10:30:00.167,27.1400,55
37800167636605,10:30:00.167,27.1500,43
37800167636605,10:30:00.167,27.1500,195
37800167661441,10:30:00.167,27.1500,22
37800168953694,10:30:00.168,27.1500,21
37800169151873,10:30:00.169,27.1500,100
37800169151873,10:30:00.169,27.1500,100
37800169209145,10:30:00.169,27.1500,100
37800170431400,10:30:00.170,27.1400,46
37800170431400,10:30:00.170,27.1400,54
37800170733643,10:30:00.170,27.1400,74
37800170935025,10:30:00.170,27.1400,26
37800170935025,10:30:00.170,27.1400,74
37800171740150,10:30:00.171,27.1400,26
37800171802980,10:30:00.171,27.1400,100
37800171813711,10:30:00.171,27.1400,100
37800186837346,10:30:00.186,27.1300,44
37800186837346,10:30:00.186,27.1300,100
37800186905344,10:30:00.186,27.1300,43
37800187082165,10:30:00.187,27.1300,10
37800187082165,10:30:00.187,27.1300,44
37800187130149,10:30:00.187,27.1300,56
37800326337036,10:30:00.326,27.1500,27
37800375260829,10:30:00.375,27.1300,100
37800375289848,10:30:00.375,27.1300,20
37800509638425,10:30:00.509,27.1200,200
37800509638425,10:30:00.509,27.1200,100
37800509917247,10:30:00.509,27.1200,100
37800509954846,10:30:00.509,27.1200,100
37800524185627,10:30:00.524,27.1200,100
37800524185627,10:30:00.524,27.1200,81
37800524185627,10:30:00.524,27.1200,19
37800524317808,10:30:00.524,27.1200,200
37800604971376,10:30:00.604,27.1200,44
37800604971376,10:30:00.604,27.1200,52
37800605065111,10:30:00.605,27.1200,27
37800607902994,10:30:00.607,27.1200,21
37800621212186,10:30:00.621,27.1200,100
37800621212186,10:30:00.621,27.1200,100
37800621212186,10:30:00.621,27.1200,100
37800621212186,10:30:00.621,27.1200,100
37800621212186,10:30:00.621,27.1200,100
37800621212186,10:30:00.621,27.1200,217
37800621212186,10:30:00.621,27.1200,200
37800621212186,10:30:00.621,27.1200,100
37800621212186,10:30:00.621,27.1200,181
37801022058101,10:30:01.022,27.1300,100
37801400698106,10:30:01.400,27.1300,100
37801400824846,10:30:01.400,27.1300,100
37801416307309,10:30:01.416,27.1200,43
37801416307309,10:30:01.416,27.1200,100
37801416307309,10:30:01.416,27.1200,100
37801416307309,10:30:01.416,27.1200,217
37801416307309,10:30:01.416,27.1200,100
37801416307309,10:30:01.416,27.1200,200
37801416307309,10:30:01.416,27.1200,200
37804564671426,10:30:04.564,27.1300,200
37804564671426,10:30:04.564,27.1300,225
37804565835640,10:30:04.565,27.1400,22
37807981105183,10:30:07.981,27.1400,300
37807981105183,10:30:07.981,27.1400,200
37807981105183,10:30:07.981,27.1400,100
37807981524225,10:30:07.981,27.1400,100
37807981524225,10:30:07.981,27.1400,100
37807981524225,10:30:07.981,27.1400,65
37808081906796,10:30:08.081,27.1300,75
37812427119004,10:30:12.427,27.1200,65
37812427119004,10:30:12.427,27.1200,100
37812509462407,10:30:12.509,27.1200,100
37812509462407,10:30:12.509,27.1200,200
37812601469311,10:30:12.601,27.1200,100
37816780825093,10:30:16.780,27.1200,100
37816780825093,10:30:16.780,27.1200,74
37816781053890,10:30:16.781,27.1200,26
37816781110454,10:30:16.781,27.1200,26
37816781290786,10:30:16.781,27.1200,26
37816781313498,10:30:16.781,27.1200,18
37816781513420,10:30:16.781,27.1200,30
37816781513420,10:30:16.781,27.1200,96
37816781540283,10:30:16.781,27.1200,4
37816781574128,10:30:16.781,27.1200,4
37816781607837,10:30:16.781,27.1200,96
37816781959361,10:30:16.781,27.1200,10
37816781988388,10:30:16.781,27.1200,70
37816783256581,10:30:16.783,27.1200,100
37816784768084,10:30:16.784,27.1100,300
37816784768084,10:30:16.784,27.1100,200
37816784768084,10:30:16.784,27.1100,100
37816786058296,10:30:16.786,27.1100,200
37816786230015,10:30:16.786,27.1100,100
37816798385611,10:30:16.798,27.1100,100
37816798385611,10:30:16.798,27.1100,100
37816798769166,10:30:16.798,27.1100,55
37816895188335,10:30:16.895,27.1200,100
37816895188335,10:30:16.895,27.1200,65
37816895188335,10:30:16.895,27.1200,100
37821831524701,10:30:21.831,27.1200,200
37830463019166,10:30:30.463,27.1200,100
37831268005537,10:30:31.268,27.1200,100
37831268005537,10:30:31.268,27.1200,100
37831457141296,10:30:31.457,27.1200,200
37831457141296,10:30:31.457,27.1200,100
37831457141296,10:30:31.457,27.1200,100
37842416349536,10:30:42.416,27.1300,200
37842416349536,10:30:42.416,27.1300,200
37842416349536,10:30:42.416,27.1300,100
37842423364292,10:30:42.423,27.1500,100
37843766854004,10:30:43.766,27.1500,100
37843766854004,10:30:43.766,27.1500,100
37843766854004,10:30:43.766,27.1500,100
37845291829761,10:30:45.291,27.1600,53
37845291937798,10:30:45.291,27.1600,147
37845291937798,10:30:45.291,27.1600,400
37847234163647,10:30:47.234,27.1700,65
37847284098439,10:30:47.284,27.1700,41
37847816687362,10:30:47.816,27.1700,100
37851480426650,10:30:51.480,27.1700,100
37854325532690,10:30:54.325,27.1800,100
37854325532690,10:30:54.325,27.1800,200
37854334685120,10:30:54.334,27.1800,100
37854334685120,10:30:54.334,27.1800,100
37854334685120,10:30:54.334,27.1800,65
37854334685120,10:30:54.334,27.1800,200
37855231042038,10:30:55.231,27.1800,100
37862020061539,10:31:02.020,27.1800,300
37863752234928,10:31:03.752,27.1900,300
37863752234928,10:31:03.752,27.1900,200
37868899397591,10:31:08.899,27.1900,200
37879019402213,10:31:19.019,27.2000,100
37886083140500,10:31:26.083,27.2100,74
37892029844677,10:31:32.029,27.2200,48
37892030080506,10:31:32.030,27.2200,52
37892193285847,10:31:32.193,27.2300,100
37897176363301,10:31:37.176,27.2400,100
37897176363301,10:31:37.176,27.2400,26
37897176363301,10:31:37.176,27.2400,100
37898458820853,10:31:38.458,27.2400,100
37898461035012,10:31:38.461,27.2400,100
37898461035012,10:31:38.461,27.2400,100
37901380210072,10:31:41.380,27.2400,74
37901380282049,10:31:41.380,27.2400,26
37901380282049,10:31:41.380,27.2400,100
37901380282049,10:31:41.380,27.2400,18
37901380286688,10:31:41.380,27.2400,100
37901380304613,10:31:41.380,27.2400,82
37901380304613,10:31:41.380,27.2400,100
37902020228467,10:31:42.020,27.2400,100
37902543881691,10:31:42.543,27.2500,100
37902543881691,10:31:42.543,27.2500,100
37902609863211,10:31:42.609,27.2500,1
37918840675543,10:31:58.840,27.2500,100
37918840789393,10:31:58.840,27.2500,100
37918841077706,10:31:58.841,27.2500,100
37918841086704,10:31:58.841,27.2500,100
37918841195229,10:31:58.841,27.2500,100
37921054646845,10:32:01.054,27.2400,100
37921054646845,10:32:01.054,27.2400,100
37921054646845,10:32:01.054,27.2400,100
37921054646845,10:32:01.054,27.2400,25
37921054718144,10:32:01.054,27.2400,61
37924460689279,10:32:04.460,27.2400,200
37924461159584,10:32:04.461,27.2400,100
37924461159584,10:32:04.461,27.2400,100
37924461159584,10:32:04.461,27.2400,100
37926846220305,10:32:06.846,27.2400,100
37926846220305,10:32:06.846,27.2400,100
37926846885790,10:32:06.846,27.2400,100
37927232188891,10:32:07.232,27.2400,100
37929350548417,10:32:09.350,27.2500,100
37929350548417,10:32:09.350,27.2500,100
37929350548417,10:32:09.350,27.2500,25
37929350548417,10:32:09.350,27.2500,400
37929350548417,10:32:09.350,27.2500,100
37929350548417,10:32:09.350,27.2500,100
37933548125915,10:32:13.548,27.2600,23
37934533859234,10:32:14.533,27.2600,200
37934533859234,10:32:14.533,27.2600,100
37934533859234,10:32:14.533,27.2600,200
37936402949081,10:32:16.402,27.2500,100
37936402967942,10:32:16.402,27.2500,100
37936403101030,10:32:16.403,27.2500,100
37936403223561,10:32:16.403,27.2500,200
37940710480527,10:32:20.710,27.2500,100
37940710480527,10:32:20.710,27.2500,400
37940710480527,10:32:20.710,27.2500,200
37940710766713,10:32:20.710,27.2500,100
37943875322922,10:32:23.875,27.2600,312
37946857855552,10:32:26.857,27.2700,100
37946857855552,10:32:26.857,27.2700,100
37946857855552,10:32:26.857,27.2700,61
37951006711724,10:32:31.006,27.2700,100
37951024209487,10:32:31.024,27.2700,100
37953125555311,10:32:33.125,27.2800,600
37959112991616,10:32:39.112,27.2800,200
37960828523434,10:32:40.828,27.2800,100
37960828523434,10:32:40.828,27.2800,42
37960828523434,10:32:40.828,27.2800,58
37974181569173,10:32:54.181,27.2800,100
37974181679232,10:32:54.181,27.2800,100
37974200578189,10:32:54.200,27.2800,100
37974200578189,10:32:54.200,27.2800,200
37974200578189,10:32:54.200,27.2800,100
37974200578189,10:32:54.200,27.2800,41
37974200578189,10:32:54.200,27.2800,109
37974200578189,10:32:54.200,27.2800,100
37974200578189,10:32:54.200,27.2800,100
37974200578189,10:32:54.200,27.2800,100
37974200913645,10:32:54.200,27.2800,100
37974200940390,10:32:54.200,27.2800,100
37974201110616,10:32:54.201,27.2800,100
37974208525140,10:32:54.208,27.2800,100
37974208566937,10:32:54.208,27.2800,100
37976893085947,10:32:56.893,27.2800,90
37976893096801,10:32:56.893,27.2800,110
37976906812423,10:32:56.906,27.2800,68
37977002213248,10:32:57.002,27.2900,184
37977002213248,10:32:57.002,27.2900,100
37977848788998,10:32:57.848,27.2900,100
37978034777582,10:32:58.034,27.2900,100
37978034777582,10:32:58.034,27.2900,46
37978034777582,10:32:58.034,27.2900,61
37978034777582,10:32:58.034,27.2900,100
37980017707269,10:33:00.017,27.2800,100
37980017707269,10:33:00.017,27.2800,100
37980017707269,10:33:00.017,27.2800,100
37980017738552,10:33:00.017,27.2800,100
37984804509109,10:33:04.804,27.2800,100
37984804509109,10:33:04.804,27.2800,100
37984804509109,10:33:04.804,27.2800,100
37984804533647,10:33:04.804,27.2800,100
37985004663540,10:33:05.004,27.2800,44
37985004663540,10:33:05.004,27.2800,56
37992991349550,10:33:12.991,27.2800,300
37992991349550,10:33:12.991,27.2800,61
37993445921066,10:33:13.445,27.2900,100
37993445921066,10:33:13.445,27.2900,100
37994791085151,10:33:14.791,27.2900,200
37994791085151,10:33:14.791,27.2900,100
37994958588191,10:33:14.958,27.2900,41
37994958588191,10:33:14.958,27.2900,59
37994958613204,10:33:14.958,27.2900,41
38016321175123,10:33:36.321,27.2700,100
38016321175123,10:33:36.321,27.2700,200
38016321175123,10:33:36.321,27.2700,200
38016321175123,10:33:36.321,27.2700,227
38016321176538,10:33:36.321,27.2700,73
38016321176538,10:33:36.321,27.2700,100
38016321263145,10:33:36.321,27.2700,174
38016321414582,10:33:36.321,27.2700,22
38016321417761,10:33:36.321,27.2700,4
38017026141933,10:33:37.026,27.2600,100
38017026141933,10:33:37.026,27.2600,100
38017026141933,10:33:37.026,27.2600,100
38017026141933,10:33:37.026,27.2600,100
38017026141933,10:33:37.026,27.2600,100
38017026143367,10:33:37.026,27.2600,300
38017526581833,10:33:37.526,27.2500,200
38017526581833,10:33:37.526,27.2500,100
38017527544536,10:33:37.527,27.2500,100
38017527544536,10:33:37.527,27.2500,100
38018195614270,10:33:38.195,27.2600,100
38018195614270,10:33:38.195,27.2600,100
38018195769330,10:33:38.195,27.2600,100
38019525374788,10:33:39.525,27.2700,100
38019585680199,10:33:39.585,27.2700,100
38019585680199,10:33:39.585,27.2700,100
38019626796735,10:33:39.626,27.2700,100
38021449026410,10:33:41.449,27.2600,200
38023904629523,10:33:43.904,27.2800,100
38028439788756,10:33:48.439,27.2700,100
38030184795572,10:33:50.184,27.2800,100
38030184795572,10:33:50.184,27.2800,100
38037892885933,10:33:57.892,27.2800,100
38040043115759,10:34:00.043,27.2800,100
38040569001700,10:34:00.569,27.2800,200
38041642797901,10:34:01.642,27.2800,100
38041642797901,10:34:01.642,27.2800,100
38044698139769,10:34:04.698,27.2800,11
38044698495070,10:34:04.698,27.2800,189
38044698495070,10:34:04.698,27.2800,24
38044698495070,10:34:04.698,27.2800,100
38045777514856,10:34:05.777,27.2900,100
38047772027342,10:34:07.772,27.2800,200
38048996063760,10:34:08.996,27.2700,300
38048996092539,10:34:08.996,27.2700,100
38048996133145,10:34:08.996,27.2700,200
38050285215893,10:34:10.285,27.2600,100
38050285215893,10:34:10.285,27.2600,100
38051997274520,10:34:11.997,27.2500,100
38056710776014,10:34:16.710,27.2500,100
38056710776014,10:34:16.710,27.2500,200
38057596145709,10:34:17.596,27.2500,100
38063496667693,10:34:23.496,27.2500,100
38068354890992,10:34:28.354,27.2500,100
38073538852638,10:34:33.538,27.2500,100
38076397071083,10:34:36.397,27.2400,100
38076397071083,10:34:36.397,27.2400,100
38077007522879,10:34:37.007,27.2400,100
38077007522879,10:34:37.007,27.2400,20
38077007691102,10:34:37.007,27.2400,246
38077007723033,10:34:37.007,27.2400,130
38077007723033,10:34:37.007,27.2400,61
38079445417089,10:34:39.445,27.2500,100
38080078477143,10:34:40.078,27.2500,41
38091577864405,10:34:51.577,27.2500,34
38091577888636,10:34:51.577,27.2500,166
38101619290600,10:35:01.619,27.2450,2
38101619290600,10:35:01.619,27.2450,3
38101619290600,10:35:01.619,27.2450,3
38101619290600,10:35:01.619,27.2450,1
38101619290600,10:35:01.619,27.2450,1
38101619290600,10:35:01.619,27.2450,1
38101619290600,10:35:01.619,27.2450,1
38101619290600,10:35:01.619,27.2500,300
38101619290600,10:35:01.619,27.2500,88
38101619336250,10:35:01.619,27.2500,12
38109257699449,10:35:09.257,27.2500,200
38109257699449,10:35:09.257,27.2500,100
38109257731005,10:35:09.257,27.2500,100
38109257744767,10:35:09.257,27.2500,100
38109257773814,10:35:09.257,27.2500,200
38111436034693,10:35:11.436,27.2500,100
38111436034693,10:35:11.436,27.2500,100
38111436034693,10:35:11.436,27.2500,200
38111626852916,10:35:11.626,27.2600,100
38111626852916,10:35:11.626,27.2600,100
38122024472105,10:35:22.024,27.2600,300
38130027129385,10:35:30.027,27.2600,100
38130027129385,10:35:30.027,27.2600,100
38130027129385,10:35:30.027,27.2600,100
38130027129385,10:35:30.027,27.2600,100
38151157723245,10:35:51.157,27.2600,200
38151157979622,10:35:51.157,27.2600,100
38152350042743,10:35:52.350,27.2500,100
38152350066743,10:35:52.350,27.2500,200
38160324630646,10:36:00.324,27.2400,300
38161405947868,10:36:01.405,27.2350,1
38161405947868,10:36:01.405,27.2350,1
38161405947868,10:36:01.405,27.2350,2
38161405947868,10:36:01.405,27.2350,2
38161405947868,10:36:01.405,27.2350,1
38161405947868,10:36:01.405,27.2350,1
38161405947868,10:36:01.405,27.2350,1
38161405947868,10:36:01.405,27.2350,1
38161405947868,10:36:01.405,27.2350,1
38161405947868,10:36:01.405,27.2350,1
38161405947868,10:36:01.405,27.2350,1
38167032613930,10:36:07.032,27.2300,12
38171926787899,10:36:11.926,27.2400,26
38171926816114,10:36:11.926,27.2400,74
38171926816114,10:36:11.926,27.2400,300
38171926816114,10:36:11.926,27.2400,21
38171926816114,10:36:11.926,27.2400,100
38174303246508,10:36:14.303,27.2500,100
38174303246508,10:36:14.303,27.2500,200
38174303246508,10:36:14.303,27.2500,100
38185230883931,10:36:25.230,27.2500,200
38187849102425,10:36:27.849,27.2400,100
38187849102425,10:36:27.849,27.2400,300
38189136262347,10:36:29.136,27.2300,200
38214202720419,10:36:54.202,27.2500,200
38214202720419,10:36:54.202,27.2500,100
38214202720419,10:36:54.202,27.2500,100
38214846312996,10:36:54.846,27.2500,100
38215092779127,10:36:55.092,27.2400,100
38222016322722,10:37:02.016,27.2400,64
38224480158486,10:37:04.480,27.2400,100
38224480158486,10:37:04.480,27.2400,100
38224480158486,10:37:04.480,27.2400,100
38234794283389,10:37:14.794,27.2300,200
38234794283389,10:37:14.794,27.2300,190
38234794291187,10:37:14.794,27.2300,10
38234794291187,10:37:14.794,27.2300,200
38234794291187,10:37:14.794,27.2300,36
38234794311192,10:37:14.794,27.2300,164
38234794311192,10:37:14.794,27.2300,100
38234794311192,10:37:14.794,27.2300,246
38234794315307,10:37:14.794,27.2300,54
38238147136977,10:37:18.147,27.2200,200
38238147136977,10:37:18.147,27.2200,200
38238382643845,10:37:18.382,27.2200,47
38238382643845,10:37:18.382,27.2200,53
38238847558542,10:37:18.847,27.2100,100
38238847558542,10:37:18.847,27.2100,100
38238847558542,10:37:18.847,27.2100,100
38239250901751,10:37:19.250,27.2000,100
38239922234887,10:37:19.922,27.1900,100
38239922234887,10:37:19.922,27.1900,20
38239922234887,10:37:19.922,27.1900,200
38239923190903,10:37:19.923,27.1800,2
38239923202427,10:37:19.923,27.1800,1
38239923203062,10:37:19.923,27.1800,1
38239933698302,10:37:19.933,27.1900,100
38239933698302,10:37:19.933,27.1900,100
38239933698302,10:37:19.933,27.1900,56
38239933726952,10:37:19.933,27.1900,44
38239933726952,10:37:19.933,27.1900,44
38239933726952,10:37:19.933,27.1900,64
38239933726952,10:37:19.933,27.1900,100
38239933726952,10:37:19.933,27.1900,100
38240719307883,10:37:20.719,27.2000,100
38248201644586,10:37:28.201,27.2100,100
38248207821212,10:37:28.207,27.2100,300
38248207821212,10:37:28.207,27.2100,100
38248207821212,10:37:28.207,27.2100,200
38248207821212,10:37:28.207,27.2100,100
38248207821212,10:37:28.207,27.2100,43
38248207821212,10:37:28.207,27.2100,100
38248207821212,10:37:28.207,27.2100,100
38248207821212,10:37:28.207,27.2100,64
38248207821212,10:37:28.207,27.2100,100
38248207821212,10:37:28.207,27.2100,93
38250753807986,10:37:30.753,27.2000,100
38250753807986,10:37:30.753,27.2000,200
38251378326309,10:37:31.378,27.1900,100
38251378326309,10:37:31.378,27.1900,100
38251595483312,10:37:31.595,27.1900,100
38251595483312,10:37:31.595,27.1900,100
38251595483312,10:37:31.595,27.1900,45
38251595483312,10:37:31.595,27.1900,100
38255558515196,10:37:35.558,27.1800,96
38255558515196,10:37:35.558,27.1800,100
38255558515196,10:37:35.558,27.1800,100
38255558624285,10:37:35.558,27.1800,100
38255952667255,10:37:35.952,27.1800,100
38258033791895,10:37:38.033,27.1800,48
38258081715568,10:37:38.081,27.1700,20
38261070101599,10:37:41.070,27.1700,200
38263214342660,10:37:43.214,27.1800,145
38263214647450,10:37:43.214,27.1800,155
38272264257514,10:37:52.264,27.1700,100
38283195721684,10:38:03.195,27.1800,100
38289919682970,10:38:09.919,27.1900,100
38289919682970,10:38:09.919,27.1900,100
38289919682970,10:38:09.919,27.1900,21
38296146378533,10:38:16.146,27.1800,100
38312671010233,10:38:32.671,27.1700,100
38320413378269,10:38:40.413,27.1700,100
38344709905090,10:39:04.709,27.1800,100
38349519816613,10:39:09.519,27.1800,100
38357062001927,10:39:17.062,27.1700,200
38358113812801,10:39:18.113,27.1600,100
38358113812801,10:39:18.113,27.1600,100
38358113812801,10:39:18.113,27.1600,10
38358113812801,10:39:18.113,27.1600,126
38358113885248,10:39:18.113,27.1600,74
38358113935865,10:39:18.113,27.1600,26
38358114200513,10:39:18.114,27.1600,100
38358114454584,10:39:18.114,27.1600,74
38358132322890,10:39:18.132,27.1500,100
38358132322890,10:39:18.132,27.1500,100
38358132348401,10:39:18.132,27.1500,100
38358132350853,10:39:18.132,27.1500,100
38365140300134,10:39:25.140,27.1450,100
38367502423921,10:39:27.502,27.1450,1
38367502423921,10:39:27.502,27.1450,1
38367502423921,10:39:27.502,27.1450,1
38367502423921,10:39:27.502,27.1450,3
38367502423921,10:39:27.502,27.1450,3
38367502423921,10:39:27.502,27.1450,2
38367502423921,10:39:27.502,27.1450,3
38367502423921,10:39:27.502,27.1450,86
38381103172041,10:39:41.103,27.1450,14
38381103172041,10:39:41.103,27.1500,100
38381103172041,10:39:41.103,27.1500,100
38381103172041,10:39:41.103,27.1500,86
38381103224365,10:39:41.103,27.1500,14
38383314010994,10:39:43.314,27.1500,100
38383315492453,10:39:43.315,27.1400,100
38383315492453,10:39:43.315,27.1400,100
38383315492453,10:39:43.315,27.1400,100
38383315492453,10:39:43.315,27.1400,100
38383316262061,10:39:43.316,27.1400,100
38383316376959,10:39:43.316,27.1400,100
38383968955662,10:39:43.968,27.1350,100
38386655317315,10:39:46.655,27.1350,100
38386655317315,10:39:46.655,27.1400,100
38386655360917,10:39:46.655,27.1400,64
38386655927018,10:39:46.655,27.1400,36
38399180257323,10:39:59.180,27.1500,100
38399180402051,10:39:59.180,27.1500,100
38399180402051,10:39:59.180,27.1500,100
38409511732071,10:40:09.511,27.1400,13
38409511855362,10:40:09.511,27.1400,82
38409511949504,10:40:09.511,27.1400,5
38413446085059,10:40:13.446,27.1400,93
38413446129668,10:40:13.446,27.1400,7
38416215076379,10:40:16.215,27.1400,100
38416215828083,10:40:16.215,27.1400,100
38416215875783,10:40:16.215,27.1400,100
38416216010318,10:40:16.216,27.1400,100
38422924056092,10:40:22.924,27.1400,19
38443184895869,10:40:43.184,27.1400,100
38445553100986,10:40:45.553,27.1400,71
38451512345470,10:40:51.512,27.1300,84
38467247641901,10:41:07.247,27.1300,100
38467247641901,10:41:07.247,27.1300,144
38467247668798,10:41:07.247,27.1300,56
38467247668798,10:41:07.247,27.1300,200
38467247668798,10:41:07.247,27.1300,100
38467247677790,10:41:07.247,27.1300,300
38467247677790,10:41:07.247,27.1300,100
38469353067858,10:41:09.353,27.1200,100
38471132897812,10:41:11.132,27.1200,100
38521385259198,10:42:01.385,27.1250,100
38521385259198,10:42:01.385,27.1300,100
38521385259198,10:42:01.385,27.1300,100
38521385259198,10:42:01.385,27.1300,100
38521385259198,10:42:01.385,27.1300,100
38521385259198,10:42:01.385,27.1300,100
38521385259198,10:42:01.385,27.1300,100
38521385290715,10:42:01.385,27.1300,100
38535232282964,10:42:15.232,27.1300,74
38535232282964,10:42:15.232,27.1300,26
38535232282964,10:42:15.232,27.1300,100
38536676172076,10:42:16.676,27.1300,100
38542996159381,10:42:22.996,27.1200,1
38556625870155,10:42:36.625,27.1200,99
38556625870155,10:42:36.625,27.1200,101
38556625923045,10:42:36.625,27.1200,99
38556625923045,10:42:36.625,27.1200,100
38556625923045,10:42:36.625,27.1200,200
38556625923045,10:42:36.625,27.1200,200
38556625923045,10:42:36.625,27.1200,60
38556625955651,10:42:36.625,27.1200,40
38556626242585,10:42:36.626,27.1200,100
38556626826862,10:42:36.626,27.1200,100
38556626968632,10:42:36.626,27.1200,2
38556627643277,10:42:36.627,27.1200,98
38558227151563,10:42:38.227,27.1200,100
38558227151563,10:42:38.227,27.1200,19
38559618735420,10:42:39.618,27.1200,100
38559618735420,10:42:39.618,27.1200,100
38559618735420,10:42:39.618,27.1200,100
38559618735420,10:42:39.618,27.1200,100
38561710651301,10:42:41.710,27.1200,200
38569824325415,10:42:49.824,27.1200,400
38579244164715,10:42:59.244,27.1200,100
38599877615148,10:43:19.877,27.1150,2
38642133845829,10:44:02.133,27.1200,100
38653929795328,10:44:13.929,27.1300,100
38653929831135,10:44:13.929,27.1300,100
38653929831135,10:44:13.929,27.1300,100
38653929831135,10:44:13.929,27.1300,200
38653929831135,10:44:13.929,27.1300,18
38653929831135,10:44:13.929,27.1300,100
38657477374487,10:44:17.477,27.1400,41
38657477643929,10:44:17.477,27.1400,59
38657477643929,10:44:17.477,27.1400,100
38657477643929,10:44:17.477,27.1400,100
38661065447579,10:44:21.065,27.1500,100
38682954462461,10:44:42.954,27.1500,100
38682954538298,10:44:42.954,27.1500,100
38682957484418,10:44:42.957,27.1500,100
38682957484418,10:44:42.957,27.1500,200
38682957484418,10:44:42.957,27.1500,100
38682957484418,10:44:42.957,27.1500,100
38682957484418,10:44:42.957,27.1500,100
38682957584942,10:44:42.957,27.1500,100
38682957584942,10:44:42.957,27.1500,74
38682958013546,10:44:42.958,27.1500,100
38682958013546,10:44:42.958,27.1500,100
38682958033711,10:44:42.958,27.1500,200
38686182735470,10:44:46.182,27.1500,100
38686182759982,10:44:46.182,27.1500,200
38686182759982,10:44:46.182,27.1500,100
38692423250660,10:44:52.423,27.1600,12
38692423250660,10:44:52.423,27.1600,88
38711955817570,10:45:11.955,27.1500,26
38711955817570,10:45:11.955,27.1500,74
38711955844778,10:45:11.955,27.1500,26
38711957238111,10:45:11.957,27.1500,74
38711977709942,10:45:11.977,27.1500,26
38711977709942,10:45:11.977,27.1500,74
38711988220936,10:45:11.988,27.1500,26
38711988220936,10:45:11.988,27.1500,74
38711988276617,10:45:11.988,27.1500,26
38713488899384,10:45:13.488,27.1500,100
38727475042480,10:45:27.475,27.1400,300
38727475042480,10:45:27.475,27.1400,200
38727475042480,10:45:27.475,27.1400,200
38727475042480,10:45:27.475,27.1400,100
38727475042480,10:45:27.475,27.1400,200
38727475532921,10:45:27.475,27.1300,1
38727475533516,10:45:27.475,27.1300,3
38727475534049,10:45:27.475,27.1300,2
38727475534561,10:45:27.475,27.1300,1
38727475535011,10:45:27.475,27.1300,2
38727475535419,10:45:27.475,27.1300,3
38727475544853,10:45:27.475,27.1300,1
38727475546453,10:45:27.475,27.1300,3
38727475549024,10:45:27.475,27.1300,1
38727475552419,10:45:27.475,27.1300,1
38727475554682,10:45:27.475,27.1300,2
38727475556352,10:45:27.475,27.1300,2
38727475883699,10:45:27.475,27.1300,2
38743012193494,10:45:43.012,27.1400,100
38743012785177,10:45:43.012,27.1400,200
38743012785177,10:45:43.012,27.1400,300
38743738368954,10:45:43.738,27.1500,100
38743738368954,10:45:43.738,27.1500,200
38771712665638,10:46:11.712,27.1550,3
38771712665638,10:46:11.712,27.1600,96
38773609415564,10:46:13.609,27.1600,104
38773609415564,10:46:13.609,27.1600,100
38773609415564,10:46:13.609,27.1600,19
38773609415564,10:46:13.609,27.1600,100
38778062336571,10:46:18.062,27.1700,2
38778062432359,10:46:18.062,27.1700,3
38778062522599,10:46:18.062,27.1700,3
38778062587587,10:46:18.062,27.1700,3
38778062634268,10:46:18.062,27.1700,1
38778063084854,10:46:18.063,27.1700,2
38797975589674,10:46:37.975,27.1700,100
38797975589674,10:46:37.975,27.1700,200
38797975622137,10:46:37.975,27.1700,100
38797976571307,10:46:37.976,27.1700,100
38797976912296,10:46:37.976,27.1700,100
38797977103023,10:46:37.977,27.1700,100
38797977321055,10:46:37.977,27.1700,100
38797982160784,10:46:37.982,27.1700,100
38798280406541,10:46:38.280,27.1700,68
38808693132221,10:46:48.693,27.1700,100
38808693132221,10:46:48.693,27.1700,100
38822299742796,10:47:02.299,27.1600,200
38822299742796,10:47:02.299,27.1600,300
38822299742796,10:47:02.299,27.1600,200
38822299742796,10:47:02.299,27.1600,100
38824212520344,10:47:04.212,27.1500,100
38824212885718,10:47:04.212,27.1500,100
38824212885718,10:47:04.212,27.1500,100
38824212885718,10:47:04.212,27.1500,100
38824212968733,10:47:04.212,27.1500,200
38824213026016,10:47:04.213,27.1500,200
38824213184768,10:47:04.213,27.1500,34
38824213346567,10:47:04.213,27.1500,66
38824213346567,10:47:04.213,27.1500,156
38824214754157,10:47:04.214,27.1400,1
38824214852200,10:47:04.214,27.1400,1
38837019860547,10:47:17.019,27.1500,100
38850420475821,10:47:30.420,27.1400,171
38850420493413,10:47:30.420,27.1400,29
38850420493413,10:47:30.420,27.1400,100
38850420493413,10:47:30.420,27.1400,44
38850420493413,10:47:30.420,27.1400,73
38850420521692,10:47:30.420,27.1400,27
38850420521692,10:47:30.420,27.1400,100
38850420521692,10:47:30.420,27.1400,200
38850420521692,10:47:30.420,27.1400,73
38850424910133,10:47:30.424,27.1400,27
38861314394872,10:47:41.314,27.1300,100
38861314394872,10:47:41.314,27.1300,10
38861314394872,10:47:41.314,27.1300,14
38861314425441,10:47:41.314,27.1300,86
38861314425441,10:47:41.314,27.1300,200
38865956037477,10:47:45.956,27.1200,100
38865956037477,10:47:45.956,27.1200,100
38865956037477,10:47:45.956,27.1200,100
38871006432543,10:47:51.006,27.1100,100
38893639319029,10:48:13.639,27.1000,100
38893639344849,10:48:13.639,27.1000,100
38893639344849,10:48:13.639,27.1000,200
38893639344849,10:48:13.639,27.1000,200
38897932801655,10:48:17.932,27.0900,100
38897940705753,10:48:17.940,27.0900,100
38898491851397,10:48:18.491,27.0900,100
38898491851397,10:48:18.491,27.0900,100
38898491851397,10:48:18.491,27.0900,100
38898491851397,10:48:18.491,27.0900,100
38898491851397,10:48:18.491,27.0900,100
38898491884581,10:48:18.491,27.0900,200
38898492637728,10:48:18.492,27.0900,200
38898497277558,10:48:18.497,27.0900,100
38907556389704,10:48:27.556,27.0900,100
38929732417952,10:48:49.732,27.0800,200
38929732417952,10:48:49.732,27.0800,74
38929732450026,10:48:49.732,27.0800,126
38929732450026,10:48:49.732,27.0800,100
38929732501242,10:48:49.732,27.0800,100
38929732529490,10:48:49.732,27.0800,100
38938256257296,10:48:58.256,27.0800,100
38942471001110,10:49:02.471,27.0800,100
38946320216302,10:49:06.320,27.0700,100
38946320216302,10:49:06.320,27.0700,200
38946320216302,10:49:06.320,27.0700,100
38946320238171,10:49:06.320,27.0700,300
38946320238171,10:49:06.320,27.0700,100
38948845885882,10:49:08.845,27.0600,100
38948845885882,10:49:08.845,27.0600,100
38948845885882,10:49:08.845,27.0600,200
38948845885882,10:49:08.845,27.0600,200
38962527137717,10:49:22.527,27.0600,18
38962527137717,10:49:22.527,27.0600,100
38966095674103,10:49:26.095,27.0600,100
38981365330227,10:49:41.365,27.0600,200
39005569485191,10:50:05.569,27.0500,10
39005569485191,10:50:05.569,27.0500,100
39005569485191,10:50:05.569,27.0500,100
39005569485191,10:50:05.569,27.0500,100
39005569485191,10:50:05.569,27.0500,100
39018822765717,10:50:18.822,27.0400,36
39018822785407,10:50:18.822,27.0400,64
39018823262731,10:50:18.823,27.0400,52
39018823262731,10:50:18.823,27.0400,100
39018823262731,10:50:18.823,27.0400,200
39018823262731,10:50:18.823,27.0400,100
39018823262731,10:50:18.823,27.0400,48
39018823855390,10:50:18.823,27.0400,100
39018825414550,10:50:18.825,27.0400,100
39022718227904,10:50:22.718,27.0400,200
39022718227904,10:50:22.718,27.0400,17
39022718227904,10:50:22.718,27.0400,100
39031586920274,10:50:31.586,27.0500,100
39031586920274,10:50:31.586,27.0500,100
39031587039399,10:50:31.587,27.0500,100
39031587456216,10:50:31.587,27.0500,41
39031587633865,10:50:31.587,27.0500,59
39031587633865,10:50:31.587,27.0500,41
39032026430387,10:50:32.026,27.0500,100
