timestamp,time,price,volume
34011180821391,09:26:51.180,21.1700,141
34200844586013,09:30:00.844,0.0000,0
34327288935863,09:32:07.288,21.1700,84
34327290411009,09:32:07.290,21.1700,100
34327436186446,09:32:07.436,21.1200,100
34328034391102,09:32:08.034,21.2000,100
34345561804945,09:32:25.561,21.2200,30
34345561804945,09:32:25.561,21.2100,100
34346199553616,09:32:26.199,21.2400,100
34348525048477,09:32:28.525,21.1800,100
34348750956396,09:32:28.750,21.1700,100
34350369582662,09:32:30.369,21.2300,100
34350369582662,09:32:30.369,21.2400,300
34352829413682,09:32:32.829,21.2200,100
34352829413682,09:32:32.829,21.2100,100
34352830404845,09:32:32.830,21.2100,100
34352831714424,09:32:32.831,21.1500,6
34352832207809,09:32:32.832,21.1500,100
34352832309994,09:32:32.832,21.1500,100
34352832400142,09:32:32.832,21.1500,100
34352832405865,09:32:32.832,21.1500,200
34352832694952,09:32:32.832,21.1500,100
34352834062559,09:32:32.834,21.1500,100
34352834181251,09:32:32.834,21.1500,100
34352834185393,09:32:32.834,21.1500,100
34352834355761,09:32:32.834,21.1500,100
34361144296320,09:32:41.144,21.1500,100
34361144296320,09:32:41.144,21.1500,400
34361144580688,09:32:41.144,21.1500,97
34361144618871,09:32:41.144,21.1500,3
34361144717838,09:32:41.144,21.1500,100
34361144754794,09:32:41.144,21.1500,100
34361144820326,09:32:41.144,21.1500,100
34361160569423,09:32:41.160,21.1500,100
34361160569423,09:32:41.160,21.1500,1100
34361162778730,09:32:41.162,21.1500,100
34361171622152,09:32:41.171,21.1400,100
34361177083801,09:32:41.177,21.1500,100
34361177083801,09:32:41.177,21.1500,2800
34361177196223,09:32:41.177,21.1500,100
34361300322092,09:32:41.300,21.1500,100
34361613139962,09:32:41.613,21.1500,100
34361614457702,09:32:41.614,21.1500,100
34361889856538,09:32:41.889,21.1500,100
34361890032499,09:32:41.890,21.1500,100
34362374474827,09:32:42.374,21.1000,200
34362526448230,09:32:42.526,21.0700,100
34366866713918,09:32:46.866,21.1000,100
34366866713918,09:32:46.866,21.1100,100
34366896433613,09:32:46.896,21.1500,100
34366896536001,09:32:46.896,21.1500,100
34366953818934,09:32:46.953,21.1500,100
34366954161133,09:32:46.954,21.1500,100
34368334588687,09:32:48.334,21.1500,100
34376615358866,09:32:56.615,21.1500,68
34376615399495,09:32:56.615,21.1500,32
34376615465489,09:32:56.615,21.1500,32
34376615515656,09:32:56.615,21.1500,68
34376622556956,09:32:56.622,21.1500,100
34376622556956,09:32:56.622,21.1500,100
34387434626825,09:33:07.434,21.1500,100
34391620807736,09:33:11.620,21.1500,100
34391622285082,09:33:11.622,21.1500,100
34391662689187,09:33:11.662,21.1500,100
34391693620521,09:33:11.693,21.1500,100
34391700643364,09:33:11.700,21.1500,100
34391705761174,09:33:11.705,21.1500,100
34391710309868,09:33:11.710,21.1500,100
34391812611275,09:33:11.812,21.1500,100
34392561073637,09:33:12.561,21.1500,100
34399452981259,09:33:19.452,21.1200,100
34399453749731,09:33:19.453,21.1100,600
34434784243104,09:33:54.784,21.1000,100
34434784403673,09:33:54.784,21.1000,100
34434784421272,09:33:54.784,21.1000,100
34434784501004,09:33:54.784,21.1000,100
34519032256014,09:35:19.032,21.0300,100
34519051542932,09:35:19.051,20.9800,42
34546171705734,09:35:46.171,20.9200,1
34555935138509,09:35:55.935,20.9000,100
34556181934228,09:35:56.181,20.9100,100
34581768771312,09:36:21.768,20.9300,100
34581768771312,09:36:21.768,20.9400,100
34581768771312,09:36:21.768,20.9400,100
34581768771312,09:36:21.768,20.9400,100
34581768771312,09:36:21.768,20.9400,200
34581773158878,09:36:21.773,20.9500,13
34581773158878,09:36:21.773,20.9500,87
34581811205928,09:36:21.811,20.9500,13
34581811205928,09:36:21.811,20.9500,87
34581811277873,09:36:21.811,20.9500,13
34581811277873,09:36:21.811,20.9500,87
34581890897647,09:36:21.890,20.9500,13
34581891808065,09:36:21.891,20.9700,100
34581891808065,09:36:21.891,20.9700,32
34581891808753,09:36:21.891,20.9700,168
34581891991639,09:36:21.891,20.9700,100
34610183518529,09:36:50.183,21.0000,100
34610183619416,09:36:50.183,21.0000,100
34627154233698,09:37:07.154,20.9500,98
34627154247715,09:37:07.154,20.9500,2
34627154359876,09:37:07.154,20.9400,800
34628763606195,09:37:08.763,20.9400,4
34631528503311,09:37:11.528,20.9500,100
34655668863232,09:37:35.668,20.9400,96
34655668863232,09:37:35.668,20.9400,4
34655669594230,09:37:35.669,20.9400,3
34655669641589,09:37:35.669,20.9400,100
34687701973573,09:38:07.701,20.9800,200
34704520939997,09:38:24.520,20.9900,100
34704525400494,09:38:24.525,20.9900,100
34704525827189,09:38:24.525,21.0000,100
34725696690503,09:38:45.696,20.9700,100
34725796054167,09:38:45.796,20.9600,100
34845589407747,09:40:45.589,20.8600,100
34845593873041,09:40:45.593,20.8600,100
34845598291347,09:40:45.598,20.8600,100
34845599106841,09:40:45.599,20.8700,100
34845605038595,09:40:45.605,20.8800,100
34845606401115,09:40:45.606,20.8600,100
34845606401115,09:40:45.606,20.8600,100
34845610073016,09:40:45.610,20.8700,100
34845614558063,09:40:45.614,20.8700,100
34845618964196,09:40:45.618,20.8700,100
34845623321771,09:40:45.623,20.8700,100
34845627647302,09:40:45.627,20.8700,76
34845627647302,09:40:45.627,20.8700,24
34845627700156,09:40:45.627,20.8700,76
34845639407676,09:40:45.639,20.8800,100
34869724997338,09:41:09.724,20.7900,1
34887122591842,09:41:27.122,20.7600,100
34888265765238,09:41:28.265,20.7600,55
34888265765238,09:41:28.265,20.7600,45
34892226961444,09:41:32.226,20.7600,55
34892227392269,09:41:32.227,20.7800,2
34892228197994,09:41:32.228,20.7800,100
34892229243216,09:41:32.229,20.7900,100
34892233033314,09:41:32.233,20.8200,100
34892233033314,09:41:32.233,20.8200,100
34894983913565,09:41:34.983,20.8300,100
34903100842315,09:41:43.100,20.8300,82
34903100842315,09:41:43.100,20.8300,200
34903101272531,09:41:43.101,20.8000,2
34913132755554,09:41:53.132,20.8000,98
34913142570842,09:41:53.142,20.8300,3
34913633298449,09:41:53.633,20.8100,2
34938243346384,09:42:18.243,20.8100,100
34938251053641,09:42:18.251,20.8200,100
34938255552683,09:42:18.255,20.8200,100
34938261749267,09:42:18.261,20.8200,100
34938261929500,09:42:18.261,20.8200,100
34938262939852,09:42:18.262,20.8100,100
35065564312140,09:44:25.564,20.7500,2300
35071383706610,09:44:31.383,20.7300,100
35072384342548,09:44:32.384,20.7300,1
35077808423685,09:44:37.808,20.7000,6
35086835511775,09:44:46.835,20.6800,100
35101836091916,09:45:01.836,20.7100,100
35101836632243,09:45:01.836,20.7000,100
35103556195689,09:45:03.556,20.6800,7
35103556195689,09:45:03.556,20.6800,27
35113988239809,09:45:13.988,20.7200,100
35113992529375,09:45:13.992,20.7300,100
35188828951988,09:46:28.828,20.7100,100
35224756989570,09:47:04.756,20.7400,100
35246254011699,09:47:26.254,20.7600,100
35246265982381,09:47:26.265,20.7600,100
35351611771555,09:49:11.611,20.8350,100
35465160184964,09:51:05.160,20.8000,100
35465160184964,09:51:05.160,20.7900,1
35465160426296,09:51:05.160,20.7900,99
35465160426296,09:51:05.160,20.7900,1
35465161350678,09:51:05.161,20.7900,2
35466217130926,09:51:06.217,20.7700,1
35568045222808,09:52:48.045,20.6800,400
35589226898480,09:53:09.226,20.6800,1
35636908823452,09:53:56.908,20.6750,100
35652709190256,09:54:12.709,20.7300,100
35659914583329,09:54:19.914,20.7500,25
35659914589579,09:54:19.914,20.7500,25
35931302542349,09:58:51.302,20.7800,100
36067615378210,10:01:07.615,20.7500,23
36067615378210,10:01:07.615,20.7500,100
36067615378210,10:01:07.615,20.7500,1
36067615378210,10:01:07.615,20.7500,76
36067616790924,10:01:07.616,20.7500,24
36076751449890,10:01:16.751,20.7800,100
36137236873974,10:02:17.236,20.7900,100
36166651714715,10:02:46.651,20.7900,23
36166651714715,10:02:46.651,20.7900,100
36166651721676,10:02:46.651,20.7900,123
36166651856837,10:02:46.651,20.7900,123
36166654598093,10:02:46.654,20.7900,100
36166701072998,10:02:46.701,20.7900,100
36166710317258,10:02:46.710,20.7900,100
36171659874672,10:02:51.659,20.7900,2
36171659874672,10:02:51.659,20.7900,35
36171659874672,10:02:51.659,20.7900,100
36171661198883,10:02:51.661,20.7700,100
36171662497836,10:02:51.662,20.7800,100
36173118015357,10:02:53.118,20.7600,100
36173118308282,10:02:53.118,20.7600,100
36173118326085,10:02:53.118,20.7600,100
36193327495004,10:03:13.327,20.7600,28
36193327569147,10:03:13.327,20.7600,72
36193327569147,10:03:13.327,20.7600,2
36193337901910,10:03:13.337,20.7600,100
36193338082132,10:03:13.338,20.7600,100
36209118849579,10:03:29.118,20.7700,100
36209118849579,10:03:29.118,20.7700,100
36209118849579,10:03:29.118,20.7700,100
36209118849579,10:03:29.118,20.7700,100
36209118997720,10:03:29.118,20.7700,100
36209119021985,10:03:29.119,20.7700,100
36209119021985,10:03:29.119,20.7700,100
36209119021985,10:03:29.119,20.7700,300
36209142112434,10:03:29.142,20.7600,132
36209142116584,10:03:29.142,20.7600,128
36209142146652,10:03:29.142,20.7600,40
36209142146652,10:03:29.142,20.7600,39
36211219699472,10:03:31.219,20.7500,100
36211220632030,10:03:31.220,20.7400,100
36223002426554,10:03:43.002,20.7400,100
36223002426554,10:03:43.002,20.7400,8
36223002426554,10:03:43.002,20.7400,92
36234599909973,10:03:54.599,20.7200,22
36234599909973,10:03:54.599,20.7200,100
36238103608972,10:03:58.103,20.7000,200
36238103759398,10:03:58.103,20.7000,100
36238104625432,10:03:58.104,20.7000,38
36238990826082,10:03:58.990,20.6900,2100
36239064930604,10:03:59.064,20.6700,100
36240559099228,10:04:00.559,20.6900,100
36240559244302,10:04:00.559,20.6900,100
36240559254224,10:04:00.559,20.6900,100
36240560509406,10:04:00.560,20.6900,100
36240560707028,10:04:00.560,20.6900,138
36276384216266,10:04:36.384,20.6500,100
36276384216266,10:04:36.384,20.6500,36
36276384216266,10:04:36.384,20.6500,100
36283256517631,10:04:43.256,20.6200,100
36283257008155,10:04:43.257,20.6200,100
36283259074289,10:04:43.259,20.6500,100
36283259621516,10:04:43.259,20.6500,100
36283270335965,10:04:43.270,20.6600,100
36335304358751,10:05:35.304,20.6550,100
36342793419360,10:05:42.793,20.6400,300
36342793419360,10:05:42.793,20.6400,100
36342793419360,10:05:42.793,20.6400,100
36346589732833,10:05:46.589,20.6400,100
36373494145075,10:06:13.494,20.6450,100
36373494145075,10:06:13.494,20.6600,100
36373494145075,10:06:13.494,20.6600,100
36373494185857,10:06:13.494,20.6600,100
36373495930794,10:06:13.495,20.6700,5
36374113165032,10:06:14.113,20.6700,100
36376663628293,10:06:16.663,20.6900,100
36377513438566,10:06:17.513,20.6900,200
36377513438566,10:06:17.513,20.6900,100
36377513617737,10:06:17.513,20.6900,100
36377513617737,10:06:17.513,20.6900,100
36377936949083,10:06:17.936,20.6900,62
36384279909246,10:06:24.279,20.7000,100
36384280368535,10:06:24.280,20.7000,100
36391698135373,10:06:31.698,20.7000,100
36391698848214,10:06:31.698,20.7000,100
36416489915927,10:06:56.489,20.7200,100
36416490513817,10:06:56.490,20.7200,100
36426396229270,10:07:06.396,20.7400,100
36426396229270,10:07:06.396,20.7400,100
36431387883094,10:07:11.387,20.7300,37
36431387883094,10:07:11.387,20.7300,63
36431388201341,10:07:11.388,20.7300,37
36431388201341,10:07:11.388,20.7300,5
36448168684267,10:07:28.168,20.7200,100
36452765947545,10:07:32.765,20.7100,100
36452765947545,10:07:32.765,20.7000,6
36452765947545,10:07:32.765,20.7000,38
36452768471638,10:07:32.768,20.7000,100
36488222872826,10:08:08.222,20.7100,100
36488222872826,10:08:08.222,20.7100,100
36489034565890,10:08:09.034,20.7200,100
36489034565890,10:08:09.034,20.7200,100
36489034565890,10:08:09.034,20.7200,100
36559880460429,10:09:19.880,20.7500,100
36559880648990,10:09:19.880,20.7600,56
36559880660584,10:09:19.880,20.7600,44
36559880847000,10:09:19.880,20.7600,100
36580515233094,10:09:40.515,20.7800,100
36665213190178,10:11:05.213,20.7900,28
36665213190178,10:11:05.213,20.7900,72
36665213223849,10:11:05.213,20.7900,28
36665213223849,10:11:05.213,20.7900,44
36699884555764,10:11:39.884,20.7950,100
36714885846790,10:11:54.885,20.8100,100
36751339228490,10:12:31.339,20.8500,200
36820100810009,10:13:40.100,20.8400,34
36820100810009,10:13:40.100,20.8400,90
36820100810009,10:13:40.100,20.8400,10
36867161054383,10:14:27.161,20.8300,90
36867161054383,10:14:27.161,20.8300,100
36867161054383,10:14:27.161,20.8300,35
36874811438703,10:14:34.811,20.8400,100
36875101780051,10:14:35.101,20.8500,100
36875101802941,10:14:35.101,20.8500,100
36875101848064,10:14:35.101,20.8500,100
36887666564613,10:14:47.666,20.8500,100
36887666686865,10:14:47.666,20.8500,100
36887667166618,10:14:47.667,20.8500,100
36887667166618,10:14:47.667,20.8500,100
36887667166618,10:14:47.667,20.8500,100
36889221211449,10:14:49.221,20.8400,100
36889221467894,10:14:49.221,20.8400,1
36889230273392,10:14:49.230,20.8400,1
36911311690017,10:15:11.311,20.8300,100
36924404561383,10:15:24.404,20.8100,1
36924404561383,10:15:24.404,20.8100,1
36924405310333,10:15:24.405,20.8000,99
36924405875496,10:15:24.405,20.8000,1
36973172637668,10:16:13.172,20.7700,36
37076597258625,10:17:56.597,20.7200,74
37076597272162,10:17:56.597,20.7200,26
37092510916307,10:18:12.510,20.7100,37
37092512090048,10:18:12.512,20.7000,100
37121362526091,10:18:41.362,20.7000,100
37121362536511,10:18:41.362,20.7000,100
37121363667131,10:18:41.363,20.7000,100
37121365666655,10:18:41.365,20.7000,100
37147010116354,10:19:07.010,20.7100,7
37147010146966,10:19:07.010,20.7100,93
37147010146966,10:19:07.010,20.7100,7
37161516353700,10:19:21.516,20.7100,100
37171466840169,10:19:31.466,20.7200,100
37171466971313,10:19:31.466,20.7200,100
37171473103220,10:19:31.473,20.7400,100
37321514355137,10:22:01.514,20.7900,100
37321514355137,10:22:01.514,20.7900,100
37321515170892,10:22:01.515,20.7900,100
37321515170892,10:22:01.515,20.7900,100
37340740048003,10:22:20.740,20.7800,37
37340765437363,10:22:20.765,20.7800,94
37380196435680,10:23:00.196,20.7700,29
37380196435680,10:23:00.196,20.7700,100
37386139807663,10:23:06.139,20.7500,100
37446640051736,10:24:06.640,20.7600,100
37446640051736,10:24:06.640,20.7600,100
37446642394315,10:24:06.642,20.7700,100
37517206956184,10:25:17.206,20.7800,100
37517206956184,10:25:17.206,20.7800,100
37551434916410,10:25:51.434,20.8200,100
37557733249911,10:25:57.733,20.8300,100
37557785172086,10:25:57.785,20.8500,100
37670255750359,10:27:50.255,20.8400,100
37680134165622,10:28:00.134,20.8400,34
37783066629189,10:29:43.066,20.8200,35
37783067397573,10:29:43.067,20.8100,6
37822157939704,10:30:22.157,20.8400,100
37831229130673,10:30:31.229,20.8500,85
37834724270150,10:30:34.724,20.8500,100
37888582180214,10:31:28.582,20.8500,100
37894916486420,10:31:34.916,20.8500,100
37894916486420,10:31:34.916,20.8600,100
37934292073038,10:32:14.292,20.8400,100
37941135300803,10:32:21.135,20.8500,100
37943466232930,10:32:23.466,20.8600,100
37956200942166,10:32:36.200,20.8800,100
37956202140482,10:32:36.202,20.8800,100
37956203871122,10:32:36.203,20.8800,40
37959524699300,10:32:39.524,20.8800,60
37959524699300,10:32:39.524,20.8800,100
37959524699300,10:32:39.524,20.8800,40
37965225946548,10:32:45.225,20.8800,60
37965226501924,10:32:45.226,20.8800,100
37965227493979,10:32:45.227,20.8900,100
37967180594902,10:32:47.180,20.9000,100
37992875188168,10:33:12.875,20.9000,100
38024501482544,10:33:44.501,20.8800,100
38048399779302,10:34:08.399,20.8800,100
38048399999417,10:34:08.399,20.8800,43
38048400151149,10:34:08.400,20.8800,57
38090167067418,10:34:50.167,20.8700,100
38092473429862,10:34:52.473,20.8500,1
38092473429862,10:34:52.473,20.8500,100
38092473429862,10:34:52.473,20.8500,100
38092473429862,10:34:52.473,20.8500,36
38111242752896,10:35:11.242,20.8300,4
38111242752896,10:35:11.242,20.8300,96
38136915824461,10:35:36.915,20.8600,100
38137219181241,10:35:37.219,20.8500,100
38153609894024,10:35:53.609,20.8800,100
38154334612971,10:35:54.334,20.8900,100
38158639499890,10:35:58.639,20.9000,100
38160596827090,10:36:00.596,20.9000,100
38170073187534,10:36:10.073,20.9000,100
38179396681828,10:36:19.396,20.8900,18
38179396681828,10:36:19.396,20.8900,100
38179396681828,10:36:19.396,20.8900,36
38179397009278,10:36:19.397,20.8800,22
38179397010664,10:36:19.397,20.8800,66
38179397020962,10:36:19.397,20.8800,12
38179397020962,10:36:19.397,20.8800,77
38179397023976,10:36:19.397,20.8800,23
38184588475434,10:36:24.588,20.8700,2
38184588475434,10:36:24.588,20.8700,98
38184588928357,10:36:24.588,20.8700,66
38190667902263,10:36:30.667,20.8700,100
38193377807560,10:36:33.377,20.8700,100
38193377807560,10:36:33.377,20.8700,200
38194830101973,10:36:34.830,20.8700,100
38194832072497,10:36:34.832,20.8700,100
38194832162268,10:36:34.832,20.8700,100
38194832162268,10:36:34.832,20.8700,8
38203589154795,10:36:43.589,20.8700,100
38203589457342,10:36:43.589,20.8700,100
38203590313002,10:36:43.590,20.8700,100
38203590787827,10:36:43.590,20.8700,100
38206974654307,10:36:46.974,20.8700,100
38206974654307,10:36:46.974,20.8700,400
38212861668618,10:36:52.861,20.8700,100
38216677544642,10:36:56.677,20.8700,100
38219598452489,10:36:59.598,20.8700,100
38226029889695,10:37:06.029,20.8700,100
38226031127849,10:37:06.031,20.8700,100
38226031165350,10:37:06.031,20.8700,100
38232410605853,10:37:12.410,20.8600,100
38232410605853,10:37:12.410,20.8600,100
38232411643582,10:37:12.411,20.8500,100
38232411643582,10:37:12.411,20.8500,100
38237782146334,10:37:17.782,20.8400,4
38241687236869,10:37:21.687,20.8400,100
38249141143113,10:37:29.141,20.8300,1
38249141143113,10:37:29.141,20.8300,99
38262549003174,10:37:42.549,20.8300,1
38262549003174,10:37:42.549,20.8300,99
38262549003174,10:37:42.549,20.8300,100
38262550108011,10:37:42.550,20.8200,100
38262550130951,10:37:42.550,20.8200,99
38262550141516,10:37:42.550,20.8200,1
38280106247600,10:38:00.106,20.8400,1
38290491262947,10:38:10.491,20.8400,100
38290491570942,10:38:10.491,20.8400,100
38302221286438,10:38:22.221,20.8700,100
38348067658417,10:39:08.067,20.9000,100
38348068305361,10:39:08.068,20.9100,100
38348068997990,10:39:08.068,20.9100,100
38348099975130,10:39:08.099,20.9100,24
38348137227068,10:39:08.137,20.9100,34
38349226449149,10:39:09.226,20.9100,42
38349226449149,10:39:09.226,20.9100,100
38349226449149,10:39:09.226,20.9100,15
38349226449149,10:39:09.226,20.9100,100
38349226449149,10:39:09.226,20.9100,100
38349226449149,10:39:09.226,20.9100,43
38349227414462,10:39:09.227,20.9100,57
38349227414462,10:39:09.227,20.9100,100
38349227414462,10:39:09.227,20.9100,100
38349228215920,10:39:09.228,20.9100,100
38349228312458,10:39:09.228,20.9100,100
38349229231457,10:39:09.229,20.9100,100
38349257030353,10:39:09.257,20.9100,10
38352068822861,10:39:12.068,20.9100,32
38352068827106,10:39:12.068,20.9100,4
38352069108777,10:39:12.069,20.9100,100
38352070767513,10:39:12.070,20.9000,123
38352070767513,10:39:12.070,20.9000,100
38352071096035,10:39:12.071,20.9000,1
38352078469464,10:39:12.078,20.9000,2
38355992246659,10:39:15.992,20.8900,6
38368650688163,10:39:28.650,20.8600,100
38368650796789,10:39:28.650,20.8600,94
38368651101963,10:39:28.651,20.8600,100
38409244673961,10:40:09.244,20.9000,100
38423316790305,10:40:23.316,20.8800,36
38423316790305,10:40:23.316,20.8800,66
38459817968885,10:40:59.817,20.8500,100
38459818217938,10:40:59.818,20.8500,100
38459818407263,10:40:59.818,20.8500,100
38459819217609,10:40:59.819,20.8500,100
38459820492623,10:40:59.820,20.8500,73
38459863588657,10:40:59.863,20.8500,27
38459863588657,10:40:59.863,20.8500,100
38459863588657,10:40:59.863,20.8500,73
38473446756954,10:41:13.446,20.8400,14
38473446798010,10:41:13.446,20.8400,33
38473450535457,10:41:13.450,20.8300,100
38517037960477,10:41:57.037,20.8200,100
38517037960477,10:41:57.037,20.8200,100
38517038517849,10:41:57.038,20.8200,100
38517038517849,10:41:57.038,20.8200,100
38517040074459,10:41:57.040,20.8300,100
38528918439877,10:42:08.918,20.8400,100
38559124732253,10:42:39.124,20.8400,100
38559124812431,10:42:39.124,20.8400,100
38566161432878,10:42:46.161,20.8300,38
38610179218460,10:43:30.179,20.8400,100
38624148067157,10:43:44.148,20.8600,100
38660279792930,10:44:20.279,20.8900,1
38662842159488,10:44:22.842,20.8900,99
38662842159488,10:44:22.842,20.8900,1
38662842359940,10:44:22.842,20.8900,99
38663843224905,10:44:23.843,20.9000,100
38664106926910,10:44:24.106,20.9000,100
38676040934789,10:44:36.040,20.9000,200
38737804977538,10:45:37.804,20.9000,2
38740808424081,10:45:40.808,20.9000,100
38741837822493,10:45:41.837,20.9000,100
38748412916223,10:45:48.412,20.9100,100
38748412916223,10:45:48.412,20.9100,100
38748412916223,10:45:48.412,20.9100,100
38825292336021,10:47:05.292,20.9100,36
38834492134327,10:47:14.492,20.9150,2888
38834509078701,10:47:14.509,20.9200,100
38834511234874,10:47:14.511,20.9200,100
38834511278481,10:47:14.511,20.9200,100
38834511801801,10:47:14.511,20.9300,100
38834523962147,10:47:14.523,20.9300,100
38834575228121,10:47:14.575,20.9300,100
38834575228121,10:47:14.575,20.9300,100
38834575300232,10:47:14.575,20.9300,100
38923037460302,10:48:43.037,20.9300,200
38923037460302,10:48:43.037,20.9300,100
38923037460302,10:48:43.037,20.9300,100
38923037786390,10:48:43.037,20.9200,100
38923039194897,10:48:43.039,20.9200,300
38923042790689,10:48:43.042,20.9100,36
38923042790689,10:48:43.042,20.9100,100
38923055236793,10:48:43.055,20.9100,8
38923150152788,10:48:43.150,20.9100,92
38924079159865,10:48:44.079,20.9200,100
38925220288124,10:48:45.220,20.9100,100
39073188485062,10:51:13.188,20.9000,3
39073191075823,10:51:13.191,20.9000,97
39159243385931,10:52:39.243,20.9000,31
39159243385931,10:52:39.243,20.9000,36
39159243385931,10:52:39.243,20.9000,33
39215151651047,10:53:35.151,20.8900,100
39215151682408,10:53:35.151,20.8900,2
39215151737490,10:53:35.151,20.8900,2
39228698750084,10:53:48.698,20.9000,100
39228698750084,10:53:48.698,20.9000,100
39228700872437,10:53:48.700,20.9000,12
39230943154930,10:53:50.943,20.8900,100
39230943154930,10:53:50.943,20.8900,600
39230943995161,10:53:50.943,20.9000,100
39230946748418,10:53:50.946,20.8900,100
39234353201753,10:53:54.353,20.8800,6
39237499437828,10:53:57.499,20.8750,100
39237499437828,10:53:57.499,20.8700,100
39237503744567,10:53:57.503,20.8600,100
39237503989739,10:53:57.503,20.8500,98
39237504503091,10:53:57.504,20.8500,2
39238907453460,10:53:58.907,20.8400,100
39252734393395,10:54:12.734,20.8400,100
39255525569198,10:54:15.525,20.8200,11
39259357479287,10:54:19.357,20.8100,900
39262107679677,10:54:22.107,20.8000,39
39265891367670,10:54:25.891,20.7800,100
39266186226009,10:54:26.186,20.8000,100
39266186226009,10:54:26.186,20.8000,100
39292296161175,10:54:52.296,20.7900,67
39301446723462,10:55:01.446,20.7900,100
39311820119897,10:55:11.820,20.7900,33
39311820119897,10:55:11.820,20.7900,100
39311820119897,10:55:11.820,20.7900,200
39311820119897,10:55:11.820,20.7900,67
39311820425439,10:55:11.820,20.7900,11
39312502261972,10:55:12.502,20.8000,100
39312974530982,10:55:12.974,20.8000,100
39319035375073,10:55:19.035,20.8200,100
39431423318631,10:57:11.423,20.8500,100
39467435412948,10:57:47.435,20.8300,6
39467435412948,10:57:47.435,20.8300,87
39467435417104,10:57:47.435,20.8300,5
39524919744459,10:58:44.919,20.8500,67
39524919760596,10:58:44.919,20.8500,33
39524919760596,10:58:44.919,20.8500,67
39524922243982,10:58:44.922,20.8500,33
39530255393179,10:58:50.255,20.8400,100
39595046910815,10:59:55.046,20.8700,4
39601172954318,11:00:01.172,20.8700,100
39655583032260,11:00:55.583,20.9200,1
39658482958570,11:00:58.482,20.9200,99
39658482958570,11:00:58.482,20.9200,100
39658482958570,11:00:58.482,20.9200,100
39658483206087,11:00:58.483,20.9200,100
39658483433600,11:00:58.483,20.9200,100
39658492480797,11:00:58.492,20.9200,1
39658608120636,11:00:58.608,20.9200,99
39658608120636,11:00:58.608,20.9200,100
39658608120636,11:00:58.608,20.9200,100
39724435144330,11:02:04.435,20.9800,100
39725445156720,11:02:05.445,21.0100,100
39725445335624,11:02:05.445,21.0100,100
39727150402380,11:02:07.150,20.9900,61
39730500987766,11:02:10.500,20.9900,100
39762400172042,11:02:42.400,21.0000,24
39762400179021,11:02:42.400,21.0000,63
39762400192414,11:02:42.400,21.0000,13
39784970645808,11:03:04.970,21.0200,100
39792266420088,11:03:12.266,21.0000,36
39792266420088,11:03:12.266,21.0000,100
39799814206652,11:03:19.814,20.9800,200
39799814433361,11:03:19.814,20.9800,100
39799815729471,11:03:19.815,20.9800,100
39799816088438,11:03:19.816,20.9800,167
39799816220185,11:03:19.816,20.9800,33
39799821158595,11:03:19.821,20.9800,6
39802705889983,11:03:22.705,20.9700,100
39802712270900,11:03:22.712,20.9600,100
39802712462240,11:03:22.712,20.9600,100
39802803335885,11:03:22.803,20.9600,100
39802918305049,11:03:22.918,20.9700,100
39805386837308,11:03:25.386,20.9600,100
39805388178294,11:03:25.388,20.9600,100
39805389232774,11:03:25.389,20.9600,100
39805396460786,11:03:25.396,20.9600,4
39807936213938,11:03:27.936,20.9500,100
39809279497697,11:03:29.279,20.9400,100
39810505815526,11:03:30.505,20.9400,1
39810507378655,11:03:30.507,20.9400,100
39810512745011,11:03:30.512,20.9300,100
39810515564592,11:03:30.515,20.9300,17
39810517964276,11:03:30.517,20.9300,83
39810517964276,11:03:30.517,20.9400,100
39810517964276,11:03:30.517,20.9400,17
39810517990655,11:03:30.517,20.9400,83
39810517990655,11:03:30.517,20.9400,17
39810704712330,11:03:30.704,20.9300,100
39810929978225,11:03:30.929,20.9300,17
39810929978225,11:03:30.929,20.9300,83
39811194523922,11:03:31.194,20.9400,100
39811194523922,11:03:31.194,20.9400,200
39811194698990,11:03:31.194,20.9400,100
39811196622600,11:03:31.196,20.9400,100
39811196716838,11:03:31.196,20.9400,100
39812198532003,11:03:32.198,20.9400,100
39812198712100,11:03:32.198,20.9400,100
39812200800083,11:03:32.200,20.9400,100
39820839719493,11:03:40.839,20.9300,100
39820839719493,11:03:40.839,20.9300,100
39820839719493,11:03:40.839,20.9300,100
39820840094450,11:03:40.840,20.9200,100
39820840094450,11:03:40.840,20.9200,100
39820840094450,11:03:40.840,20.9200,100
39820840094450,11:03:40.840,20.9200,100
39820841608993,11:03:40.841,20.9200,100
39820842463380,11:03:40.842,20.9300,100
39820854084966,11:03:40.854,20.9200,100
39820940457185,11:03:40.940,20.9200,100
39820940633701,11:03:40.940,20.9200,100
39820940633701,11:03:40.940,20.9200,100
39820942408929,11:03:40.942,20.9200,100
39820943752885,11:03:40.943,20.9200,100
39820943752885,11:03:40.943,20.9200,100
39820943785798,11:03:40.943,20.9200,100
39820943930172,11:03:40.943,20.9200,100
39820944354652,11:03:40.944,20.9200,100
39820945714382,11:03:40.945,20.9200,200
39820945899818,11:03:40.945,20.9200,200
39820946767122,11:03:40.946,20.9200,100
39820946767122,11:03:40.946,20.9200,200
39820947083348,11:03:40.947,20.9200,100
39822040316743,11:03:42.040,20.9200,100
39822040487325,11:03:42.040,20.9200,100
39822040487325,11:03:42.040,20.9200,100
39827565891132,11:03:47.565,20.9200,200
39827565891132,11:03:47.565,20.9200,702
39827566578767,11:03:47.566,20.9200,200
39827566578767,11:03:47.566,20.9200,100
39827566578767,11:03:47.566,20.9200,100
39827568068114,11:03:47.568,20.9200,100
39832071635826,11:03:52.071,20.9200,100
39832071819736,11:03:52.071,20.9200,100
39832071821068,11:03:52.071,20.9200,100
39832072350107,11:03:52.072,20.9200,100
39832072451777,11:03:52.072,20.9200,100
39832074973467,11:03:52.074,20.9200,100
39835734301043,11:03:55.734,20.9200,200
39835734695058,11:03:55.734,20.9200,200
39835734862264,11:03:55.734,20.9200,100
39835734862264,11:03:55.734,20.9200,100
39835735732640,11:03:55.735,20.9200,300
39838225414451,11:03:58.225,20.9200,200
39838225414451,11:03:58.225,20.9200,100
39838225596341,11:03:58.225,20.9200,100
39838227594470,11:03:58.227,20.9200,100
39838227594470,11:03:58.227,20.9200,100
39838227998071,11:03:58.227,20.9200,100
39838229838822,11:03:58.229,20.9200,100
39838230007731,11:03:58.230,20.9200,100
39838231434484,11:03:58.231,20.9200,100
39838231636111,11:03:58.231,20.9200,100
39838244197643,11:03:58.244,20.9200,100
39842596234434,11:04:02.596,20.9200,100
39842596415341,11:04:02.596,20.9200,100
39842596415341,11:04:02.596,20.9200,100
39842600496805,11:04:02.600,20.9200,6
39846659113562,11:04:06.659,20.9200,100
39848954721291,11:04:08.954,20.9200,200
39848954846047,11:04:08.954,20.9200,6400
39848954904703,11:04:08.954,20.9200,100
39848958337833,11:04:08.958,20.9200,6
39848960381116,11:04:08.960,20.9200,100
39848960610648,11:04:08.960,20.9200,101
39848962096141,11:04:08.962,20.9200,100
39848962447107,11:04:08.962,20.9200,100
39848962568744,11:04:08.962,20.9200,100
39848966339684,11:04:08.966,20.9200,100
39848968023313,11:04:08.968,20.9200,100
39848970181467,11:04:08.970,20.9200,100
39848970352122,11:04:08.970,20.9200,100
39848970975301,11:04:08.970,20.9200,100
39848971782651,11:04:08.971,20.9200,100
39848971782651,11:04:08.971,20.9200,200
39848971924516,11:04:08.971,20.9200,100
39848972535655,11:04:08.972,20.9200,100
39848976262506,11:04:08.976,20.9200,100
39848985208978,11:04:08.985,20.9200,200
39848985369631,11:04:08.985,20.9200,100
39848988617751,11:04:08.988,20.9200,100
39856015150396,11:04:16.015,20.9200,100
39856015150396,11:04:16.015,20.9200,300
39856017603872,11:04:16.017,20.9200,100
39859478385894,11:04:19.478,20.9200,200
39859480367644,11:04:19.480,20.9200,100
39867359393532,11:04:27.359,20.9100,100
39867359393532,11:04:27.359,20.9100,100
39867359393532,11:04:27.359,20.9100,200
39867359393532,11:04:27.359,20.9100,200
39868689108388,11:04:28.689,20.9000,100
39868689108388,11:04:28.689,20.9000,37
39868690774732,11:04:28.690,20.8900,100
39868690774732,11:04:28.690,20.8900,100
39881393591944,11:04:41.393,20.9000,200
39881393591944,11:04:41.393,20.9000,100
39881695057265,11:04:41.695,20.9000,14
39881706511167,11:04:41.706,20.9000,86
39888563036577,11:04:48.563,20.9100,100
39888564361068,11:04:48.564,20.9200,200
39888564544874,11:04:48.564,20.9200,100
39888564544874,11:04:48.564,20.9200,100
39888566920633,11:04:48.566,20.9100,100
39903230437792,11:05:03.230,20.9100,100
39903230437792,11:05:03.230,20.9100,200
39903230437792,11:05:03.230,20.9100,100
39903230437792,11:05:03.230,20.9100,700
39903230437792,11:05:03.230,20.9000,100
39903230437792,11:05:03.230,20.9000,100
39903230437792,11:05:03.230,20.9000,100
39903230437792,11:05:03.230,20.9000,100
39903230437792,11:05:03.230,20.9000,200
39903230437792,11:05:03.230,20.8900,100
39903230437792,11:05:03.230,20.8900,100
39903230437792,11:05:03.230,20.8800,100
39903230437792,11:05:03.230,20.8800,100
39903230437792,11:05:03.230,20.8600,300
39903232721004,11:05:03.232,20.8900,100
39903232798380,11:05:03.232,20.8900,12
39903232936948,11:05:03.232,20.8900,100
39903234782311,11:05:03.234,20.9000,200
39903238680206,11:05:03.238,20.9000,100
39903241607834,11:05:03.241,20.9000,62
39903241611016,11:05:03.241,20.9000,438
39903243173843,11:05:03.243,20.8800,1
39903266657943,11:05:03.266,20.8600,99
39903266657943,11:05:03.266,20.8600,109
39903266657943,11:05:03.266,20.8600,192
39903266910446,11:05:03.266,20.8600,8
39903266910446,11:05:03.266,20.8600,200
39903266954069,11:05:03.266,20.8600,276
39903267084826,11:05:03.267,20.8600,100
39903267084826,11:05:03.267,20.8600,100
39903267554215,11:05:03.267,20.8600,100
39903267932797,11:05:03.267,20.8600,100
39903268665265,11:05:03.268,20.8600,8
39903448989856,11:05:03.448,20.8600,92
39903448989856,11:05:03.448,20.8600,8
39903449040912,11:05:03.449,20.8600,192
39903449212773,11:05:03.449,20.8600,100
39903449212773,11:05:03.449,20.8600,300
39903554177098,11:05:03.554,20.8600,100
39903626086982,11:05:03.626,20.8500,100
39920259649904,11:05:20.259,20.8500,100
39920259670015,11:05:20.259,20.8500,100
39920263434465,11:05:20.263,20.8600,100
39920263726643,11:05:20.263,20.8600,100
39920263759903,11:05:20.263,20.8600,100
39920263786804,11:05:20.263,20.8600,100
39920263803615,11:05:20.263,20.8600,200
39920263929100,11:05:20.263,20.8600,100
39920263929100,11:05:20.263,20.8600,5500
39920300112355,11:05:20.300,20.8600,100
39920300112355,11:05:20.300,20.8600,200
39920300225359,11:05:20.300,20.8600,21900
39920300287314,11:05:20.300,20.8600,100
39920300655304,11:05:20.300,20.8600,100
39920300655304,11:05:20.300,20.8600,200
39920300728675,11:05:20.300,20.8600,200
39920300757241,11:05:20.300,20.8600,200
39920301502346,11:05:20.301,20.8600,100
39920303049533,11:05:20.303,20.8600,100
39920303049533,11:05:20.303,20.8600,100
39920303216408,11:05:20.303,20.8600,100
39920303374708,11:05:20.303,20.8600,100
39920304922843,11:05:20.304,20.8600,100
39920304922843,11:05:20.304,20.8600,200
39920305009615,11:05:20.305,20.8600,100
39920305097543,11:05:20.305,20.8600,200
39920311536877,11:05:20.311,20.8600,200
39920311536877,11:05:20.311,20.8600,200
39920311594100,11:05:20.311,20.8600,200
39920311715144,11:05:20.311,20.8600,200
39920316504925,11:05:20.316,20.8600,200
39920316504925,11:05:20.316,20.8600,200
39920316562111,11:05:20.316,20.8600,200
39920316684249,11:05:20.316,20.8600,100
39920317040214,11:05:20.317,20.8600,100
39920317040214,11:05:20.317,20.8600,200
39920317040214,11:05:20.317,20.8600,300
39920317215111,11:05:20.317,20.8600,200
39920318705229,11:05:20.318,20.8600,100
39920322116566,11:05:20.322,20.8600,100
39920322116566,11:05:20.322,20.8600,200
39920322181649,11:05:20.322,20.8600,200
39920322288509,11:05:20.322,20.8600,100
39920328531182,11:05:20.328,20.8600,100
39920328590593,11:05:20.328,20.8600,200
39920328775882,11:05:20.328,20.8600,200
39920329363666,11:05:20.329,20.8600,100
39920329363666,11:05:20.329,20.8600,200
39920330979441,11:05:20.330,20.8600,100
39920331039296,11:05:20.331,20.8600,200
39920331436675,11:05:20.331,20.8600,200
39920334022259,11:05:20.334,20.8600,200
39920373639381,11:05:20.373,20.8600,200
39920375583755,11:05:20.375,20.8600,100
39920375641225,11:05:20.375,20.8600,100
39920376553567,11:05:20.376,20.8600,100
39920376617398,11:05:20.376,20.8600,100
39920377250990,11:05:20.377,20.8600,100
39920378922777,11:05:20.378,20.8600,100
39920381055075,11:05:20.381,20.8600,100
39920382697108,11:05:20.382,20.8600,100
39921102214281,11:05:21.102,20.8500,100
39921102214281,11:05:21.102,20.8500,300
39921102253114,11:05:21.102,20.8500,100
39921184411191,11:05:21.184,20.8600,200
39921187819898,11:05:21.187,20.8600,100
39921189201998,11:05:21.189,20.8600,100
39921189871133,11:05:21.189,20.8600,200
39921191118628,11:05:21.191,20.8600,100
39921192842287,11:05:21.192,20.8600,100
39921193479035,11:05:21.193,20.8600,200
39921194729488,11:05:21.194,20.8600,100
39921264221500,11:05:21.264,20.8600,100
39921264892940,11:05:21.264,20.8600,200
39921265732897,11:05:21.265,20.8600,200
39921266379281,11:05:21.266,20.8600,200
39921267187741,11:05:21.267,20.8600,100
39921268593060,11:05:21.268,20.8600,100
39921269207880,11:05:21.269,20.8600,200
39921272120158,11:05:21.272,20.8600,100
39922959576084,11:05:22.959,20.8600,100
39922960271908,11:05:22.960,20.8600,200
39923625829578,11:05:23.625,20.8500,100
39923625829578,11:05:23.625,20.8500,100
39923625968753,11:05:23.625,20.8500,200
39923626416989,11:05:23.626,20.8500,100
39923626418272,11:05:23.626,20.8500,8
39923626538543,11:05:23.626,20.8500,300
39923626587408,11:05:23.626,20.8500,100
39923637939308,11:05:23.637,20.8600,200
39925646782599,11:05:25.646,20.8500,100
39925647292931,11:05:25.647,20.8500,100
39925647292931,11:05:25.647,20.8500,100
39925647292931,11:05:25.647,20.8500,100
39925647468303,11:05:25.647,20.8500,92
39928168663464,11:05:28.168,20.8500,92
39928168663464,11:05:28.168,20.8500,8
39930690293708,11:05:30.690,20.8500,100
39967992045214,11:06:07.992,20.8600,100
39967992778460,11:06:07.992,20.8600,100
39967992882331,11:06:07.992,20.8600,100
39967992910624,11:06:07.992,20.8600,100
39984052251931,11:06:24.052,20.8900,100
39984052251931,11:06:24.052,20.8900,100
39984052251931,11:06:24.052,20.8900,100
40011295848076,11:06:51.295,20.9100,100
40011297148942,11:06:51.297,20.9200,100
40011297253856,11:06:51.297,20.9200,100
40011297253856,11:06:51.297,20.9200,200
40011297439672,11:06:51.297,20.9200,200
40013275926991,11:06:53.275,20.9200,100
40013300464354,11:06:53.300,20.9200,37
40033080691687,11:07:13.080,20.9200,63
40033080691687,11:07:13.080,20.9200,37
40033081369841,11:07:13.081,20.9200,163
40033081576647,11:07:13.081,20.9200,100
40033081576647,11:07:13.081,20.9200,100
40036226456594,11:07:16.226,20.9100,100
40036226456594,11:07:16.226,20.9100,105
40036226456594,11:07:16.226,20.9100,200
40036226456594,11:07:16.226,20.9100,38
40036226456594,11:07:16.226,20.9100,100
40036226456594,11:07:16.226,20.9100,100
40036226499554,11:07:16.226,20.9100,24
40036226505681,11:07:16.226,20.9100,214
40036226511274,11:07:16.226,20.9100,63
40036226514091,11:07:16.226,20.9100,99
40036226514091,11:07:16.226,20.9100,1
40036226780339,11:07:16.226,20.9100,100
40036226872769,11:07:16.226,20.9100,100
40036226872769,11:07:16.226,20.9100,99
40052918767595,11:07:32.918,20.9200,100
40052918767595,11:07:32.918,20.9200,100
40052918767595,11:07:32.918,20.9200,200
40052918767595,11:07:32.918,20.9200,100
40052918967053,11:07:32.918,20.9200,200
40052918967053,11:07:32.918,20.9200,50
40052918968988,11:07:32.918,20.9200,50
40052918968988,11:07:32.918,20.9200,184
40052918972877,11:07:32.918,20.9200,118
40052919101716,11:07:32.919,20.9200,35
40052919147305,11:07:32.919,20.9200,165
40052919161283,11:07:32.919,20.9200,165
40052919198641,11:07:32.919,20.9200,100
40052919256224,11:07:32.919,20.9200,52
40052919331342,11:07:32.919,20.9200,200
40052921191564,11:07:32.921,20.9200,100
40052922110287,11:07:32.922,20.9200,100
40052925860020,11:07:32.925,20.9200,100
40052926032601,11:07:32.926,20.9200,100
40052928955138,11:07:32.928,20.9200,100
40055509598871,11:07:35.509,20.9100,200
40055509598871,11:07:35.509,20.9100,100
40055509598871,11:07:35.509,20.9100,100
40056309457812,11:07:36.309,20.9000,100
40057330636021,11:07:37.330,20.8900,100
40057330856335,11:07:37.330,20.8900,100
40057330856335,11:07:37.330,20.8900,100
40057330856335,11:07:37.330,20.8900,100
40057498214483,11:07:37.498,20.8900,100
40057499930754,11:07:37.499,20.8900,100
40059453767055,11:07:39.453,20.8700,100
40059753586746,11:07:39.753,20.8700,100
40078018702742,11:07:58.018,20.8600,100
40078018702742,11:07:58.018,20.8600,100
40078018702742,11:07:58.018,20.8600,100
40078018702742,11:07:58.018,20.8600,100
40078018702742,11:07:58.018,20.8400,118
40078018702742,11:07:58.018,20.8400,100
40078018702742,11:07:58.018,20.8400,100
40078018945260,11:07:58.018,20.8600,100
40078019134924,11:07:58.019,20.8600,100
40078019734515,11:07:58.019,20.8500,100
40078020343308,11:07:58.020,20.8500,100
40078020433980,11:07:58.020,20.8500,100
40078020433980,11:07:58.020,20.8500,100
40078020583721,11:07:58.020,20.8500,100
40078020642434,11:07:58.020,20.8500,100
40078020816335,11:07:58.020,20.8500,58
40078028875319,11:07:58.028,20.8300,200
40078032543893,11:07:58.032,20.8300,100
40078043705653,11:07:58.043,20.8300,899
40078043735220,11:07:58.043,20.8300,101
40078043766918,11:07:58.043,20.8300,200
40078043907075,11:07:58.043,20.8300,100
40078043907075,11:07:58.043,20.8300,400
40081834587393,11:08:01.834,20.8200,100
40081835249367,11:08:01.835,20.8200,100
40088462258623,11:08:08.462,20.8100,40
40096013071530,11:08:16.013,20.8000,100
40096013071530,11:08:16.013,20.8000,400
40096013071530,11:08:16.013,20.8000,100
40096021562750,11:08:16.021,20.7800,50
40096021568468,11:08:16.021,20.7800,62
40096021797945,11:08:16.021,20.7800,131
40096021879570,11:08:16.021,20.7800,457
40096511549391,11:08:16.511,20.7800,100
40096512511809,11:08:16.512,20.7800,100
40099121805534,11:08:19.121,20.7900,100
40099122957140,11:08:19.122,20.7900,100
40099123011445,11:08:19.123,20.7900,100
40099123050973,11:08:19.123,20.7900,100
40099123104904,11:08:19.123,20.7900,100
40126203169459,11:08:46.203,20.7900,100
40126203169459,11:08:46.203,20.7900,100
40126203169459,11:08:46.203,20.7900,200
40126203169459,11:08:46.203,20.7800,100
40126203169459,11:08:46.203,20.7800,100
40126203169459,11:08:46.203,20.7800,100
40126203169459,11:08:46.203,20.7800,1700
40126203169459,11:08:46.203,20.7500,200
40126204340733,11:08:46.204,20.7700,100
40126204828550,11:08:46.204,20.7700,100
40126364841943,11:08:46.364,20.7500,100
40126365638517,11:08:46.365,20.7500,100
40126365928175,11:08:46.365,20.7500,100
40126369328840,11:08:46.369,20.7500,200
40126420442921,11:08:46.420,20.7500,100
40126421220255,11:08:46.421,20.7500,100
40126423729989,11:08:46.423,20.7500,100
40126425070268,11:08:46.425,20.7500,100
40126428340771,11:08:46.428,20.7500,100
40127076921113,11:08:47.076,20.7500,100
40127077786482,11:08:47.077,20.7500,100
40127078475537,11:08:47.078,20.7500,100
40127381591394,11:08:47.381,20.7500,1600
40127382837686,11:08:47.382,20.7500,4800
40127384380062,11:08:47.384,20.7500,3500
40127387560784,11:08:47.387,20.7600,100
40127387560784,11:08:47.387,20.7600,300
40127388021060,11:08:47.388,20.7600,300
40127694002183,11:08:47.694,20.7500,100
40127694002183,11:08:47.694,20.7500,100
40127694002183,11:08:47.694,20.7500,204
40127695767148,11:08:47.695,20.7600,300
40127696124443,11:08:47.696,20.7600,100
40127697253848,11:08:47.697,20.7650,4054
40127698090658,11:08:47.698,20.7600,300
40127765745706,11:08:47.765,20.7500,100
40127765790823,11:08:47.765,20.7500,60
40127767465358,11:08:47.767,20.7600,100
40127788533958,11:08:47.788,20.7600,100
40127789162035,11:08:47.789,20.7500,100
40127789162035,11:08:47.789,20.7500,100
40128090659611,11:08:48.090,20.7600,15
40128091147860,11:08:48.091,20.7600,100
40128091147860,11:08:48.091,20.7600,100
40128250309409,11:08:48.250,20.7400,100
40128250309409,11:08:48.250,20.7400,100
40128250309409,11:08:48.250,20.7400,100
40128316562290,11:08:48.316,20.7500,100
40128316624823,11:08:48.316,20.7500,100
40128318151560,11:08:48.318,20.7500,100
40130974300541,11:08:50.974,20.7500,100
40132722378900,11:08:52.722,20.7500,100
40132722378900,11:08:52.722,20.7500,100
40132722378900,11:08:52.722,20.7500,100
40132722560101,11:08:52.722,20.7500,100
40135958011141,11:08:55.958,20.7500,100
40135958610851,11:08:55.958,20.7500,100
40135958640070,11:08:55.958,20.7500,100
40137053489595,11:08:57.053,20.7500,400
40137353620936,11:08:57.353,20.7500,200
40137693232673,11:08:57.693,20.7500,300
40160344245588,11:09:20.344,20.7500,100
40162182737889,11:09:22.182,20.7500,100
40162489296017,11:09:22.489,20.7500,100
40162490397328,11:09:22.490,20.7500,100
40162490695707,11:09:22.490,20.7500,100
40162490695707,11:09:22.490,20.7500,100
40162490779636,11:09:22.490,20.7500,100
40162491498227,11:09:22.491,20.7500,100
40162492085903,11:09:22.492,20.7500,100
40166740778978,11:09:26.740,20.7500,100
40166741262569,11:09:26.741,20.7500,72
40166741552586,11:09:26.741,20.7500,28
40166741552586,11:09:26.741,20.7500,100
40166742735526,11:09:26.742,20.7500,100
40166743281829,11:09:26.743,20.7500,100
40166743364780,11:09:26.743,20.7500,100
40166915258495,11:09:26.915,20.7400,100
40166915258495,11:09:26.915,20.7400,200
40166915258495,11:09:26.915,20.7400,100
40166915484093,11:09:26.915,20.7400,100
40166915484093,11:09:26.915,20.7400,100
40166915484093,11:09:26.915,20.7400,100
40166915632430,11:09:26.915,20.7400,100
40166915653049,11:09:26.915,20.7400,100
40166915695338,11:09:26.915,20.7400,100
40166915879947,11:09:26.915,20.7400,100
40166915962433,11:09:26.915,20.7400,100
40166924251947,11:09:26.924,20.7400,100
40168615038775,11:09:28.615,20.7400,200
40168615893556,11:09:28.615,20.7400,100
40168615893556,11:09:28.615,20.7400,100
40168616352529,11:09:28.616,20.7400,100
40168616352529,11:09:28.616,20.7400,100
40168617046836,11:09:28.617,20.7400,100
40168619210940,11:09:28.619,20.7500,100
40168721470796,11:09:28.721,20.7500,100
40168751024968,11:09:28.751,20.7500,100
40168751080343,11:09:28.751,20.7500,100
40168751144238,11:09:28.751,20.7500,200
40168755409540,11:09:28.755,20.7500,100
40168755445903,11:09:28.755,20.7500,100
40168755482003,11:09:28.755,20.7500,300
40168755482003,11:09:28.755,20.7500,100
40168759807654,11:09:28.759,20.7500,100
40168760974669,11:09:28.760,20.7500,100
40168766447163,11:09:28.766,20.7500,100
40169449787258,11:09:29.449,20.7500,500
40169450474976,11:09:29.450,20.7500,100
40169450943192,11:09:29.450,20.7500,100
40170137619598,11:09:30.137,20.7400,300
40170137619598,11:09:30.137,20.7400,100
40170398250503,11:09:30.398,20.7300,100
40170398250503,11:09:30.398,20.7300,100
40170400263238,11:09:30.400,20.7300,3
40170400302031,11:09:30.400,20.7200,100
40170400302031,11:09:30.400,20.7200,100
40170406995825,11:09:30.406,20.7200,3
40170431443874,11:09:30.431,20.7000,100
40170451018309,11:09:30.451,20.6900,100
40170451650673,11:09:30.451,20.6900,66
40170451660735,11:09:30.451,20.6900,34
40170453343961,11:09:30.453,20.7200,100
40170468625761,11:09:30.468,20.7000,200
40170469842760,11:09:30.469,20.6900,200
40170522814833,11:09:30.522,20.6900,100
40170522814833,11:09:30.522,20.6900,100
40170524857127,11:09:30.524,20.6800,200
40170624799039,11:09:30.624,20.6700,100
40170624799039,11:09:30.624,20.6700,180
40170715697700,11:09:30.715,20.6800,100
40173045335728,11:09:33.045,20.6900,300
40174542044015,11:09:34.542,20.6900,270
40177472447230,11:09:37.472,20.6700,100
40177472843013,11:09:37.472,20.6700,100
40178521087317,11:09:38.521,20.6600,100
40178592218787,11:09:38.592,20.6500,300
40178592446193,11:09:38.592,20.6500,52
40178592460375,11:09:38.592,20.6500,124
40178592461011,11:09:38.592,20.6500,118
40178592498488,11:09:38.592,20.6500,106
40178592498488,11:09:38.592,20.6500,100
40178863487765,11:09:38.863,20.6600,100
40179279338333,11:09:39.279,20.6600,100
40180618928921,11:09:40.618,20.6700,100
40182363551564,11:09:42.363,20.6900,100
40182364835248,11:09:42.364,20.7000,1400
40183990811810,11:09:43.990,20.7200,100
40183993008915,11:09:43.993,20.7200,100
40196908799213,11:09:56.908,20.7300,54
40196908828829,11:09:56.908,20.7300,46
40196910370336,11:09:56.910,20.7200,100
40196910370336,11:09:56.910,20.7200,100
40196910374285,11:09:56.910,20.7200,63
40196910421426,11:09:56.910,20.7200,37
40196910421426,11:09:56.910,20.7200,63
40196910474050,11:09:56.910,20.7200,100
40196910599954,11:09:56.910,20.7200,100
40196910604530,11:09:56.910,20.7200,37
40196910608348,11:09:56.910,20.7200,63
40196910608348,11:09:56.910,20.7200,37
40196910798483,11:09:56.910,20.7200,100
40196913701819,11:09:56.913,20.7300,100
40199993342638,11:09:59.993,20.7500,36
40199993385161,11:09:59.993,20.7500,64
40199994813239,11:09:59.994,20.7500,100
40208097203293,11:10:08.097,20.7400,100
40208098435333,11:10:08.098,20.7400,200
40208098435333,11:10:08.098,20.7400,41
40208098435333,11:10:08.098,20.7400,100
40208098643221,11:10:08.098,20.7400,100
40208488474656,11:10:08.488,20.7400,100
40208760504873,11:10:08.760,20.7400,100
40210170090679,11:10:10.170,20.7500,100
40210171579918,11:10:10.171,20.7500,100
40210172060020,11:10:10.172,20.7500,100
40210234322476,11:10:10.234,20.7400,100
40210668858900,11:10:10.668,20.7400,100
40211347885733,11:10:11.347,20.7400,100
40213454969405,11:10:13.454,20.7400,100
40213456130914,11:10:13.456,20.7500,200
40213490672581,11:10:13.490,20.7500,100
40213491033631,11:10:13.491,20.7500,100
40217328305158,11:10:17.328,20.7400,100
40217328305158,11:10:17.328,20.7400,100
40217328305158,11:10:17.328,20.7400,100
40217329653347,11:10:17.329,20.7300,100
40229620632772,11:10:29.620,20.7000,100
40230881990033,11:10:30.881,20.7000,100
40230882171903,11:10:30.882,20.6900,100
40230882316215,11:10:30.882,20.6800,100
40230882651440,11:10:30.882,20.6900,100
40230882956425,11:10:30.882,20.7000,100
40230882986220,11:10:30.882,20.7000,100
40230883223952,11:10:30.883,20.6900,100
40230883936270,11:10:30.883,20.6900,13
40230884091119,11:10:30.884,20.6900,131
40230885223218,11:10:30.885,20.6700,100
40230885223218,11:10:30.885,20.6700,100
40230885223218,11:10:30.885,20.6800,100
40230885288643,11:10:30.885,20.6600,68
40230885306897,11:10:30.885,20.6700,100
40230885341349,11:10:30.885,20.6700,32
40230890830027,11:10:30.890,20.7000,68
40230891031393,11:10:30.891,20.7000,32
40232199883043,11:10:32.199,20.7000,100
40232199883043,11:10:32.199,20.7100,200
40232200026380,11:10:32.200,20.7100,200
40232200289698,11:10:32.200,20.7100,100
40232200289698,11:10:32.200,20.7100,100
40232200325184,11:10:32.200,20.7200,100
40233200626959,11:10:33.200,20.7400,100
40233700507349,11:10:33.700,20.7400,100
40234234087138,11:10:34.234,20.7400,100
40234913528468,11:10:34.913,20.7400,100
40235574059485,11:10:35.574,20.7400,100
40236617171266,11:10:36.617,20.7400,100
40240793574328,11:10:40.793,20.7400,162
40240794088389,11:10:40.794,20.7400,203
40240836001759,11:10:40.836,20.7400,329
40240983111392,11:10:40.983,20.7400,200
40240986563676,11:10:40.986,20.7400,600
40250740148493,11:10:50.740,20.7300,500
40250740148493,11:10:50.740,20.7300,3
40251413850529,11:10:51.413,20.7300,100
40252383052082,11:10:52.383,20.7400,100
40260013504128,11:11:00.013,20.7400,300
40260013813993,11:11:00.013,20.7400,300
40260013813993,11:11:00.013,20.7400,100
40263803604468,11:11:03.803,20.7300,300
40263803999799,11:11:03.803,20.7300,300
40263804407135,11:11:03.804,20.7300,100
40265741464322,11:11:05.741,20.7200,100
40267285435306,11:11:07.285,20.7200,100
40267286566049,11:11:07.286,20.7200,100
40276780983319,11:11:16.780,20.6900,100
40276792460554,11:11:16.792,20.6900,100
40276792460554,11:11:16.792,20.6900,100
40276832220855,11:11:16.832,20.7000,100
40276832220855,11:11:16.832,20.7000,100
40279743732488,11:11:19.743,20.6900,100
40279745102765,11:11:19.745,20.6800,100
40279745102765,11:11:19.745,20.6800,1
40279754670994,11:11:19.754,20.6800,7
40287038060785,11:11:27.038,20.6800,100
40287038060785,11:11:27.038,20.6800,500
40287038183572,11:11:27.038,20.6800,47
40297771814917,11:11:37.771,20.6750,500
40297771965643,11:11:37.771,20.6750,100
40297773753348,11:11:37.773,20.6800,100
40297773753348,11:11:37.773,20.6800,52
40297773759816,11:11:37.773,20.6800,48
40297773759816,11:11:37.773,20.6800,70
40297773765405,11:11:37.773,20.6800,30
40297773765405,11:11:37.773,20.6800,57
40297774267641,11:11:37.774,20.6800,70
40297774267641,11:11:37.774,20.6800,30
40297774267641,11:11:37.774,20.6900,100
40297774267641,11:11:37.774,20.6900,100
40297774267641,11:11:37.774,20.6900,100
40297774315125,11:11:37.774,20.6800,100
40297774452889,11:11:37.774,20.6800,100
40297774927326,11:11:37.774,20.6900,100
40297781557170,11:11:37.781,20.6800,30
40297792554239,11:11:37.792,20.6800,100
40297792554239,11:11:37.792,20.6800,100
40297823816554,11:11:37.823,20.6900,100
40297825073912,11:11:37.825,20.6900,9
40297825213075,11:11:37.825,20.6900,191
40297825244124,11:11:37.825,20.6900,100
40298293437675,11:11:38.293,20.6800,100
40298293712032,11:11:38.293,20.6800,500
40307254327565,11:11:47.254,20.6800,200
40307257603212,11:11:47.257,20.6600,100
40316051601341,11:11:56.051,20.6500,100
40316052574184,11:11:56.052,20.6600,39
40316052576941,11:11:56.052,20.6600,61
40316053209675,11:11:56.053,20.6400,2
40316054035810,11:11:56.054,20.6300,100
40316054065178,11:11:56.054,20.6300,100
40316054065920,11:11:56.054,20.6300,100
40316943073492,11:11:56.943,20.6200,100
40317818438889,11:11:57.818,20.6200,100
40317818438889,11:11:57.818,20.6200,100
40317818438889,11:11:57.818,20.6200,400
40317818438889,11:11:57.818,20.6200,100
40317818850653,11:11:57.818,20.6200,100
40317832808530,11:11:57.832,20.6300,100
40319357148545,11:11:59.357,20.6300,100
40319357300810,11:11:59.357,20.6300,100
40322552432217,11:12:02.552,20.6300,100
40322552479621,11:12:02.552,20.6300,100
40322552479621,11:12:02.552,20.6300,100
40322555156927,11:12:02.555,20.6200,200
40322555271906,11:12:02.555,20.6200,100
40322555271906,11:12:02.555,20.6200,100
40324263692882,11:12:04.263,20.6300,100
40324263735225,11:12:04.263,20.6300,200
40324267017116,11:12:04.267,20.6300,180
40324268246893,11:12:04.268,20.6300,100
40324294906911,11:12:04.294,20.6300,100
40324817085253,11:12:04.817,20.6300,100
40324817120067,11:12:04.817,20.6300,100
40324817120067,11:12:04.817,20.6300,100
40324817160567,11:12:04.817,20.6300,200
40330621184861,11:12:10.621,20.6300,100
40330621184861,11:12:10.621,20.6300,200
40331486309880,11:12:11.486,20.6400,100
40333035978495,11:12:13.035,20.6500,100
40333040414843,11:12:13.040,20.6500,100
40333045655919,11:12:13.045,20.6500,100
40333046690207,11:12:13.046,20.6500,100
40333061344845,11:12:13.061,20.6500,100
40333064819148,11:12:13.064,20.6500,100
40333066244764,11:12:13.066,20.6500,100
40335284100473,11:12:15.284,20.6400,100
40335284100473,11:12:15.284,20.6400,43
40335284100473,11:12:15.284,20.6400,57
40335284122923,11:12:15.284,20.6400,143
40337011198276,11:12:17.011,20.6300,100
40339121235117,11:12:19.121,20.6200,45
40339121235117,11:12:19.121,20.6200,55
40349581956950,11:12:29.581,20.6250,300
40349581956950,11:12:29.581,20.6300,100
40349582281146,11:12:29.582,20.6300,50
40349582307183,11:12:29.582,20.6300,50
40349582307183,11:12:29.582,20.6300,100
40349627365294,11:12:29.627,20.6300,200
40350086036297,11:12:30.086,20.6300,100
40350086036797,11:12:30.086,20.6300,100
40350086038193,11:12:30.086,20.6300,100
40350086386145,11:12:30.086,20.6200,45
40350086386145,11:12:30.086,20.6200,100
40350086527921,11:12:30.086,20.6100,100
40352432509640,11:12:32.432,20.6000,200
40352432509640,11:12:32.432,20.6000,28
40352432509640,11:12:32.432,20.6000,9800
40352585771434,11:12:32.585,20.6000,300
40357588151296,11:12:37.588,20.6000,1200
40357609265646,11:12:37.609,20.6000,900
40359980310620,11:12:39.980,20.6000,100
40360479805140,11:12:40.479,20.6000,70
40360481848220,11:12:40.481,20.6000,100
40371342093099,11:12:51.342,20.6000,1200
40371342472193,11:12:51.342,20.6000,100
40371342482944,11:12:51.342,20.6000,100
40371342509543,11:12:51.342,20.6000,100
40371342548272,11:12:51.342,20.6000,100
40371343716478,11:12:51.343,20.6000,100
40371343792449,11:12:51.343,20.6000,100
40371344622019,11:12:51.344,20.6000,100
40372000561547,11:12:52.000,20.6000,100
40372000998995,11:12:52.000,20.6000,100
40372000998995,11:12:52.000,20.6000,51
40372001363633,11:12:52.001,20.6000,200
40372001423071,11:12:52.001,20.6000,100
40372001475664,11:12:52.001,20.6000,49
40372001475664,11:12:52.001,20.6000,100
40377086882719,11:12:57.086,20.5900,300
40377086882719,11:12:57.086,20.5900,100
40383732576359,11:13:03.732,20.5800,100
40383732576359,11:13:03.732,20.5800,200
40383733264274,11:13:03.733,20.5700,200
40383742367106,11:13:03.742,20.5600,3
40385115167271,11:13:05.115,20.5600,100
40391675504136,11:13:11.675,20.5700,100
40391676463115,11:13:11.676,20.5700,100
40391676524155,11:13:11.676,20.5700,100
40396150773014,11:13:16.150,20.5600,100
40396150802984,11:13:16.150,20.5600,300
40396151064047,11:13:16.151,20.5500,84
40396151067653,11:13:16.151,20.5500,46
40396153826542,11:13:16.153,20.5400,91
40396153875740,11:13:16.153,20.5400,9
40396153875740,11:13:16.153,20.5400,80
40399169438020,11:13:19.169,20.5400,100
40401640272861,11:13:21.640,20.5400,300
40423175928533,11:13:43.175,20.5400,100
40423176096955,11:13:43.176,20.5400,100
40423176318859,11:13:43.176,20.5400,100
40423178058242,11:13:43.178,20.5400,52
40423178099337,11:13:43.178,20.5400,48
40424100186920,11:13:44.100,20.5400,48
40424536483666,11:13:44.536,20.5400,52
40424536483666,11:13:44.536,20.5500,48
40424930406284,11:13:44.930,20.5500,100
40424930457989,11:13:44.930,20.5500,100
40428722446674,11:13:48.722,20.5400,100
40428722446674,11:13:48.722,20.5400,100
40428722446674,11:13:48.722,20.5400,91
40428737940257,11:13:48.737,20.5600,300
40433219311182,11:13:53.219,20.5700,100
40436170285713,11:13:56.170,20.6200,100
40450274778948,11:14:10.274,20.6600,48
40453252264791,11:14:13.252,20.6400,100
40453252264791,11:14:13.252,20.6400,3
40453252606548,11:14:13.252,20.6400,100
40467918388304,11:14:27.918,20.6400,100
40494741640800,11:14:54.741,20.6300,48
40494741643322,11:14:54.741,20.6300,62
40494741649710,11:14:54.741,20.6300,90
40494741649710,11:14:54.741,20.6300,13
40494741654052,11:14:54.741,20.6300,87
40494741654052,11:14:54.741,20.6300,30
40494741684020,11:14:54.741,20.6300,12
40507362043095,11:15:07.362,20.5800,100
40507362043095,11:15:07.362,20.5700,100
40507362043095,11:15:07.362,20.5700,200
40507362077040,11:15:07.362,20.5700,100
40507362316396,11:15:07.362,20.5700,200
40507362316396,11:15:07.362,20.5700,100
40507362917507,11:15:07.362,20.5700,100
40507367706513,11:15:07.367,20.5700,100
40507368893696,11:15:07.368,20.5700,100
40508096747536,11:15:08.096,20.5700,100
40508097075203,11:15:08.097,20.5700,82
40508097121679,11:15:08.097,20.5700,118
40512255837565,11:15:12.255,20.5600,100
40512723427863,11:15:12.723,20.5700,100
40512725654595,11:15:12.725,20.5700,100
40512725708180,11:15:12.725,20.5700,100
40513283505300,11:15:13.283,20.5600,100
40513283505300,11:15:13.283,20.5600,400
40513284382883,11:15:13.284,20.5600,100
40513284966514,11:15:13.284,20.5500,600
40513982226062,11:15:13.982,20.5300,25
40514354842101,11:15:14.354,20.5100,100
40514540432778,11:15:14.540,20.5100,100
40514765459310,11:15:14.765,20.4900,58
40514976276099,11:15:14.976,20.5000,100
40515431860808,11:15:15.431,20.5100,300
40515431860808,11:15:15.431,20.5100,1800
40515432179788,11:15:15.432,20.5100,300
40515432344084,11:15:15.432,20.5100,100
40515433015725,11:15:15.433,20.5100,200
40515838974038,11:15:15.838,20.5200,100
40515928168603,11:15:15.928,20.5200,100
40515928168603,11:15:15.928,20.5200,100
40515928753777,11:15:15.928,20.5200,300
40531303977262,11:15:31.303,20.5300,100
40531304695625,11:15:31.304,20.5200,100
40531305215183,11:15:31.305,20.5300,100
40531309726373,11:15:31.309,20.5400,100
40532478794295,11:15:32.478,20.5500,100
40532479175291,11:15:32.479,20.5500,100
40539196573603,11:15:39.196,20.5700,100
40539197749032,11:15:39.197,20.5700,100
40541453685480,11:15:41.453,20.5600,100
40541453685480,11:15:41.453,20.5600,100
40541453713455,11:15:41.453,20.5600,200
40541453713455,11:15:41.453,20.5600,100
40541455342744,11:15:41.455,20.5500,100
40554752862497,11:15:54.752,20.5200,100
40567404981145,11:16:07.404,20.5200,41
40567405868805,11:16:07.405,20.5200,100
40567406277089,11:16:07.406,20.5100,100
40567406278801,11:16:07.406,20.5100,100
40600214850753,11:16:40.214,20.4900,200
40600214850753,11:16:40.214,20.4900,100
40600214850753,11:16:40.214,20.4900,300
40600216151692,11:16:40.216,20.4800,100
40601768788535,11:16:41.768,20.4600,100
40601768919036,11:16:41.768,20.4600,100
40601769096051,11:16:41.769,20.4600,200
40601769948318,11:16:41.769,20.4700,100
40601878846653,11:16:41.878,20.4800,300
40601880627459,11:16:41.880,20.4800,300
40601882152155,11:16:41.882,20.4800,300
40608266769838,11:16:48.266,20.4900,100
40612051105996,11:16:52.051,20.4900,100
40671264878068,11:17:51.264,20.4700,100
40694693107646,11:18:14.693,20.4800,100
40694693107646,11:18:14.693,20.4800,200
40694693107646,11:18:14.693,20.4800,200
40694694004327,11:18:14.694,20.4800,100
40694694004327,11:18:14.694,20.4800,300
40694695805078,11:18:14.695,20.4900,100
40694697652144,11:18:14.697,20.5000,1100
40694698579829,11:18:14.698,20.5000,3700
40694700205265,11:18:14.700,20.5100,100
40694700205265,11:18:14.700,20.5100,100
40694702820139,11:18:14.702,20.5100,186
40694941215030,11:18:14.941,20.4900,100
40696045515978,11:18:16.045,20.4600,100
40696273854149,11:18:16.273,20.4300,42
40698323095958,11:18:18.323,20.4600,100
40698357934628,11:18:18.357,20.4500,100
40698421056240,11:18:18.421,20.4400,100
40698421056240,11:18:18.421,20.4400,100
40702521828038,11:18:22.521,20.4200,1
40702624695051,11:18:22.624,20.4200,300
40702624872951,11:18:22.624,20.4200,100
40702624872951,11:18:22.624,20.4200,100
40702626461823,11:18:22.626,20.4200,100
40702643041081,11:18:22.643,20.4200,218
40702643045484,11:18:22.643,20.4200,82
40704536382463,11:18:24.536,20.4300,100
40705974257060,11:18:25.974,20.4400,100
40705974718388,11:18:25.974,20.4400,100
40705975131622,11:18:25.975,20.4400,100
40705991471589,11:18:25.991,20.4400,15
40705991471589,11:18:25.991,20.4400,85
40710094245432,11:18:30.094,20.4400,100
40710094245432,11:18:30.094,20.4400,100
40712257247460,11:18:32.257,20.4600,100
40712257533412,11:18:32.257,20.4600,100
40715066286420,11:18:35.066,20.4500,600
40715066365855,11:18:35.066,20.4500,100
40715071044492,11:18:35.071,20.4400,100
40717114481617,11:18:37.114,20.4700,100
40717114481617,11:18:37.114,20.4700,117
40717115199953,11:18:37.115,20.4700,200
40717115199953,11:18:37.115,20.4700,83
40717115230871,11:18:37.115,20.4700,17
40718430299136,11:18:38.430,20.4700,100
40721942935890,11:18:41.942,20.4800,158
40725828809490,11:18:45.828,20.4800,142
40725850026311,11:18:45.850,20.4900,200
40734706762742,11:18:54.706,20.4900,279
40734706762742,11:18:54.706,20.4900,6
40734706763503,11:18:54.706,20.4900,94
40757066814939,11:19:17.066,20.4700,200
40757067418452,11:19:17.067,20.4700,100
40759104004300,11:19:19.104,20.4600,85
40766101195629,11:19:26.101,20.4600,200
40767824235526,11:19:27.824,20.4300,20
40767825030426,11:19:27.825,20.4200,100
40767873540203,11:19:27.873,20.4400,100
40796577879194,11:19:56.577,20.4400,100
40811416519212,11:20:11.416,20.4750,300
40843315227372,11:20:43.315,20.4700,100
40843315227372,11:20:43.315,20.4700,100
40845124292090,11:20:45.124,20.4700,200
40845152293951,11:20:45.152,20.4700,100
40854274560433,11:20:54.274,20.4600,100
40873438958813,11:21:13.438,20.4600,20
40873438999607,11:21:13.438,20.4600,21
40891249257323,11:21:31.249,20.4500,100
40901255107534,11:21:41.255,20.4500,100
40901255107534,11:21:41.255,20.4500,200
40901255107534,11:21:41.255,20.4500,100
40903296585028,11:21:43.296,20.4400,3
40903296585028,11:21:43.296,20.4400,2
40903296589098,11:21:43.296,20.4400,98
40903296855314,11:21:43.296,20.4300,200
40903296855314,11:21:43.296,20.4300,100
40904260555470,11:21:44.260,20.4200,100
40904260555470,11:21:44.260,20.4200,100
40905259278768,11:21:45.259,20.4100,10
40905259278768,11:21:45.259,20.3900,200
40906321203658,11:21:46.321,20.3800,100
40906321203658,11:21:46.321,20.3800,200
40906321210453,11:21:46.321,20.3800,200
40906321210453,11:21:46.321,20.3800,200
40906321210453,11:21:46.321,20.3800,400
40906321242694,11:21:46.321,20.3800,300
40923243817428,11:22:03.243,20.4500,300
40923243817428,11:22:03.243,20.4500,100
40923246223585,11:22:03.246,20.4600,100
40923246223585,11:22:03.246,20.4600,300
40923246407108,11:22:03.246,20.4600,300
40923301024376,11:22:03.301,20.4500,100
40923301912264,11:22:03.301,20.4400,100
40928076674174,11:22:08.076,20.4400,100
40928079738768,11:22:08.079,20.4500,100
40931292558837,11:22:11.292,20.4400,100
40938383546961,11:22:18.383,20.4500,100
40938387593816,11:22:18.387,20.4500,100
40940511961789,11:22:20.511,20.4600,300
40940511961789,11:22:20.511,20.4600,300
40940512245616,11:22:20.512,20.4600,100
40940513991182,11:22:20.513,20.4600,100
40940515696674,11:22:20.515,20.4600,55
40940515703800,11:22:20.515,20.4600,100
40940515706235,11:22:20.515,20.4600,45
40940515706235,11:22:20.515,20.4600,55
40940515933474,11:22:20.515,20.4600,11
40940516061326,11:22:20.516,20.4600,24
40940516172339,11:22:20.516,20.4600,65
40941824655012,11:22:21.824,20.4800,100
40941824655012,11:22:21.824,20.4800,52
40941824670244,11:22:21.824,20.4800,48
40941824670244,11:22:21.824,20.4800,40
40941824671033,11:22:21.824,20.4800,62
40941824764584,11:22:21.824,20.4800,27
40960762151944,11:22:40.762,20.4800,100
40960762176794,11:22:40.762,20.4800,100
40964830389360,11:22:44.830,20.4900,200
40964830389360,11:22:44.830,20.5000,100
40964830534324,11:22:44.830,20.5000,200
40964830534324,11:22:44.830,20.5000,400
40964830534324,11:22:44.830,20.5000,100
40964834246040,11:22:44.834,20.4900,100
40964834739476,11:22:44.834,20.4900,100
40964842733885,11:22:44.842,20.4900,100
40964842733885,11:22:44.842,20.4900,200
40964842733885,11:22:44.842,20.4900,100
40964842733885,11:22:44.842,20.4900,200
40965135110576,11:22:45.135,20.5000,100
40969908660949,11:22:49.908,20.5100,200
40973837146201,11:22:53.837,20.5100,200
40973837177955,11:22:53.837,20.5100,100
40973837433939,11:22:53.837,20.5100,269
40973837468648,11:22:53.837,20.5100,131
40973839977021,11:22:53.839,20.5000,100
40977250748528,11:22:57.250,20.4900,100
40977342016241,11:22:57.342,20.4900,200
40977342016241,11:22:57.342,20.4900,100
40977342016241,11:22:57.342,20.4900,200
40978297305320,11:22:58.297,20.5000,100
40978298016631,11:22:58.298,20.4900,100
40984177935354,11:23:04.177,20.4800,100
40986020643187,11:23:06.020,20.4600,100
40986039859433,11:23:06.039,20.4500,2
40986070305234,11:23:06.070,20.4400,10
40986070636097,11:23:06.070,20.4400,100
40986070667614,11:23:06.070,20.4500,6
40986070669372,11:23:06.070,20.4500,63
40986070678377,11:23:06.070,20.4500,62
40987984747211,11:23:07.984,20.4400,6
40987984747211,11:23:07.984,20.4400,63
40987984747211,11:23:07.984,20.4400,15
40987984747211,11:23:07.984,20.4400,15
40987984747211,11:23:07.984,20.4400,85
40988739906490,11:23:08.739,20.4400,100
40989685439142,11:23:09.685,20.4400,100
40989685439142,11:23:09.685,20.4400,100
40989737584207,11:23:09.737,20.4400,100
40991897226720,11:23:11.897,20.4400,100
40992752971500,11:23:12.752,20.4400,100
41015923442297,11:23:35.923,20.5100,400
41015923442297,11:23:35.923,20.5100,100
41021979729475,11:23:41.979,20.5400,100
41021979729475,11:23:41.979,20.5400,100
41021981441047,11:23:41.981,20.5400,200
41021982785368,11:23:41.982,20.5300,100
41021982785368,11:23:41.982,20.5300,100
41021982785368,11:23:41.982,20.5300,100
41021982785368,11:23:41.982,20.5300,100
41021982785368,11:23:41.982,20.5300,100
41021982785368,11:23:41.982,20.5300,100
41021983247616,11:23:41.983,20.5300,100
41021983372329,11:23:41.983,20.5200,100
41021983602384,11:23:41.983,20.5200,200
41021985471294,11:23:41.985,20.5300,100
41021985471294,11:23:41.985,20.5300,100
41021985471294,11:23:41.985,20.5300,10
41021985502503,11:23:41.985,20.5300,100
41021985700605,11:23:41.985,20.5300,100
41021988443458,11:23:41.988,20.5300,100
41021988443458,11:23:41.988,20.5300,100
41021988443458,11:23:41.988,20.5300,100
41021988443458,11:23:41.988,20.5300,31
41021988489848,11:23:41.988,20.5300,38
41021988489848,11:23:41.988,20.5300,90
41021994985238,11:23:41.994,20.5400,200
41021994985238,11:23:41.994,20.5400,100
41021994985238,11:23:41.994,20.5400,100
41021995151620,11:23:41.995,20.5400,100
41021996835698,11:23:41.996,20.5500,69
41021996835698,11:23:41.996,20.5500,31
41021996865153,11:23:41.996,20.5500,69
41029536648355,11:23:49.536,20.5000,100
41029537420069,11:23:49.537,20.5000,2
41031589506354,11:23:51.589,20.4900,20
41045511059379,11:24:05.511,20.4800,10
41045511059379,11:24:05.511,20.4800,100
41045511059379,11:24:05.511,20.4800,200
41045511059379,11:24:05.511,20.4800,40
41045511216016,11:24:05.511,20.4700,10
41046277437461,11:24:06.277,20.4600,20
41051990780068,11:24:11.990,20.4700,200
41051990780068,11:24:11.990,20.4700,100
41051991058930,11:24:11.991,20.4700,100
41052002066650,11:24:12.002,20.4900,100
41052044032172,11:24:12.044,20.5000,100
41052044032172,11:24:12.044,20.5000,100
41053079231578,11:24:13.079,20.5200,2
41053080422839,11:24:13.080,20.5100,100
41053080652226,11:24:13.080,20.5100,100
41053082390470,11:24:13.082,20.5100,100
41053082390470,11:24:13.082,20.5100,100
41053084175017,11:24:13.084,20.5100,100
41053084208644,11:24:13.084,20.5100,100
41059012994194,11:24:19.012,20.5100,200
41059156901112,11:24:19.156,20.5000,100
41059230627818,11:24:19.230,20.4850,100
41060081612376,11:24:20.081,20.4800,100
41060081612376,11:24:20.081,20.4800,100
41060081857762,11:24:20.081,20.4900,100
41060081857762,11:24:20.081,20.4900,100
41060081857762,11:24:20.081,20.4900,400
41060991978265,11:24:20.991,20.4900,100
41061012373771,11:24:21.012,20.4800,300
41069237177389,11:24:29.237,20.4600,100
41070309195107,11:24:30.309,20.4700,100
41070313826115,11:24:30.313,20.4800,100
41075315794213,11:24:35.315,20.4900,100
41075315794213,11:24:35.315,20.4900,100
41133537994929,11:25:33.537,20.5500,100
41133539325250,11:25:33.539,20.5500,100
41133539325250,11:25:33.539,20.5500,100
41139986176003,11:25:39.986,20.5700,100
41144180838435,11:25:44.180,20.6000,123
41144486752244,11:25:44.486,20.6000,100
41144757273589,11:25:44.757,20.5700,200
41147427655439,11:25:47.427,20.5700,200
41147429858882,11:25:47.429,20.5600,100
41147983175125,11:25:47.983,20.5500,100
41155951087262,11:25:55.951,20.5400,100
41155951365903,11:25:55.951,20.5400,100
41155951394840,11:25:55.951,20.5400,100
41155952190883,11:25:55.952,20.5400,100
41155957557471,11:25:55.957,20.5500,2000
41155957557471,11:25:55.957,20.5400,100
41155958035066,11:25:55.958,20.5500,100
41155963268420,11:25:55.963,20.5600,100
41155964679334,11:25:55.964,20.5600,100
41155964679334,11:25:55.964,20.5600,545
41155964679334,11:25:55.964,20.5600,200
41155964679334,11:25:55.964,20.5600,400
41155969203223,11:25:55.969,20.5500,100
41156039413666,11:25:56.039,20.5500,100
41156040532350,11:25:56.040,20.5600,100
41156040585136,11:25:56.040,20.5600,173
41156040618039,11:25:56.040,20.5600,100
41156040799343,11:25:56.040,20.5700,100
41156041094424,11:25:56.041,20.5700,100
41156045427805,11:25:56.045,20.5600,100
41156045427805,11:25:56.045,20.5600,30
41156048832056,11:25:56.048,20.5600,100
41156075450160,11:25:56.075,20.5500,100
41156080747581,11:25:56.080,20.5500,100
41156080747581,11:25:56.080,20.5400,100
41156082142390,11:25:56.082,20.5500,100
41156088928866,11:25:56.088,20.5500,100
41156088928866,11:25:56.088,20.5500,200
41156089701558,11:25:56.089,20.5400,100
41156100349634,11:25:56.100,20.5400,100
41156116689509,11:25:56.116,20.5500,100
41156117943865,11:25:56.117,20.5500,15
41156125590800,11:25:56.125,20.5500,100
41156138592963,11:25:56.138,20.5500,100
41156139566075,11:25:56.139,20.5500,15
41156147735610,11:25:56.147,20.5500,200
41156315276044,11:25:56.315,20.5400,100
41156315276044,11:25:56.315,20.5400,15
41172648502000,11:26:12.648,20.5200,100
41172648502000,11:26:12.648,20.5200,40
41172648502000,11:26:12.648,20.5200,100
41172648522515,11:26:12.648,20.5200,240
41172648742767,11:26:12.648,20.5200,100
41172648742767,11:26:12.648,20.5200,100
41172648960623,11:26:12.648,20.5200,100
41172649062151,11:26:12.649,20.5200,100
41172649096020,11:26:12.649,20.5200,100
41172649096020,11:26:12.649,20.5200,100
41172649115830,11:26:12.649,20.5200,100
41172649486574,11:26:12.649,20.5200,1
41172649831258,11:26:12.649,20.5200,1
41172650378890,11:26:12.650,20.5200,98
41172650378890,11:26:12.650,20.5200,2
41172651788444,11:26:12.651,20.5200,98
41172651788444,11:26:12.651,20.5200,2
41172653834758,11:26:12.653,20.5200,98
41172653834758,11:26:12.653,20.5200,2
41172658534184,11:26:12.658,20.5300,100
41172658534184,11:26:12.658,20.5300,100
41172923941002,11:26:12.923,20.5200,98
41172923941002,11:26:12.923,20.5200,100
41172923941002,11:26:12.923,20.5200,100
41172923941002,11:26:12.923,20.5200,2
41172924294941,11:26:12.924,20.5200,58
41172924294941,11:26:12.924,20.5200,100
41172926255729,11:26:12.926,20.5200,200
41172926940169,11:26:12.926,20.5200,100
41172928013106,11:26:12.928,20.5200,200
41172928013106,11:26:12.928,20.5200,98
41172928799356,11:26:12.928,20.5100,100
41183396581071,11:26:23.396,20.5200,2
41183396581071,11:26:23.396,20.5200,100
41183396581071,11:26:23.396,20.5200,300
41183396581071,11:26:23.396,20.5200,600
41183396581071,11:26:23.396,20.5200,198
41183396694959,11:26:23.396,20.5200,100
41183396814837,11:26:23.396,20.5200,102
41183396814837,11:26:23.396,20.5200,100
41183438683472,11:26:23.438,20.5200,100
41183463678376,11:26:23.463,20.5400,100
41183470906512,11:26:23.470,20.5500,100
41183476225047,11:26:23.476,20.5600,100
41183476909863,11:26:23.476,20.5600,100
41183481477438,11:26:23.481,20.5600,100
41188188557581,11:26:28.188,20.5700,100
41195968058719,11:26:35.968,20.5700,200
41195972324597,11:26:35.972,20.5900,100
41195972324597,11:26:35.972,20.5900,23
41195972338780,11:26:35.972,20.5900,125
41195972341483,11:26:35.972,20.5900,252
41195972341483,11:26:35.972,20.5900,125
41195976085619,11:26:35.976,20.5900,400
41195976272179,11:26:35.976,20.5900,100
41195976797985,11:26:35.976,20.5900,100
41195978004894,11:26:35.978,20.5900,100
41195978004894,11:26:35.978,20.5900,300
41195979850089,11:26:35.979,20.5900,100
41195980001845,11:26:35.980,20.5900,100
41195980418667,11:26:35.980,20.5900,100
41195980468203,11:26:35.980,20.5900,75
41195982006513,11:26:35.982,20.6000,100
41195984429332,11:26:35.984,20.6100,100
41197002081803,11:26:37.002,20.6000,100
41197934070858,11:26:37.934,20.6000,100
41197941023576,11:26:37.941,20.6100,100
41197941023576,11:26:37.941,20.6100,100
41197941501000,11:26:37.941,20.6100,100
41200009480901,11:26:40.009,20.6000,100
41200009480901,11:26:40.009,20.6000,100
41200009710870,11:26:40.009,20.6000,100
41200010862340,11:26:40.010,20.6000,100
41200015628596,11:26:40.015,20.6100,5
41200015768710,11:26:40.015,20.6100,95
41200015768710,11:26:40.015,20.6100,205
41200015793948,11:26:40.015,20.6100,95
41200015793948,11:26:40.015,20.6100,4
41208686474560,11:26:48.686,20.6200,200
41208686474560,11:26:48.686,20.6300,100
41208686474560,11:26:48.686,20.6300,200
41208686474560,11:26:48.686,20.6400,100
41208686474560,11:26:48.686,20.6400,100
41208687354543,11:26:48.687,20.6300,100
41211366628129,11:26:51.366,20.6400,100
41213341253904,11:26:53.341,20.6200,100
41214246134557,11:26:54.246,20.6200,100
41214525156603,11:26:54.525,20.6200,100
41214525156603,11:26:54.525,20.6200,100
41214525331734,11:26:54.525,20.6200,100
41214525331734,11:26:54.525,20.6200,100
41214526740478,11:26:54.526,20.6200,100
41214528647592,11:26:54.528,20.6400,50
41214528676382,11:26:54.528,20.6400,50
41215995464803,11:26:55.995,20.6200,100
41215996941395,11:26:55.996,20.6200,100
41221693314993,11:27:01.693,20.6400,100
41221693314993,11:27:01.693,20.6400,100
41221695286241,11:27:01.695,20.6300,100
41222373789213,11:27:02.373,20.6200,100
41222375827048,11:27:02.375,20.6200,100
41222375827048,11:27:02.375,20.6200,100
41222375827048,11:27:02.375,20.6200,100
41222766781064,11:27:02.766,20.6200,100
41222766781064,11:27:02.766,20.6200,200
41222766781064,11:27:02.766,20.6200,24
41222767219179,11:27:02.767,20.6200,76
41222767219179,11:27:02.767,20.6200,100
41225228567541,11:27:05.228,20.6100,100
41225228567541,11:27:05.228,20.6100,55
41225228967166,11:27:05.228,20.6100,45
41225983516467,11:27:05.983,20.6000,100
41225983517187,11:27:05.983,20.6000,100
41240317597002,11:27:20.317,20.6050,200
41240317597002,11:27:20.317,20.6100,300
41240317730296,11:27:20.317,20.6100,116
41240317734692,11:27:20.317,20.6100,62
41240317752678,11:27:20.317,20.6100,22
41240317752678,11:27:20.317,20.6100,190
41240317781252,11:27:20.317,20.6100,22
41240317909540,11:27:20.317,20.6100,200
41240317965245,11:27:20.317,20.6100,37
41240317969263,11:27:20.317,20.6100,63
41240318061493,11:27:20.318,20.6100,37
41240318115773,11:27:20.318,20.6100,51
41240318115773,11:27:20.318,20.6100,100
41242849302857,11:27:22.849,20.6300,100
41242900262585,11:27:22.900,20.6500,100
41243506227497,11:27:23.506,20.6250,100
41243506307365,11:27:23.506,20.6250,100
41243843065048,11:27:23.843,20.6200,100
41243843177829,11:27:23.843,20.6300,100
41243900169333,11:27:23.900,20.6300,100
41244109940650,11:27:24.109,20.6200,87
41279085410509,11:27:59.085,20.6100,12
41279085414851,11:27:59.085,20.6100,88
41290537084284,11:28:10.537,20.6300,100
41290537542660,11:28:10.537,20.6300,200
41290537570028,11:28:10.537,20.6300,100
41325222628623,11:28:45.222,20.6100,100
41325222628623,11:28:45.222,20.6100,100
41325253115302,11:28:45.253,20.5900,100
41325305984287,11:28:45.305,20.6000,100
41325310608606,11:28:45.310,20.5900,100
41325311240522,11:28:45.311,20.5900,100
41325311313437,11:28:45.311,20.5900,100
41325311313437,11:28:45.311,20.5900,100
41325318839888,11:28:45.318,20.6000,100
41325361707496,11:28:45.361,20.6000,100
41325391159968,11:28:45.391,20.5900,100
41325391159968,11:28:45.391,20.5900,100
41325391715958,11:28:45.391,20.5900,100
41325391942380,11:28:45.391,20.5900,100
41325419690998,11:28:45.419,20.5900,100
41325419690998,11:28:45.419,20.5900,100
41325825703574,11:28:45.825,20.6000,100
41325841072507,11:28:45.841,20.5900,100
41325841090779,11:28:45.841,20.6000,100
41325841090779,11:28:45.841,20.6000,10
41325841486063,11:28:45.841,20.6000,100
41325841976366,11:28:45.841,20.5900,100
41325842107943,11:28:45.842,20.5900,100
41325843678160,11:28:45.843,20.5900,100
41330226384914,11:28:50.226,20.5900,100
41330226622289,11:28:50.226,20.5800,39
41330226774541,11:28:50.226,20.5800,100
41330228884404,11:28:50.228,20.5800,100
41330231616868,11:28:50.231,20.5700,10
41330231616868,11:28:50.231,20.5700,100
41330231616868,11:28:50.231,20.5700,200
41330232097847,11:28:50.232,20.5600,5
41330232097847,11:28:50.232,20.5600,800
41330232218593,11:28:50.232,20.5500,10
41330237348224,11:28:50.237,20.5600,100
41330237348224,11:28:50.237,20.5500,100
41330237348224,11:28:50.237,20.5500,100
41330237348224,11:28:50.237,20.5500,100
41330238040491,11:28:50.238,20.5400,10
41330238040491,11:28:50.238,20.5400,100
41331424429328,11:28:51.424,20.5400,100
41331424429328,11:28:51.424,20.5400,100
41332299959409,11:28:52.299,20.5400,100
41332311158490,11:28:52.311,20.5700,100
41332311158490,11:28:52.311,20.5700,200
41332458757117,11:28:52.458,20.5500,100
41332461767529,11:28:52.461,20.5400,71
41332461772837,11:28:52.461,20.5400,29
41332466355337,11:28:52.466,20.5500,100
41332471351819,11:28:52.471,20.5500,100
41334425378670,11:28:54.425,20.5400,100
41334425814698,11:28:54.425,20.5400,100
41335215812035,11:28:55.215,20.5300,10
41335215812035,11:28:55.215,20.5300,90
41335215825374,11:28:55.215,20.5300,10
41335215861114,11:28:55.215,20.5300,10
41335215967566,11:28:55.215,20.5300,90
41335216130656,11:28:55.216,20.5100,10
41335216130656,11:28:55.216,20.5000,90
41335231361065,11:28:55.231,20.5100,100
41335231361065,11:28:55.231,20.5100,100
41335232282163,11:28:55.232,20.5100,100
41335232851010,11:28:55.232,20.5000,10
41335232851010,11:28:55.232,20.5000,100
41335232851010,11:28:55.232,20.5000,490
41335232867828,11:28:55.232,20.5000,710
41335232867828,11:28:55.232,20.5000,100
41335234270138,11:28:55.234,20.5000,200
41335244947357,11:28:55.244,20.5100,80
41335248110781,11:28:55.248,20.5100,100
41335268891798,11:28:55.268,20.5400,100
41335268891798,11:28:55.268,20.5400,100
41335270956178,11:28:55.270,20.5400,100
41335270956178,11:28:55.270,20.5400,300
41335272956095,11:28:55.272,20.5300,100
41335273815494,11:28:55.273,20.5200,100
41335273815494,11:28:55.273,20.5300,100
41335273815494,11:28:55.273,20.5300,10
41335274155720,11:28:55.274,20.5200,100
41335274604426,11:28:55.274,20.5300,100
41335275560351,11:28:55.275,20.5300,200
41335275748643,11:28:55.275,20.5300,100
41335276103553,11:28:55.276,20.5200,100
41335276166762,11:28:55.276,20.5300,100
41335276709086,11:28:55.276,20.5300,100
41335277183774,11:28:55.277,20.5200,100
41335277183774,11:28:55.277,20.5100,100
41335277574181,11:28:55.277,20.4900,60
41335277982632,11:28:55.277,20.4900,40
41335277982632,11:28:55.277,20.4900,200
41335279508821,11:28:55.279,20.4900,100
41335279530153,11:28:55.279,20.4900,100
41335279572808,11:28:55.279,20.4900,60
41335280012761,11:28:55.280,20.5000,100
41335287920943,11:28:55.287,20.5400,40
41335294176951,11:28:55.294,20.5300,100
41335295153692,11:28:55.295,20.5000,1000
41335302944928,11:28:55.302,20.5100,200
41335340789210,11:28:55.340,20.5300,100
41335341281899,11:28:55.341,20.5500,100
41335341672362,11:28:55.341,20.5400,100
41335341672362,11:28:55.341,20.5400,230
41335343679905,11:28:55.343,20.5400,100
41335344295567,11:28:55.344,20.5200,100
41335344409548,11:28:55.344,20.5400,100
41335344759102,11:28:55.344,20.5600,100
41335344872473,11:28:55.344,20.5300,100
41335344872473,11:28:55.344,20.5200,100
41335345426070,11:28:55.345,20.5300,100
41335345791577,11:28:55.345,20.5600,100
41335345791577,11:28:55.345,20.5600,100
41335345791577,11:28:55.345,20.5600,100
41335346408262,11:28:55.346,20.5400,300
41335346575511,11:28:55.346,20.5400,100
41335346972117,11:28:55.346,20.5400,10
41335347837766,11:28:55.347,20.5300,100
41335347837766,11:28:55.347,20.5300,100
41335348613150,11:28:55.348,20.5200,100
41335348649304,11:28:55.348,20.5400,20
41335348649304,11:28:55.348,20.5600,100
41335351296943,11:28:55.351,20.5000,100
41335351296943,11:28:55.351,20.5000,100
41335351296943,11:28:55.351,20.5000,100
41335351296943,11:28:55.351,20.5000,100
41335351296943,11:28:55.351,20.5000,200
41335364718596,11:28:55.364,20.5400,100
41335369696998,11:28:55.369,20.5500,100
41335369696998,11:28:55.369,20.5500,100
41335369696998,11:28:55.369,20.5500,300
41335369721733,11:28:55.369,20.5500,400
41335369737103,11:28:55.369,20.5500,275
41335379372983,11:28:55.379,20.5400,100
41335379388605,11:28:55.379,20.5400,90
41335379408938,11:28:55.379,20.5400,83
41335380224943,11:28:55.380,20.5300,100
41335380295590,11:28:55.380,20.5300,100
41335385682251,11:28:55.385,20.5500,200
41335390393983,11:28:55.390,20.5500,100
41335392148860,11:28:55.392,20.5500,285
41335395612888,11:28:55.395,20.5700,100
41335408782251,11:28:55.408,20.5800,452
41335408782251,11:28:55.408,20.5800,300
41335409759959,11:28:55.409,20.5800,100
41335410803200,11:28:55.410,20.5800,100
41335414066394,11:28:55.414,20.5800,48
41335414077373,11:28:55.414,20.5800,52
41335417967329,11:28:55.417,20.5600,10
41335421092503,11:28:55.421,20.5700,100
41335422092519,11:28:55.422,20.5400,100
41335427125577,11:28:55.427,20.5300,200
41335427709318,11:28:55.427,20.5200,100
41335428282401,11:28:55.428,20.5100,200
41335428845908,11:28:55.428,20.5100,90
41335429764032,11:28:55.429,20.5400,100
41335429764032,11:28:55.429,20.5400,552
41335461502477,11:28:55.461,20.5900,48
41335461502477,11:28:55.461,20.5900,52
41335461502477,11:28:55.461,20.5900,200
41335464309397,11:28:55.464,20.5900,100
41335464532242,11:28:55.464,20.5900,38
41335464744616,11:28:55.464,20.5900,43
41335465789201,11:28:55.465,20.5900,119
41335469579137,11:28:55.469,20.5100,100
41335469579137,11:28:55.469,20.5100,1000
41335470221397,11:28:55.470,20.5000,200
41335470221397,11:28:55.470,20.4900,200
41335484535477,11:28:55.484,20.5400,100
41335544861733,11:28:55.544,20.5400,500
41335545304552,11:28:55.545,20.5500,100
41342682952150,11:29:02.682,20.5000,100
41342711814925,11:29:02.711,20.5000,100
41344119172223,11:29:04.119,20.5100,100
41345045521608,11:29:05.045,20.5100,100
41345049903039,11:29:05.049,20.5200,100
41345136428433,11:29:05.136,20.5200,100
41345137069024,11:29:05.137,20.5100,100
41345138131185,11:29:05.138,20.5000,100
41351135777682,11:29:11.135,20.5300,300
41352885991467,11:29:12.885,20.5300,300
41352886523716,11:29:12.886,20.5300,300
41364245742536,11:29:24.245,20.5300,200
41364245772119,11:29:24.245,20.5300,100
41375214726098,11:29:35.214,20.5600,112
41380931037506,11:29:40.931,20.5700,100
41380931230995,11:29:40.931,20.5700,100
41412177728563,11:30:12.177,20.6000,100
41412177728563,11:30:12.177,20.6000,100
41412178311399,11:30:12.178,20.6000,100
41416994889542,11:30:16.994,20.6000,100
41432548367602,11:30:32.548,20.6300,100
41432548367602,11:30:32.548,20.6400,100
41433418485683,11:30:33.418,20.6400,100
41454783171732,11:30:54.783,20.6800,100
41454783762976,11:30:54.783,20.6800,100
41455514475181,11:30:55.514,20.6700,100
41458387030620,11:30:58.387,20.7100,100
41474124202402,11:31:14.124,20.7500,100
41474124758831,11:31:14.124,20.7500,100
41474265520409,11:31:14.265,20.7500,100
41474266071999,11:31:14.266,20.7500,200
41474266071999,11:31:14.266,20.7500,100
41474266646608,11:31:14.266,20.7400,100
41474266646608,11:31:14.266,20.7400,100
41480162076360,11:31:20.162,20.7400,13
41480382184704,11:31:20.382,20.7400,87
41482780619699,11:31:22.780,20.7400,100
41488437220165,11:31:28.437,20.7500,100
41506765376381,11:31:46.765,20.7900,200
41508735293966,11:31:48.735,20.8200,100
41509448354150,11:31:49.448,20.8300,200
41509843895166,11:31:49.843,20.8200,100
41509846197215,11:31:49.846,20.8100,39
41509852772276,11:31:49.852,20.8100,100
41536152702358,11:32:16.152,20.8400,200
41536153267012,11:32:16.153,20.8400,100
41537785996747,11:32:17.785,20.8400,34
41537792830208,11:32:17.792,20.8500,100
41537963152268,11:32:17.963,20.8500,100
41539650542077,11:32:19.650,20.8300,100
41539650542077,11:32:19.650,20.8300,200
41539715531481,11:32:19.715,20.8300,100
41541188226441,11:32:21.188,20.8500,100
41548745051667,11:32:28.745,20.8600,100
41548745710127,11:32:28.745,20.8600,100
41548750866843,11:32:28.750,20.8600,100
41550850332609,11:32:30.850,20.8800,200
41552280234325,11:32:32.280,20.9100,100
41554966737436,11:32:34.966,20.8900,100
41554966771127,11:32:34.966,20.8900,100
41554966784992,11:32:34.966,20.8800,98
41554966788023,11:32:34.966,20.8800,102
41554966788023,11:32:34.966,20.8800,10
41554968073278,11:32:34.968,20.8800,90
41554968073278,11:32:34.968,20.8800,110
41554968102264,11:32:34.968,20.8800,90
41554968977101,11:32:34.968,20.8900,100
41554968977101,11:32:34.968,20.8900,100
41554973423577,11:32:34.973,20.9000,100
41554975439009,11:32:34.975,20.9000,100
41554975439009,11:32:34.975,20.9000,100
41557618466981,11:32:37.618,20.9100,100
41557684382585,11:32:37.684,20.9100,200
41559203893743,11:32:39.203,20.9400,100
41570371261722,11:32:50.371,20.9400,200
41570435071495,11:32:50.435,20.9400,100
41571896543929,11:32:51.896,20.9300,200
41573290412337,11:32:53.290,20.9300,200
41573290412337,11:32:53.290,20.9300,100
41573290412337,11:32:53.290,20.9300,400
41573290412337,11:32:53.290,20.9300,100
41573290987411,11:32:53.290,20.9300,100
41573427746439,11:32:53.427,20.9300,100
41578862588680,11:32:58.862,20.9200,100
41578869275674,11:32:58.869,20.9200,200
41578869275674,11:32:58.869,20.9200,100
41578869532429,11:32:58.869,20.9300,96
41578869670811,11:32:58.869,20.9300,4
41578869670811,11:32:58.869,20.9300,96
41579370216708,11:32:59.370,20.9500,200
41589028321799,11:33:09.028,21.0200,15
41589028328777,11:33:09.028,21.0200,85
41589028458615,11:33:09.028,21.0200,100
41595943000638,11:33:15.943,21.0000,100
41595943000638,11:33:15.943,21.0000,100
41595943000638,11:33:15.943,21.0000,100
41595943206316,11:33:15.943,21.0000,100
41599532675828,11:33:19.532,21.0000,200
41599532675828,11:33:19.532,21.0000,200
41599533195945,11:33:19.533,21.0000,100
41599611215370,11:33:19.611,21.0000,100
41600165598251,11:33:20.165,21.0000,100
41600165598251,11:33:20.165,21.0000,300
41602086209118,11:33:22.086,20.9900,1
41602086209118,11:33:22.086,20.9900,100
41602086209118,11:33:22.086,20.9900,100
41602220729388,11:33:22.220,20.9600,20
41602234556627,11:33:22.234,20.9500,20
41605984474924,11:33:25.984,20.9400,10
41605984474924,11:33:25.984,20.9400,100
41605984474924,11:33:25.984,20.9400,1
41605984474924,11:33:25.984,20.9400,100
41605984618163,11:33:25.984,20.9400,36
41605984621922,11:33:25.984,20.9400,64
41605984621922,11:33:25.984,20.9400,48
41605990564348,11:33:25.990,20.9500,100
41605993418118,11:33:25.993,20.9500,100
41605995233689,11:33:25.995,20.9500,100
41606001512849,11:33:26.001,20.9400,100
41606327444651,11:33:26.327,20.9400,200
41606327444651,11:33:26.327,20.9300,20
41606327444651,11:33:26.327,20.9300,100
41606327444651,11:33:26.327,20.9100,100
41606327444651,11:33:26.327,20.9100,100
41606327444651,11:33:26.327,20.9000,10
41606327444651,11:33:26.327,20.9000,100
41606327444651,11:33:26.327,20.8900,10
41606327444651,11:33:26.327,20.8900,200
41606330358345,11:33:26.330,20.9300,100
41606339904778,11:33:26.339,20.8900,8
41606339904778,11:33:26.339,20.8900,100
41606342169336,11:33:26.342,20.9000,100
41606359618521,11:33:26.359,20.9000,100
41606359618521,11:33:26.359,20.8900,100
41606359618521,11:33:26.359,20.8900,100
41606461123089,11:33:26.461,20.9000,100
41606461123089,11:33:26.461,20.9000,15
41606461778446,11:33:26.461,20.9000,100
41606482377496,11:33:26.482,20.8900,200
41606486364507,11:33:26.486,20.8900,100
41606486364507,11:33:26.486,20.8900,30
41610154877895,11:33:30.154,20.8800,10
41610154877895,11:33:30.154,20.8800,100
41610154877895,11:33:30.154,20.8800,100
41610154877895,11:33:30.154,20.8800,5
41610154877895,11:33:30.154,20.8800,100
41610155843165,11:33:30.155,20.8800,100
41610156857430,11:33:30.156,20.8800,100
41610156857430,11:33:30.156,20.8800,100
41610157408510,11:33:30.157,20.8800,100
41610157408510,11:33:30.157,20.8800,100
41617423783036,11:33:37.423,20.8900,100
41632102566404,11:33:52.102,20.8800,100
41632102566404,11:33:52.102,20.8800,3
41632102566404,11:33:52.102,20.8800,400
41632103105852,11:33:52.103,20.8700,20
41632103119900,11:33:52.103,20.8700,20
41632103447347,11:33:52.103,20.8650,2
41632103616634,11:33:52.103,20.8650,2
41632103645191,11:33:52.103,20.8650,76
41632103645191,11:33:52.103,20.8600,2
41632104483556,11:33:52.104,20.8600,100
41632110543401,11:33:52.110,20.8600,100
41632110543401,11:33:52.110,20.8600,94
41632463984716,11:33:52.463,20.8900,100
41637702191527,11:33:57.702,20.8900,100
41646506322392,11:34:06.506,20.8800,100
41646537173980,11:34:06.537,20.8800,100
41646537245425,11:34:06.537,20.8800,100
41647849810304,11:34:07.849,20.8800,100
41647850325900,11:34:07.850,20.8800,100
41647875603378,11:34:07.875,20.8800,100
41654562036462,11:34:14.562,20.8900,100
41654562108353,11:34:14.562,20.8900,100
41654563198434,11:34:14.563,20.8900,100
41654566948189,11:34:14.566,20.8900,100
41654566948189,11:34:14.566,20.8900,200
41654567111947,11:34:14.567,20.8900,100
41666139249532,11:34:26.139,20.8700,300
41666139249532,11:34:26.139,20.8700,34
41666139249532,11:34:26.139,20.8700,6
41666140017613,11:34:26.140,20.8600,100
41666141909868,11:34:26.141,20.8700,100
41666228152744,11:34:26.228,20.8900,100
41666228241369,11:34:26.228,20.8900,100
41666239572556,11:34:26.239,20.8900,100
41666240288014,11:34:26.240,20.8900,100
41666241434828,11:34:26.241,20.8900,100
41666255398132,11:34:26.255,20.8800,100
41666255398132,11:34:26.255,20.8800,100
41666307587057,11:34:26.307,20.8700,100
41666307716081,11:34:26.307,20.8700,100
41674124287577,11:34:34.124,20.8800,100
41678071767974,11:34:38.071,20.8800,100
41678072071988,11:34:38.072,20.8800,100
41678842567104,11:34:38.842,20.8800,100
41697609050682,11:34:57.609,20.8900,100
41697617220340,11:34:57.617,20.9000,100
41697617220340,11:34:57.617,20.8900,100
41697617220340,11:34:57.617,20.8900,100
41697618066307,11:34:57.618,20.8800,100
41697705135948,11:34:57.705,20.8900,100
41702316537108,11:35:02.316,20.8800,200
41702316537108,11:35:02.316,20.8800,200
41702316537108,11:35:02.316,20.8800,1000
41702325743827,11:35:02.325,20.8800,100
41702347115232,11:35:02.347,20.8900,100
41706111248179,11:35:06.111,20.8900,200
41706121955602,11:35:06.121,20.9000,100
41706122557412,11:35:06.122,20.9000,100
41706143121618,11:35:06.143,20.9000,100
41706143121618,11:35:06.143,20.8900,100
41706143121618,11:35:06.143,20.8900,100
41706143121618,11:35:06.143,20.8900,100
41706143121618,11:35:06.143,20.8900,100
41713994575660,11:35:13.994,20.8800,100
41713994575660,11:35:13.994,20.8800,100
41713998406367,11:35:13.998,20.8700,100
41714002534477,11:35:14.002,20.8700,100
41714002534477,11:35:14.002,20.8700,15
41720590356355,11:35:20.590,20.8950,300
41720590764779,11:35:20.590,20.8950,100
41720601242205,11:35:20.601,20.8900,100
41731996136956,11:35:31.996,20.8900,100
41732977083850,11:35:32.977,20.8800,200
41732977242487,11:35:32.977,20.8800,41
41732977246347,11:35:32.977,20.8800,112
41732977257058,11:35:32.977,20.8800,47
41733153818592,11:35:33.153,20.8800,100
41733153818592,11:35:33.153,20.8800,27
41735730023492,11:35:35.730,20.8800,100
41735730036184,11:35:35.730,20.8800,59
41735730403021,11:35:35.730,20.8800,91
41735730629757,11:35:35.730,20.8800,23
41735737894748,11:35:35.737,20.8800,100
41741815703868,11:35:41.815,20.8900,100
41746258731820,11:35:46.258,20.8900,100
41767436215686,11:36:07.436,20.8900,100
41769522664542,11:36:09.522,20.8700,100
41769522664542,11:36:09.522,20.8700,200
41769522664542,11:36:09.522,20.8700,200
41769522664542,11:36:09.522,20.8700,32
41769523352034,11:36:09.523,20.8600,100
41777526426657,11:36:17.526,20.8700,100
41777526975370,11:36:17.526,20.8600,200
41777527034420,11:36:17.527,20.8600,100
41777552737510,11:36:17.552,20.8550,100
41777552737510,11:36:17.552,20.8500,100
41798289350702,11:36:38.289,20.8500,100
41802598027456,11:36:42.598,20.8550,100
41814308030097,11:36:54.308,20.8500,100
41814909024336,11:36:54.909,20.8500,100
41820265419304,11:37:00.265,20.8400,100
41826752921392,11:37:06.752,20.8400,100
41826752921392,11:37:06.752,20.8400,100
41826752921392,11:37:06.752,20.8400,100
41826753083558,11:37:06.753,20.8400,200
41826753083558,11:37:06.753,20.8400,100
41826753166239,11:37:06.753,20.8400,100
41826753384048,11:37:06.753,20.8400,200
41828251691689,11:37:08.251,20.8400,100
41829246192626,11:37:09.246,20.8300,100
41829610912498,11:37:09.610,20.8250,100
41829610912498,11:37:09.610,20.8250,100
41829611022867,11:37:09.611,20.8200,1
41829611022867,11:37:09.611,20.8200,47
41829611071492,11:37:09.611,20.8200,53
41829611224883,11:37:09.611,20.8200,100
41829611879017,11:37:09.611,20.8100,10
41829611879017,11:37:09.611,20.8100,100
41830297321994,11:37:10.297,20.7900,100
41837447488580,11:37:17.447,20.7900,100
41837447822549,11:37:17.447,20.8000,100
41865001149220,11:37:45.001,20.8100,200
41865001149220,11:37:45.001,20.8100,700
41865879888987,11:37:45.879,20.8000,100
41865879888987,11:37:45.879,20.8000,100
41865879888987,11:37:45.879,20.8000,100
41868341486344,11:37:48.341,20.7900,100
41868341486344,11:37:48.341,20.7900,300
41868341730972,11:37:48.341,20.7900,100
41870671439210,11:37:50.671,20.7850,100
41870672076683,11:37:50.672,20.7800,200
41870672135533,11:37:50.672,20.7800,100
41870672255370,11:37:50.672,20.7800,100
41870758946359,11:37:50.758,20.7800,100
41870774691993,11:37:50.774,20.7800,200
41870774691993,11:37:50.774,20.7800,100
41871344918134,11:37:51.344,20.7800,100
41881883743623,11:38:01.883,20.7800,100
41881883922900,11:38:01.883,20.7800,100
41887479698405,11:38:07.479,20.7700,1
41887479698405,11:38:07.479,20.7700,100
41887479698405,11:38:07.479,20.7700,100
41887479698405,11:38:07.479,20.7700,36
41887479698405,11:38:07.479,20.7700,700
41887479698405,11:38:07.479,20.7700,100
41887479809321,11:38:07.479,20.7700,100
41887479809321,11:38:07.479,20.7800,100
41903340231107,11:38:23.340,20.7700,100
41903360570000,11:38:23.360,20.7800,100
41903361335832,11:38:23.361,20.7800,100
41903361384007,11:38:23.361,20.7800,100
41930777836203,11:38:50.777,20.7800,100
41930778101679,11:38:50.778,20.7800,100
41930778101679,11:38:50.778,20.7800,100
41930778101679,11:38:50.778,20.7800,700
41930778286388,11:38:50.778,20.7800,94
41930778286388,11:38:50.778,20.7800,100
41930780659279,11:38:50.780,20.7800,100
41930780659279,11:38:50.780,20.7800,991
41930812130850,11:38:50.812,20.7900,100
41931303795574,11:38:51.303,20.7900,94
41948659339234,11:39:08.659,20.8000,100
41948660398863,11:39:08.660,20.8000,100
41948661548918,11:39:08.661,20.8000,100
41948669223679,11:39:08.669,20.7900,100
41948679110346,11:39:08.679,20.7800,100
41948679110346,11:39:08.679,20.7800,100
41948679161991,11:39:08.679,20.7800,100
41948679161991,11:39:08.679,20.7800,100
41948679325631,11:39:08.679,20.7800,100
41954758505068,11:39:14.758,20.7900,100
41954760002164,11:39:14.760,20.7950,300
41958736022501,11:39:18.736,20.7950,100
41958736156599,11:39:18.736,20.8000,100
41962932104559,11:39:22.932,20.8100,100
41967934079392,11:39:27.934,20.8000,100
41967934079392,11:39:27.934,20.8000,600
41967934626619,11:39:27.934,20.8100,100
41998767647617,11:39:58.767,20.8100,300
41998768087598,11:39:58.768,20.8100,300
41998768134607,11:39:58.768,20.8100,200
41998768134607,11:39:58.768,20.8200,100
41998768195298,11:39:58.768,20.8200,200
41999325732039,11:39:59.325,20.8200,100
42020323027930,11:40:20.323,20.8250,100
42022524024795,11:40:22.524,20.8250,100
42029636766001,11:40:29.636,20.8200,34
42029636766001,11:40:29.636,20.8200,300
42029636766001,11:40:29.636,20.8200,400
42029636766001,11:40:29.636,20.8200,200
42029636871594,11:40:29.636,20.8200,100
42029637096830,11:40:29.637,20.8200,100
42030143485168,11:40:30.143,20.8000,100
42037810754652,11:40:37.810,20.8000,100
42037810754652,11:40:37.810,20.8000,100
42039899566128,11:40:39.899,20.8000,100
42045737297838,11:40:45.737,20.8000,200
42045737297838,11:40:45.737,20.8000,100
42045738158514,11:40:45.738,20.8000,200
42046879530116,11:40:46.879,20.8000,100
42047646669458,11:40:47.646,20.7900,100
42062308462436,11:41:02.308,20.7900,200
42065293599925,11:41:05.293,20.7900,100
42071556527954,11:41:11.556,20.8000,100
42071556527954,11:41:11.556,20.8000,100
42074373632367,11:41:14.373,20.7900,100
42077298352460,11:41:17.298,20.7900,100
42077298580068,11:41:17.298,20.7900,100
42077298580068,11:41:17.298,20.7900,236
42077298586597,11:41:17.298,20.7900,64
42099838708416,11:41:39.838,20.7900,200
42099839156100,11:41:39.839,20.7900,100
42099839393575,11:41:39.839,20.7900,88
42099839394141,11:41:39.839,20.7900,12
42099839478638,11:41:39.839,20.7900,48
42099839624054,11:41:39.839,20.7900,52
42131249977107,11:42:11.249,20.7900,100
42131250932405,11:42:11.250,20.7900,100
42131252853164,11:42:11.252,20.7900,100
42131252853164,11:42:11.252,20.7900,100
42131252853164,11:42:11.252,20.7900,100
42133991906854,11:42:13.991,20.7850,300
42133991998648,11:42:13.991,20.7850,300
42133992061589,11:42:13.992,20.7850,200
42133992061589,11:42:13.992,20.7900,100
42134042319215,11:42:14.042,20.7900,100
42134046612167,11:42:14.046,20.8000,200
42134062216596,11:42:14.062,20.8000,100
42134194625467,11:42:14.194,20.8000,100
42134194625467,11:42:14.194,20.8000,100
42135124021685,11:42:15.124,20.7900,100
42136377645509,11:42:16.377,20.7800,100
42136377701149,11:42:16.377,20.7800,100
42136377701149,11:42:16.377,20.7800,100
42136377753539,11:42:16.377,20.7800,100
42136670849342,11:42:16.670,20.7800,200
42136670849342,11:42:16.670,20.7800,100
42136670849342,11:42:16.670,20.7800,100
42136670849342,11:42:16.670,20.7800,300
42136670849342,11:42:16.670,20.7800,38
42136670849342,11:42:16.670,20.7800,62
42136671098685,11:42:16.671,20.7800,38
42136671302745,11:42:16.671,20.7800,5
42138879302510,11:42:18.879,20.7800,95
42138879302510,11:42:18.879,20.7800,5
42151133572299,11:42:31.133,20.7800,95
42151133572299,11:42:31.133,20.7800,5
42176036411215,11:42:56.036,20.7850,500
42176036605323,11:42:56.036,20.7900,46
42176036616397,11:42:56.036,20.7850,100
42176036616397,11:42:56.036,20.7900,12
42176036622778,11:42:56.036,20.7900,42
42176036622778,11:42:56.036,20.7900,58
42176036645664,11:42:56.036,20.7850,442
42176036845632,11:42:56.036,20.7900,99
42176036874687,11:42:56.036,20.7850,342
42176037048553,11:42:56.037,20.7850,216
42176037048553,11:42:56.037,20.7900,27
42176037140765,11:42:56.037,20.7900,189
42176037185515,11:42:56.037,20.7900,27
42176037202889,11:42:56.037,20.7900,100
42176337520807,11:42:56.337,20.7900,127
42176343035578,11:42:56.343,20.7800,595
42176343035578,11:42:56.343,20.7800,100
42188265835680,11:43:08.265,20.7900,100
42188866112726,11:43:08.866,20.7900,100
42188961868983,11:43:08.961,20.7800,100
42188961868983,11:43:08.961,20.7800,200
42191474545446,11:43:11.474,20.7600,100
42191474545446,11:43:11.474,20.7600,100
42191474670174,11:43:11.474,20.7600,100
42191475653938,11:43:11.475,20.7600,100
42191477575814,11:43:11.477,20.7600,12
42191618816763,11:43:11.618,20.7500,12
42191778953954,11:43:11.778,20.7500,100
42193902152172,11:43:13.902,20.7500,200
42193902466968,11:43:13.902,20.7500,100
42196057228374,11:43:16.057,20.7700,100
42196058367311,11:43:16.058,20.7700,100
42196058367311,11:43:16.058,20.7700,100
42196060179568,11:43:16.060,20.7700,100
42206369312605,11:43:26.369,20.7800,100
42206370009276,11:43:26.370,20.7800,200
42206370009276,11:43:26.370,20.7800,100
42212873748978,11:43:32.873,20.7800,100
42212873748978,11:43:32.873,20.7800,100
42260855149254,11:44:20.855,20.7900,100
42260855319363,11:44:20.855,20.8000,100
42262414743333,11:44:22.414,20.7800,200
42262414743333,11:44:22.414,20.7800,37
42262414743333,11:44:22.414,20.7800,63
42262414793228,11:44:22.414,20.7800,37
42262493248705,11:44:22.493,20.7800,100
42262566333431,11:44:22.566,20.7700,1600
42262566333431,11:44:22.566,20.7800,5
42267023649786,11:44:27.023,20.7800,100
42267023649786,11:44:27.023,20.7800,100
42267023649786,11:44:27.023,20.7800,100
42267023649786,11:44:27.023,20.7800,200
42267023894394,11:44:27.023,20.7800,65
42267028602250,11:44:27.028,20.7800,35
42267028602250,11:44:27.028,20.7800,65
42271301486430,11:44:31.301,20.7900,100
42274333839179,11:44:34.333,20.7900,3
42274333839179,11:44:34.333,20.7900,97
42275023247832,11:44:35.023,20.7800,100
42275023247832,11:44:35.023,20.7800,100
42286140581834,11:44:46.140,20.7900,100
42286141072224,11:44:46.141,20.7900,100
42286269290115,11:44:46.269,20.7800,100
42302678033304,11:45:02.678,20.7800,100
42306684964340,11:45:06.684,20.7900,100
42306684964340,11:45:06.684,20.7900,100
42331428804988,11:45:31.428,20.8000,19
42331428996886,11:45:31.428,20.8000,100
42331429025507,11:45:31.429,20.8000,100
42331429100423,11:45:31.429,20.8000,18
42331429216422,11:45:31.429,20.7900,100
42331429384919,11:45:31.429,20.7900,82
42331429384919,11:45:31.429,20.7900,18
42331433531671,11:45:31.433,20.7900,82
42331433531671,11:45:31.433,20.7900,100
42332269333258,11:45:32.269,20.7900,19
