timestamp,time,price,volume
19527676635920,05:25:27.676,201.2000,20
24664724050226,06:51:04.724,200.2000,200
24801012469227,06:53:21.012,200.2000,100
25103806607303,06:58:23.806,200.4000,80
25105061518335,06:58:25.061,200.4000,80
25149610213715,06:59:09.610,200.4000,40
27820329269377,07:43:40.329,200.7000,40
32659787927703,09:04:19.787,200.7400,1
32715001952782,09:05:15.001,200.7400,1
32796920023470,09:06:36.920,200.7400,5
32907317293031,09:08:27.317,200.7400,1
32957642788515,09:09:17.642,200.6500,1
32957642788515,09:09:17.642,200.7400,42
33043790712829,09:10:43.790,200.9800,100
33494505640193,09:18:14.505,200.5900,45
33640811923145,09:20:40.811,201.0000,9
33640811923145,09:20:40.811,201.0000,10
34080013496004,09:28:00.013,200.8200,56
34200585203208,09:30:00.585,0.0000,0
34212980274373,09:30:12.980,200.6900,2
34213285898077,09:30:13.285,200.7200,3
34213605924071,09:30:13.605,200.4000,2
34226537056602,09:30:26.537,200.3800,100
34226537056602,09:30:26.537,200.3800,1
34226537056602,09:30:26.537,200.3800,98
34226537155660,09:30:26.537,200.3800,100
34226537163534,09:30:26.537,200.3800,100
34226537194200,09:30:26.537,200.3900,10
34226537210431,09:30:26.537,200.3800,100
34226537211921,09:30:26.537,200.3800,69
34226537377828,09:30:26.537,200.3800,10
34226537377828,09:30:26.537,200.3800,79
34226537433636,09:30:26.537,200.3800,21
34226537560695,09:30:26.537,200.3800,31
34226537560695,09:30:26.537,200.3800,4
34226537912158,09:30:26.537,200.3500,3
34226537912158,09:30:26.537,200.3500,3
34228750785122,09:30:28.750,200.3600,2
34228808311140,09:30:28.808,200.3600,87
34228808311140,09:30:28.808,200.3700,100
34228808311140,09:30:28.808,200.3700,11
34228808615539,09:30:28.808,200.3700,189
34228808615539,09:30:28.808,200.3700,100
34228808615539,09:30:28.808,200.3700,2
34228808615539,09:30:28.808,200.3700,3
34228809376614,09:30:28.809,200.3800,100
34228809442298,09:30:28.809,200.3800,100
34228813232315,09:30:28.813,200.3700,400
34228856830557,09:30:28.856,200.3700,100
34228856962861,09:30:28.856,200.3700,100
34231807610391,09:30:31.807,200.2000,1
34231807610391,09:30:31.807,200.2000,45
34232178581344,09:30:32.178,200.3100,100
34232178581344,09:30:32.178,200.3100,100
34234360074469,09:30:34.360,200.3600,4
34234361229331,09:30:34.361,200.3600,22
34235749876861,09:30:35.749,200.2400,26
34235750539564,09:30:35.750,200.2100,26
34235750916225,09:30:35.750,200.2000,55
34235751821679,09:30:35.751,200.2600,100
34235751848537,09:30:35.751,200.2600,10
34235751873098,09:30:35.751,200.2600,10
34235752417288,09:30:35.752,200.2700,100
34235752439664,09:30:35.752,200.2800,10
34235752564949,09:30:35.752,200.2900,10
34235752654801,09:30:35.752,200.2400,10
34235752888160,09:30:35.752,200.2600,90
34235753108425,09:30:35.753,200.2300,110
34235753810207,09:30:35.753,200.2800,100
34236784148103,09:30:36.784,200.2200,100
34236935162806,09:30:36.935,200.2200,20
34236935162806,09:30:36.935,200.2100,60
34242116529959,09:30:42.116,200.2100,26
34242116529959,09:30:42.116,200.2000,46
34242116689237,09:30:42.116,200.2000,54
34242116689237,09:30:42.116,200.2000,100
34242116689237,09:30:42.116,200.2000,1
34247595688903,09:30:47.595,200.1300,25
34247595688903,09:30:47.595,200.1300,100
34247595688903,09:30:47.595,200.1300,75
34249493184874,09:30:49.493,200.1200,100
34255218552518,09:30:55.218,200.1300,1
34255541397110,09:30:55.541,200.1200,1
34265200098905,09:31:05.200,200.0600,1
34265878157343,09:31:05.878,200.0600,100
34268496813894,09:31:08.496,200.0500,100
34268497073377,09:31:08.497,200.0400,47
34268497076894,09:31:08.497,200.0400,53
34271588707683,09:31:11.588,200.0500,100
34271588709224,09:31:11.588,200.0500,100
34272229718663,09:31:12.229,200.0500,100
34272229819536,09:31:12.229,200.0500,100
34272230242859,09:31:12.230,200.0400,100
34272235843052,09:31:12.235,200.0400,100
34272235843052,09:31:12.235,200.0400,200
34272235911955,09:31:12.235,200.0000,4
34272256087497,09:31:12.256,199.9800,100
34272256087497,09:31:12.256,199.9700,300
34272256114355,09:31:12.256,199.9700,100
34272502288175,09:31:12.502,199.9800,1
34272506178034,09:31:12.506,199.9100,100
34275525024989,09:31:15.525,199.9200,100
34276811274198,09:31:16.811,200.0300,45
34276811324143,09:31:16.811,200.0300,100
34276811787547,09:31:16.811,200.0400,100
34276811787547,09:31:16.811,200.0400,100
34276812229762,09:31:16.812,200.0300,155
34277802613209,09:31:17.802,200.0900,100
34277802613209,09:31:17.802,200.0900,100
34278208614847,09:31:18.208,200.1000,100
34278224647142,09:31:18.224,200.1200,100
34278225520746,09:31:18.225,200.1200,100
34278226831268,09:31:18.226,200.1200,100
34304538793259,09:31:44.538,200.1100,100
34319999790947,09:31:59.999,200.1200,100
34320000892173,09:32:00.000,200.1200,6
34320000990612,09:32:00.000,200.1200,94
34320000990612,09:32:00.000,200.1400,6
34320001062988,09:32:00.001,200.1400,94
34320001187984,09:32:00.001,200.1500,100
34320001411091,09:32:00.001,200.1500,100
34325025247104,09:32:05.025,200.2000,50
34326478604003,09:32:06.478,200.2000,30
34326478608174,09:32:06.478,200.2000,20
34326478644554,09:32:06.478,200.2300,10
34326478644554,09:32:06.478,200.2400,90
34326478732362,09:32:06.478,200.2400,10
34326478848971,09:32:06.478,200.2400,100
34326479670227,09:32:06.479,200.2400,100
34332219284864,09:32:12.219,200.3700,100
34350300152783,09:32:30.300,200.5600,100
34352176741680,09:32:32.176,200.6100,100
34352178090704,09:32:32.178,200.6100,100
34361163427448,09:32:41.163,200.6700,100
34361163427448,09:32:41.163,200.6900,100
34361163427448,09:32:41.163,200.7000,72
34361163463251,09:32:41.163,200.7000,28
34363857058315,09:32:43.857,200.7900,100
34363857696033,09:32:43.857,200.7900,4
34369009968828,09:32:49.009,200.8800,100
34369010129962,09:32:49.010,200.9000,100
34370160254217,09:32:50.160,200.9000,5
34370381074548,09:32:50.381,200.9100,5
34370381074548,09:32:50.381,200.9000,95
34370381074548,09:32:50.381,200.9000,100
34370381074548,09:32:50.381,200.9000,195
34370381105999,09:32:50.381,200.9000,5
34370381188481,09:32:50.381,200.9000,100
34370381686204,09:32:50.381,200.8900,70
34370381800163,09:32:50.381,200.8900,30
34370381800163,09:32:50.381,200.9000,70
34370381824767,09:32:50.381,200.9000,30
34370381930092,09:32:50.381,200.9000,10
34370382569668,09:32:50.382,200.9100,100
34375426077028,09:32:55.426,200.9100,100
34375426423609,09:32:55.426,200.9300,100
34380572078992,09:33:00.572,200.9900,100
34380572498469,09:33:00.572,201.0000,1
34380573344987,09:33:00.573,201.0800,100
34380573347957,09:33:00.573,201.0100,100
34380576100288,09:33:00.576,201.0100,100
34385101919231,09:33:05.101,201.0300,100
34385101968652,09:33:05.101,201.0400,100
34385101972325,09:33:05.101,201.0400,100
34385103745695,09:33:05.103,201.0400,100
34385523020952,09:33:05.523,201.0900,100
34385523020952,09:33:05.523,201.0900,67
34385524564234,09:33:05.524,201.1000,5
34393192397799,09:33:13.192,201.0100,70
34393192784898,09:33:13.192,201.0100,30
34393192784898,09:33:13.192,201.0000,70
34393192802979,09:33:13.192,201.0000,30
34393192802979,09:33:13.192,201.0000,60
34393192822382,09:33:13.192,201.0000,40
34393192822382,09:33:13.192,201.0000,10
34393193057291,09:33:13.193,200.9900,100
34393193069502,09:33:13.193,200.9900,89
34393193127122,09:33:13.193,201.0000,100
34393193237940,09:33:13.193,201.0000,100
34393193724246,09:33:13.193,200.9900,100
34393193857598,09:33:13.193,200.9900,11
34393195720041,09:33:13.195,200.9100,100
34393195766255,09:33:13.195,200.9000,100
34393195793739,09:33:13.195,200.9100,100
34393197561321,09:33:13.197,200.8900,7
34393197561321,09:33:13.197,200.8700,93
34393197627210,09:33:13.197,200.8700,7
34393198798632,09:33:13.198,200.8700,100
34395883052648,09:33:15.883,200.8900,100
34396288902612,09:33:16.288,200.8700,100
34396289848604,09:33:16.289,200.8700,100
34421011059225,09:33:41.011,200.8600,3
34421011727500,09:33:41.011,200.8500,100
34421025834372,09:33:41.025,200.8600,2
34421026132741,09:33:41.026,200.8500,100
34426860701887,09:33:46.860,200.7300,6
34426860701887,09:33:46.860,200.7000,94
34426860726916,09:33:46.860,200.7000,6
34426860829095,09:33:46.860,200.7000,94
34434685981814,09:33:54.685,200.6600,100
34443822381770,09:34:03.822,200.6400,50
34443822407460,09:34:03.822,200.6400,50
34443822407460,09:34:03.822,200.6400,100
34443822407460,09:34:03.822,200.6400,1
34443822407460,09:34:03.822,200.6400,100
34443824413839,09:34:03.824,200.6200,80
34443824460583,09:34:03.824,200.6200,20
34445032601909,09:34:05.032,200.6800,100
34445033259850,09:34:05.033,200.7100,182
34445033259850,09:34:05.033,200.7200,100
34445033259850,09:34:05.033,200.7200,18
34445033350359,09:34:05.033,200.7200,1
34445033495304,09:34:05.033,200.7200,81
34445033495304,09:34:05.033,200.7200,19
34445033701883,09:34:05.033,200.7200,81
34482953801243,09:34:42.953,200.6100,9
34482953801243,09:34:42.953,200.5900,2
34482953801243,09:34:42.953,200.5900,100
34482953801243,09:34:42.953,200.5900,91
34482953835880,09:34:42.953,200.5900,9
34482953835880,09:34:42.953,200.5900,91
34482953846539,09:34:42.953,200.5900,109
34482953900484,09:34:42.953,200.6300,100
34482953904623,09:34:42.953,200.6500,10
34482953904623,09:34:42.953,200.6700,90
34482960144088,09:34:42.960,200.6400,100
34496004118534,09:34:56.004,200.6200,3
34496004169630,09:34:56.004,200.6100,100
34496004850403,09:34:56.004,200.6100,90
34496004850403,09:34:56.004,200.6000,2
34496004850403,09:34:56.004,200.6000,100
34496004850403,09:34:56.004,200.6000,10
34496004908591,09:34:56.004,200.6000,90
34496004909109,09:34:56.004,200.6000,100
34496005179306,09:34:56.005,200.5900,100
34496005196719,09:34:56.005,200.6000,100
34496005253966,09:34:56.005,200.5900,100
34496005582221,09:34:56.005,200.5900,15
34496021506059,09:34:56.021,200.5900,15
34500024276440,09:35:00.024,200.5900,100
34500024276440,09:35:00.024,200.5900,2
34500024276440,09:35:00.024,200.5900,100
34500024276440,09:35:00.024,200.5900,100
34500024312067,09:35:00.024,200.5900,100
34500024312067,09:35:00.024,200.5900,100
34500025247910,09:35:00.025,200.5800,100
34500027461058,09:35:00.027,200.5500,100
34500284464825,09:35:00.284,200.4500,24
34500931327393,09:35:00.931,200.5200,100
34500931327393,09:35:00.931,200.5400,34
34500931342428,09:35:00.931,200.5600,100
34500931342428,09:35:00.931,200.5600,81
34500931620204,09:35:00.931,200.5600,100
34501005720493,09:35:01.005,200.6100,100
34501870474744,09:35:01.870,200.6100,100
34501871083774,09:35:01.871,200.6500,100
34504219665332,09:35:04.219,200.6700,8
34526500202554,09:35:26.500,200.6000,1
34526500353078,09:35:26.500,200.6000,100
34526500674159,09:35:26.500,200.5900,4
34526501588534,09:35:26.501,200.5600,5
34526501660555,09:35:26.501,200.5600,5
34526501685712,09:35:26.501,200.5600,90
34526502659185,09:35:26.502,200.5500,100
34526502903581,09:35:26.502,200.5600,31
34526502904211,09:35:26.502,200.5600,69
34526502904211,09:35:26.502,200.5700,12
34526526786044,09:35:26.526,200.5700,100
34532048839304,09:35:32.048,200.6200,100
34532048885963,09:35:32.048,200.6100,100
34536051548136,09:35:36.051,200.5900,1
34558208779153,09:35:58.208,200.5500,2
34558209071455,09:35:58.209,200.5400,2
34558211966352,09:35:58.211,200.5200,100
34561363813969,09:36:01.363,200.5900,88
34561363830619,09:36:01.363,200.5900,12
34561363830619,09:36:01.363,200.5900,100
34561363839099,09:36:01.363,200.5900,10
34561363839099,09:36:01.363,200.5900,95
34561514841057,09:36:01.514,200.6800,8
34561514878739,09:36:01.514,200.6800,100
34561515667972,09:36:01.515,200.7000,16
34604946684083,09:36:44.946,200.6000,2
34604946684083,09:36:44.946,200.6000,3
34604946684083,09:36:44.946,200.6000,95
34604946715703,09:36:44.946,200.6000,5
34605170672933,09:36:45.170,200.6500,100
34616533413629,09:36:56.533,200.7100,100
34616533548003,09:36:56.533,200.7200,100
34616533684252,09:36:56.533,200.7200,11
34616533732900,09:36:56.533,200.7200,89
34616533737242,09:36:56.533,200.7200,100
34616533833726,09:36:56.533,200.7200,100
34616533914510,09:36:56.533,200.7200,100
34616533916413,09:36:56.533,200.7200,100
34616533916991,09:36:56.533,200.7200,89
34616534031923,09:36:56.534,200.7200,11
34621278051480,09:37:01.278,200.7200,90
34621278076511,09:37:01.278,200.7200,10
34621295216176,09:37:01.295,200.7100,100
34621295273267,09:37:01.295,200.7100,100
34637118329091,09:37:17.118,200.9000,100
34637118329091,09:37:17.118,200.8500,70
34637118343890,09:37:17.118,200.8500,30
34637118354186,09:37:17.118,200.8500,30
34637118368475,09:37:17.118,200.8500,30
34637118387949,09:37:17.118,200.8500,30
34637118397315,09:37:17.118,200.8500,10
34637118519618,09:37:17.118,200.8500,60
34637118652434,09:37:17.118,200.8500,100
34637147063265,09:37:17.147,200.8600,100
34639683408958,09:37:19.683,200.8500,2
34639683983864,09:37:19.683,200.8400,100
34645016935388,09:37:25.016,200.7800,100
34645017176499,09:37:25.017,200.7600,100
34645017198169,09:37:25.017,200.7600,100
34648998529689,09:37:28.998,200.7400,4
34648998529689,09:37:28.998,200.7300,96
34648998571784,09:37:28.998,200.7300,4
34648998571784,09:37:28.998,200.7300,96
34648998626106,09:37:28.998,200.7300,4
34648998626106,09:37:28.998,200.7300,96
34648998751636,09:37:28.998,200.7300,100
34648998968581,09:37:28.998,200.7300,5
34648999015096,09:37:28.999,200.7300,5
34649544609091,09:37:29.544,200.7400,100
34650737950769,09:37:30.737,200.7100,100
34661020200272,09:37:41.020,200.6400,13
34661020200272,09:37:41.020,200.6400,1
34661020200272,09:37:41.020,200.6400,100
34661020737634,09:37:41.020,200.6400,100
34661022810173,09:37:41.022,200.6000,30
34662031434734,09:37:42.031,200.5600,13
34663402819177,09:37:43.402,200.6300,100
34663402819177,09:37:43.402,200.6300,99
34663402831254,09:37:43.402,200.6300,1
34663403767297,09:37:43.403,200.6300,100
34663585664420,09:37:43.585,200.6800,100
34665528280839,09:37:45.528,200.6300,200
34666978768925,09:37:46.978,200.6300,1
34666979234074,09:37:46.979,200.6300,100
34678461238905,09:37:58.461,200.7000,72
34678461245135,09:37:58.461,200.7000,28
34678461250436,09:37:58.461,200.7100,28
34678461257235,09:37:58.461,200.7100,72
34678461444153,09:37:58.461,200.7100,100
34678461612929,09:37:58.461,200.7300,100
34679310283341,09:37:59.310,200.7600,100
34679310308173,09:37:59.310,200.7600,400
34687489673748,09:38:07.489,200.8100,100
34701651693873,09:38:21.651,200.8000,100
34701651693873,09:38:21.651,200.7700,2
34709184773838,09:38:29.184,200.7300,2
34709184803499,09:38:29.184,200.7300,100
34709184844147,09:38:29.184,200.7100,12
34709184851001,09:38:29.184,200.7100,88
34709184851001,09:38:29.184,200.7100,12
34709184949432,09:38:29.184,200.7100,88
34709185044010,09:38:29.185,200.7100,100
34709185568205,09:38:29.185,200.7000,100
34731272086451,09:38:51.272,200.7800,100
34731272372449,09:38:51.272,200.7800,100
34740789213044,09:39:00.789,200.8500,34
34740789239192,09:39:00.789,200.8500,66
34778049990038,09:39:38.049,200.9100,100
34801851585704,09:40:01.851,200.9500,100
34826637871853,09:40:26.637,200.8900,8
34826637871853,09:40:26.637,200.8900,100
34826637871853,09:40:26.637,200.8900,100
34826638274235,09:40:26.638,200.8900,100
34826638758200,09:40:26.638,200.8800,100
34826638788219,09:40:26.638,200.8800,100
34826642556371,09:40:26.642,200.8600,94
34826642599535,09:40:26.642,200.8600,6
34826657408018,09:40:26.657,200.8300,100
34826658103476,09:40:26.658,200.8500,100
34826658109442,09:40:26.658,200.8500,100
34826947258299,09:40:26.947,200.8800,100
34838544079443,09:40:38.544,200.8000,1
34838544113632,09:40:38.544,200.7900,100
34838544113632,09:40:38.544,200.7900,100
34838544152011,09:40:38.544,200.7800,100
34838544152011,09:40:38.544,200.7800,100
34838546667545,09:40:38.546,200.7600,100
34855103397546,09:40:55.103,200.7400,1
34855103955166,09:40:55.103,200.7400,4
34855104036029,09:40:55.104,200.7300,100
34855104039985,09:40:55.104,200.7300,100
34855104732327,09:40:55.104,200.7300,100
34855108210314,09:40:55.108,200.7300,10
34855126137021,09:40:55.126,200.7500,2
34855126152095,09:40:55.126,200.7500,98
34855126963227,09:40:55.126,200.7500,100
34892214716149,09:41:32.214,200.6100,100
34892214716149,09:41:32.214,200.6000,1
34892215840897,09:41:32.215,200.6000,100
34892215840897,09:41:32.215,200.5900,1
34892215867428,09:41:32.215,200.5900,99
34892215867428,09:41:32.215,200.5900,1
34892244838664,09:41:32.244,200.5400,94
34893472402368,09:41:33.472,200.5500,100
34893472402368,09:41:33.472,200.5400,6
34893472402368,09:41:33.472,200.5400,1
34893472529386,09:41:33.472,200.5400,99
34893472529386,09:41:33.472,200.5400,1
34904465249275,09:41:44.465,200.4800,1
34904465249275,09:41:44.465,200.4800,4
34904465270371,09:41:44.465,200.4800,15
34904465273775,09:41:44.465,200.4800,81
34904465273775,09:41:44.465,200.4700,4
34904641480917,09:41:44.641,200.4700,25
34907122005167,09:41:47.122,200.5800,100
34907597942963,09:41:47.597,200.5600,1
34915005119918,09:41:55.005,200.5500,100
34950498909348,09:42:30.498,200.5800,38
34950498984093,09:42:30.498,200.5800,62
34950499364991,09:42:30.499,200.5900,100
34950499435336,09:42:30.499,200.5800,100
34950784164284,09:42:30.784,200.6600,100
34952765304566,09:42:32.765,200.6900,100
34952765426903,09:42:32.765,200.6900,100
34952765453935,09:42:32.765,200.7000,10
34952765498205,09:42:32.765,200.7000,100
34964129125116,09:42:44.129,200.7600,8
34964129312636,09:42:44.129,200.7600,100
34964129333679,09:42:44.129,200.7600,38
34987422414634,09:43:07.422,200.8400,28
34987422431823,09:43:07.422,200.8400,72
34987422431823,09:43:07.422,200.8400,3
34987422431823,09:43:07.422,200.8400,1
34989090531521,09:43:09.090,200.8700,100
34989090808138,09:43:09.090,200.8800,100
34995740719716,09:43:15.740,200.9300,10
34998945083800,09:43:18.945,200.9300,90
35006068694265,09:43:26.068,200.8500,4
35006068694265,09:43:26.068,200.8500,100
35006068997416,09:43:26.068,200.8500,4
35006069503835,09:43:26.069,200.8400,100
35006088045491,09:43:26.088,200.8300,100
35006088076868,09:43:26.088,200.8300,100
35006088110117,09:43:26.088,200.8200,10
35008608992786,09:43:28.608,200.8000,100
35008608992786,09:43:28.608,200.8000,1
35008609074613,09:43:28.609,200.8000,100
35008609087773,09:43:28.609,200.8000,100
35015759568236,09:43:35.759,200.8000,17
35015759587359,09:43:35.759,200.8000,83
35015786734369,09:43:35.786,200.8000,100
35019422676736,09:43:39.422,200.7600,100
35019422676736,09:43:39.422,200.7400,100
35019422912198,09:43:39.422,200.7400,100
35019423128491,09:43:39.423,200.7400,100
35044089324266,09:44:04.089,200.6400,1
35044089324954,09:44:04.089,200.6400,1
35044089342756,09:44:04.089,200.6400,5
35044089368188,09:44:04.089,200.6300,1
35047802338743,09:44:07.802,200.5600,100
35047802338743,09:44:07.802,200.5600,1
35047802338743,09:44:07.802,200.5600,100
35047808143690,09:44:07.808,200.5000,10
35047828127361,09:44:07.828,200.5600,100
35048510412356,09:44:08.510,200.5000,90
35049009920277,09:44:09.009,200.4900,11
35049827969706,09:44:09.827,200.4800,11
35053213272703,09:44:13.213,200.6000,100
35053213844857,09:44:13.213,200.6000,77
35053213964621,09:44:13.213,200.6600,100
35053214049980,09:44:13.214,200.6100,23
35053229820767,09:44:13.229,200.6100,100
35061361298128,09:44:21.361,200.6100,100
35061361680842,09:44:21.361,200.6200,100
35076236721317,09:44:36.236,200.6000,11
35082411242270,09:44:42.411,200.5700,1
35082411270848,09:44:42.411,200.6100,100
35082411312677,09:44:42.411,200.5700,1
35082425482221,09:44:42.425,200.5700,100
35082605071296,09:44:42.605,200.5500,100
35082944744439,09:44:42.944,200.5700,100
35082944744439,09:44:42.944,200.5700,100
35096944315207,09:44:56.944,200.7000,100
35097907718412,09:44:57.907,200.7800,4
35099945576563,09:44:59.945,200.8100,96
35105908479361,09:45:05.908,200.8800,100
35105908526770,09:45:05.908,200.9100,100
35105908545014,09:45:05.908,200.9200,77
35105908790826,09:45:05.908,200.9200,23
35105909762150,09:45:05.909,200.9300,9
35105909786557,09:45:05.909,200.9300,91
35105909825641,09:45:05.909,200.9300,100
35105910189615,09:45:05.910,200.9500,100
35105911422753,09:45:05.911,200.9500,30
35105911422753,09:45:05.911,200.9500,100
35105911422753,09:45:05.911,200.9500,100
35116803421329,09:45:16.803,200.8400,100
35116803421329,09:45:16.803,200.8400,2
35116803421329,09:45:16.803,200.8400,98
35116803452809,09:45:16.803,200.8400,2
35116803864205,09:45:16.803,200.8400,5
35116803925243,09:45:16.803,200.8400,52
35116803925891,09:45:16.803,200.8400,100
35121945652069,09:45:21.945,200.9200,100
35121945936808,09:45:21.945,200.9200,100
35122446862657,09:45:22.446,200.9600,7
35122447149011,09:45:22.447,200.9600,100
35122447439682,09:45:22.447,200.9600,40
35124950250686,09:45:24.950,201.0000,25
35124950250686,09:45:24.950,201.0000,200
35124950798597,09:45:24.950,201.0200,16
35124950822737,09:45:24.950,201.0200,84
35124952076481,09:45:24.952,201.0000,74
35124952125387,09:45:24.952,201.0000,26
35125049551873,09:45:25.049,200.9500,100
35125950884841,09:45:25.950,200.9300,100
35125950915749,09:45:25.950,200.9200,1
35128384837913,09:45:28.384,200.8300,100
35128384837913,09:45:28.384,200.8300,100
35128384930416,09:45:28.384,200.8300,100
35128384937262,09:45:28.384,200.8500,100
35128408654655,09:45:28.408,200.8500,30
35133944112580,09:45:33.944,200.9300,4
35134638539895,09:45:34.638,200.9300,100
35135160535612,09:45:35.160,200.9000,100
35137944134114,09:45:37.944,200.9300,46
35137944134114,09:45:37.944,200.9300,54
35139192046923,09:45:39.192,200.9400,77
35139192280222,09:45:39.192,200.9400,23
35139192360351,09:45:39.192,200.9400,100
35139192648080,09:45:39.192,200.9600,15
35139197909227,09:45:39.197,200.9400,15
35139198106255,09:45:39.198,200.9400,15
35139198314697,09:45:39.198,200.9400,15
35148954398194,09:45:48.954,200.9600,32
35148954398755,09:45:48.954,200.9600,53
35167787591451,09:46:07.787,200.9000,2
35167944076036,09:46:07.944,200.9200,100
35171529231448,09:46:11.529,200.9800,40
35204068238463,09:46:44.068,200.9000,100
35204068238463,09:46:44.068,200.8900,2
35204068254074,09:46:44.068,200.8900,98
35204068254074,09:46:44.068,200.8900,2
35204068254074,09:46:44.068,200.8900,2
35204068256701,09:46:44.068,200.8900,98
35204068277642,09:46:44.068,200.8800,100
35204068310307,09:46:44.068,200.8700,18
35204068839817,09:46:44.068,200.8700,82
35204069529285,09:46:44.069,200.8700,10
35204071063608,09:46:44.071,200.8600,100
35204071090196,09:46:44.071,200.8600,2
35204084415069,09:46:44.084,200.8300,100
35204154858790,09:46:44.154,200.8600,82
35204211403699,09:46:44.211,200.8800,100
35204211886630,09:46:44.211,200.8800,100
35204212262914,09:46:44.212,200.8800,100
35210141153874,09:46:50.141,200.9100,100
35210141546435,09:46:50.141,200.9100,49
35210141546435,09:46:50.141,200.9000,51
35210141571934,09:46:50.141,200.9000,49
35210141893734,09:46:50.141,200.9000,100
35210142385691,09:46:50.142,200.8900,13
35210142385691,09:46:50.142,200.8800,100
35210142385691,09:46:50.142,200.8800,8
35214150403807,09:46:54.150,200.8800,2
35215141958435,09:46:55.141,200.9600,88
35215141962186,09:46:55.141,200.9600,12
35215141962186,09:46:55.141,200.9600,11
35215141962186,09:46:55.141,200.9600,88
35215141969276,09:46:55.141,200.9600,12
35215142759769,09:46:55.142,200.9900,81
35215143105295,09:46:55.143,201.0000,100
35215143105295,09:46:55.143,201.0000,350
35264256831058,09:47:44.256,201.0200,4
35286218569303,09:48:06.218,201.0200,5
35286218569303,09:48:06.218,201.0200,95
35286219337375,09:48:06.219,201.0100,100
35286225175230,09:48:06.225,201.0000,100
35286225175230,09:48:06.225,201.0000,8
35286884365042,09:48:06.884,200.9700,39
35286895457788,09:48:06.895,200.9600,183
35287006023765,09:48:07.006,200.9400,200
35287886682436,09:48:07.886,200.9000,5
35287886800204,09:48:07.886,200.9000,5
35287886800204,09:48:07.886,200.8900,5
35287887123304,09:48:07.887,200.8900,5
35287887172092,09:48:07.887,200.8900,5
35287887244765,09:48:07.887,200.8900,5
35287887673169,09:48:07.887,200.8900,5
35287887784628,09:48:07.887,200.8900,5
35287890210838,09:48:07.890,200.8900,70
35291612919716,09:48:11.612,200.8300,20
35291613037671,09:48:11.613,200.8300,39
35291613779075,09:48:11.613,200.8300,41
35294418023934,09:48:14.418,200.8400,100
35302778050079,09:48:22.778,200.8700,100
35306238998136,09:48:26.238,200.8600,100
35306912663119,09:48:26.912,200.8400,11
35306944809837,09:48:26.944,200.9100,100
35308856845422,09:48:28.856,200.9100,100
35318906270030,09:48:38.906,200.8400,100
35318906270030,09:48:38.906,200.8400,2
35318906383006,09:48:38.906,200.8300,100
35318906412165,09:48:38.906,200.8300,100
35330639062390,09:48:50.639,200.7400,1
35330639062390,09:48:50.639,200.7400,4
35330639147388,09:48:50.639,200.7400,96
35330639147388,09:48:50.639,200.7400,48
35330639299063,09:48:50.639,200.7400,56
35330639555023,09:48:50.639,200.7400,96
35330642018761,09:48:50.642,200.7300,100
35330644015627,09:48:50.644,200.7400,100
35330666992071,09:48:50.666,200.7300,100
35350133791662,09:49:10.133,200.7400,100
35350134017462,09:49:10.134,200.7500,83
35350134091171,09:49:10.134,200.7500,17
35362746123124,09:49:22.746,200.8000,100
35365147398865,09:49:25.147,200.7700,100
35365148947922,09:49:25.148,200.7500,1
35370730473680,09:49:30.730,200.7400,100
35370730477522,09:49:30.730,200.7400,100
35385105746183,09:49:45.105,200.6800,2
35385105774101,09:49:45.105,200.6800,2
35396085323431,09:49:56.085,200.7000,100
35396085394051,09:49:56.085,200.7000,2
35407937822096,09:50:07.937,200.8000,100
35407939166818,09:50:07.939,200.8100,100
35407939921373,09:50:07.939,200.8100,10
35409887525314,09:50:09.887,200.8100,10
35409887525314,09:50:09.887,200.8100,10
35413717766424,09:50:13.717,200.8700,100
35449915675175,09:50:49.915,200.9500,3
35449915675175,09:50:49.915,200.9500,100
35449915675175,09:50:49.915,200.9500,100
35449915909790,09:50:49.915,200.9500,10
35453961733124,09:50:53.961,200.9500,100
35458441869086,09:50:58.441,200.8700,1
35458442668718,09:50:58.442,200.8700,100
35460718336121,09:51:00.718,200.8000,100
35485269410502,09:51:25.269,200.7900,8
35485270020906,09:51:25.270,200.7600,1
35485270060612,09:51:25.270,200.7600,1
35485899606704,09:51:25.899,200.7600,40
35485899739478,09:51:25.899,200.7600,60
35485899739478,09:51:25.899,200.7600,100
35493958007063,09:51:33.958,200.7950,100
35504454350416,09:51:44.454,200.8100,1
35504454350416,09:51:44.454,200.8100,100
35519637544504,09:51:59.637,200.7600,50
35530855169472,09:52:10.855,200.7600,2
35530855169472,09:52:10.855,200.7600,23
35531470085772,09:52:11.470,200.7600,100
35553605858114,09:52:33.605,200.7700,200
35553605858114,09:52:33.605,200.7700,100
35553605858114,09:52:33.605,200.7800,200
35553605858114,09:52:33.605,200.7800,100
35553606209658,09:52:33.606,200.7900,100
35553606209658,09:52:33.606,200.7900,77
35553606472848,09:52:33.606,200.7900,100
35554093910827,09:52:34.093,200.7800,38
35555420824410,09:52:35.420,200.7500,7
35561347174513,09:52:41.347,200.7300,1
35561347336363,09:52:41.347,200.7200,100
35561401998329,09:52:41.401,200.7300,28
35563033517098,09:52:43.033,200.7300,72
35570392984719,09:52:50.392,200.7500,100
35571976287557,09:52:51.976,200.8100,100
35588244194798,09:53:08.244,200.7600,2
35588244198899,09:53:08.244,200.7600,100
35588244311039,09:53:08.244,200.7600,2
35588244347437,09:53:08.244,200.7600,2
35588244377668,09:53:08.244,200.7600,100
35588244800999,09:53:08.244,200.7600,5
35588244977037,09:53:08.244,200.7600,100
35588245412893,09:53:08.245,200.7500,100
35589658269748,09:53:09.658,200.7500,100
35595082205424,09:53:15.082,200.7400,1
35602940200192,09:53:22.940,200.7400,100
35602968616658,09:53:22.968,200.7200,7
35602969425069,09:53:22.969,200.7000,100
35604126241596,09:53:24.126,200.7200,15
35604126749101,09:53:24.126,200.7200,85
35604126749101,09:53:24.126,200.7200,15
35604126775344,09:53:24.126,200.7200,85
35607974319660,09:53:27.974,200.7600,100
35608620503553,09:53:28.620,200.7600,10
35608620643463,09:53:28.620,200.7600,90
35608620643463,09:53:28.620,200.8100,10
35608621275420,09:53:28.621,200.8100,4
35620219066700,09:53:40.219,200.8100,100
35620219289437,09:53:40.219,200.7700,1
35620219310768,09:53:40.219,200.7600,100
35623946053541,09:53:43.946,200.7300,100
35623946606921,09:53:43.946,200.7300,1
35623946630686,09:53:43.946,200.7300,99
35632685281268,09:53:52.685,200.7900,100
35633574223291,09:53:53.574,200.7900,100
35633574516424,09:53:53.574,200.7900,100
35633574579754,09:53:53.574,200.7800,100
35640296921476,09:54:00.296,200.7700,1
35642686140522,09:54:02.686,200.8700,100
35643200794864,09:54:03.200,200.9000,30
35647061348944,09:54:07.061,200.8500,1
35666432253763,09:54:26.432,200.8400,1
35666432253763,09:54:26.432,200.8400,20
35666432512971,09:54:26.432,200.8400,80
35666432512971,09:54:26.432,200.8400,61
35666432572997,09:54:26.432,200.8400,39
35666432572997,09:54:26.432,200.8400,100
35666432594947,09:54:26.432,200.8400,100
35666432703796,09:54:26.432,200.8400,56
35666454994146,09:54:26.454,200.8200,1
35666464000450,09:54:26.464,200.8200,7
35666927526847,09:54:26.927,200.8200,1
35668861559186,09:54:28.861,200.8200,1
35670150472652,09:54:30.150,200.7800,100
35670583538450,09:54:30.583,200.8200,1
35670583566782,09:54:30.583,200.8200,89
35670583566782,09:54:30.583,200.8200,100
35679353448985,09:54:39.353,200.9200,100
35687576230803,09:54:47.576,200.9300,100
35688137455570,09:54:48.137,200.9100,2
35690566152658,09:54:50.566,200.9000,1
35695280479682,09:54:55.280,200.8400,100
35695280935659,09:54:55.280,200.8400,10
35723590736182,09:55:23.590,200.9000,100
35723590747011,09:55:23.590,200.9000,100
35732894738974,09:55:32.894,200.8900,100
35732894738974,09:55:32.894,200.8900,3
35732894738974,09:55:32.894,200.8900,100
35732895208194,09:55:32.895,200.8800,8
35754135873123,09:55:54.135,200.8200,1
35754136025862,09:55:54.136,200.8100,20
35754136049381,09:55:54.136,200.8100,74
35754137394536,09:55:54.137,200.8100,6
35754145273529,09:55:54.145,200.8200,50
35755740346476,09:55:55.740,200.7600,100
35755748035001,09:55:55.748,200.7600,1
35755748266524,09:55:55.748,200.7600,99
35767503714103,09:56:07.503,200.7100,100
35768300673125,09:56:08.300,200.7400,100
35768300704460,09:56:08.300,200.7700,35
35768300766426,09:56:08.300,200.7700,65
35768300821701,09:56:08.300,200.7900,15
35768300946751,09:56:08.300,200.7900,65
35768301283666,09:56:08.301,200.7900,20
35769938949008,09:56:09.938,200.7500,1
35772947272897,09:56:12.947,200.7500,99
35772947272897,09:56:12.947,200.7300,1
35772947616461,09:56:12.947,200.7300,100
35793158015276,09:56:33.158,200.7100,100
35793910682101,09:56:33.910,200.6800,1
35793910682101,09:56:33.910,200.6800,31
35793996590871,09:56:33.996,200.6800,44
35798156977110,09:56:38.156,200.6500,36
35798778915873,09:56:38.778,200.6500,64
35798778915873,09:56:38.778,200.6500,36
35798778947064,09:56:38.778,200.6500,62
35799244553989,09:56:39.244,200.6300,7
35826235642166,09:57:06.235,200.6300,100
35826235642166,09:57:06.235,200.6700,100
35826236598001,09:57:06.236,200.6700,100
35827179574979,09:57:07.179,200.6500,100
35827180429237,09:57:07.180,200.6500,100
35833006007361,09:57:13.006,200.6100,100
35833006007361,09:57:13.006,200.6100,2
35833006785560,09:57:13.006,200.6000,100
35833010761108,09:57:13.010,200.6000,100
35854341498143,09:57:34.341,200.5800,15
35854344671166,09:57:34.344,200.5800,85
35854344748711,09:57:34.344,200.5700,100
35854346037261,09:57:34.346,200.5600,100
35854346037261,09:57:34.346,200.5600,1
35854346037261,09:57:34.346,200.5600,100
35854346393204,09:57:34.346,200.5700,68
35855082041087,09:57:35.082,200.5100,25
35855086159483,09:57:35.086,200.5000,1
35855647483909,09:57:35.647,200.5000,99
35855647483909,09:57:35.647,200.5000,1
35855647544791,09:57:35.647,200.5000,85
35856111499858,09:57:36.111,200.5000,14
35856111499858,09:57:36.111,200.4800,100
35862956656226,09:57:42.956,200.4600,1
35862956656226,09:57:42.956,200.4500,25
35862956656226,09:57:42.956,200.4500,24
35871230308284,09:57:51.230,200.4500,1
35871235383579,09:57:51.235,200.4300,7
35871235383579,09:57:51.235,200.4300,93
35871235845204,09:57:51.235,200.4200,25
35871550328077,09:57:51.550,200.4200,100
35871550790018,09:57:51.550,200.4200,90
35879802582479,09:57:59.802,200.4400,15
35879802603813,09:57:59.802,200.4700,100
35889344069220,09:58:09.344,200.4500,300
35889344138099,09:58:09.344,200.4400,10
35890346263777,09:58:10.346,200.4500,30
35890346580947,09:58:10.346,200.4400,10
35890346888598,09:58:10.346,200.4300,1
35890347943511,09:58:10.347,200.4500,10
35890347943511,09:58:10.347,200.4500,10
35969800116900,09:59:29.800,200.4900,100
35969800466198,09:59:29.800,200.4800,3
35969800466198,09:59:29.800,200.4800,100
35969800466198,09:59:29.800,200.4800,100
35969800466198,09:59:29.800,200.4800,100
35969800857993,09:59:29.800,200.4800,100
35969801230922,09:59:29.801,200.4800,100
35969801379241,09:59:29.801,200.4700,100
35969801398349,09:59:29.801,200.4700,100
35969802563079,09:59:29.802,200.4500,100
35969803277772,09:59:29.803,200.4400,100
35980097367812,09:59:40.097,200.3800,100
35980099401517,09:59:40.099,200.3700,1
35980099880284,09:59:40.099,200.3700,1
35984733091657,09:59:44.733,200.4400,77
35984733091657,09:59:44.733,200.4500,23
35984735029574,09:59:44.735,200.4700,100
35984735029574,09:59:44.735,200.4700,100
35988712769521,09:59:48.712,200.3600,100
35995118488448,09:59:55.118,200.4400,100
35995361451726,09:59:55.361,200.4000,50
35995370333236,09:59:55.370,200.4000,1
35995370445024,09:59:55.370,200.3900,25
35995370814072,09:59:55.370,200.3800,100
35995370988917,09:59:55.370,200.3800,100
35995371062128,09:59:55.371,200.3900,10
35995371144978,09:59:55.371,200.3800,10
35998034937164,09:59:58.034,200.3800,100
35999151750287,09:59:59.151,200.4500,100
35999176412296,09:59:59.176,200.4900,100
36009033912062,10:00:09.033,200.3400,81
36009034109505,10:00:09.034,200.3400,62
36009034193855,10:00:09.034,200.3400,38
36009051710215,10:00:09.051,200.3100,43
36009071003012,10:00:09.071,200.3100,100
36009071397231,10:00:09.071,200.3100,81
36009071624886,10:00:09.071,200.3100,100
36009071816087,10:00:09.071,200.3100,100
36010849764729,10:00:10.849,200.2900,7
36010865279106,10:00:10.865,200.2700,50
36039281138362,10:00:39.281,200.3600,9
36039281138362,10:00:39.281,200.3600,100
36039281138362,10:00:39.281,200.3600,91
36039281170000,10:00:39.281,200.3600,9
36039281549012,10:00:39.281,200.3700,100
36039282472424,10:00:39.282,200.3700,8
36040140383571,10:00:40.140,200.3700,92
36040140383571,10:00:40.140,200.3700,8
36047135711541,10:00:47.135,200.3700,92
36047135711541,10:00:47.135,200.3700,2
36051282243316,10:00:51.282,200.3000,60
36071172714789,10:01:11.172,200.3800,100
36077248309877,10:01:17.248,200.4200,61
36077248309877,10:01:17.248,200.4300,39
36083359605631,10:01:23.359,200.4500,15
36083359605631,10:01:23.359,200.4500,100
36083359904163,10:01:23.359,200.4500,12
36083360114076,10:01:23.360,200.4700,100
36083360114076,10:01:23.360,200.4700,200
36083360114076,10:01:23.360,200.4700,97
36083360239809,10:01:23.360,200.4700,3
36109295346202,10:01:49.295,200.4200,100
36115321200957,10:01:55.321,200.5300,50
36115321256037,10:01:55.321,200.5300,50
36115321256037,10:01:55.321,200.5300,100
36115351349056,10:01:55.351,200.5400,100
36117274850889,10:01:57.274,200.5100,100
36117275184066,10:01:57.275,200.5000,100
36119895971070,10:01:59.895,200.4800,8
36147453626306,10:02:27.453,200.4800,5
36147453626306,10:02:27.453,200.4800,95
36147454093678,10:02:27.454,200.4800,5
36147455664400,10:02:27.455,200.4800,24
36147456102599,10:02:27.456,200.4800,76
36147456102599,10:02:27.456,200.4800,24
36147456305254,10:02:27.456,200.4800,100
36147469489844,10:02:27.469,200.4900,16
36147486767024,10:02:27.486,200.4800,76
36147486767024,10:02:27.486,200.4600,24
36158288716274,10:02:38.288,200.3900,100
36159091191417,10:02:39.091,200.4300,200
36163347627257,10:02:43.347,200.3600,1
36166686654958,10:02:46.686,200.2800,100
36166686654958,10:02:46.686,200.2800,100
36166686654958,10:02:46.686,200.2800,100
36166688108816,10:02:46.688,200.2600,100
36166690160631,10:02:46.690,200.2300,57
36166691096722,10:02:46.691,200.2300,43
36166699322088,10:02:46.699,200.2000,5
36166701419757,10:02:46.701,200.2000,15
36166701772934,10:02:46.701,200.2000,100
36166704007523,10:02:46.704,200.2000,10
36166704628557,10:02:46.704,200.2000,25
36166705910737,10:02:46.705,200.2200,100
36166707083032,10:02:46.707,200.2000,12
36166707547184,10:02:46.707,200.2000,5
36166709264098,10:02:46.709,200.2100,5
36166709330606,10:02:46.709,200.2100,83
36166712686102,10:02:46.712,200.2000,10
36166712863361,10:02:46.712,200.2000,68
36166838037649,10:02:46.838,200.2700,100
36166845627169,10:02:46.845,200.2900,100
36166904990672,10:02:46.904,200.2900,100
36166905031614,10:02:46.905,200.2900,11
36167098667590,10:02:47.098,200.2900,6
36173343021787,10:02:53.343,200.3000,4
36173343021787,10:02:53.343,200.2800,96
36173764395320,10:02:53.764,200.3400,100
36176888917869,10:02:56.888,200.2800,100
36177100843584,10:02:57.100,200.2800,100
36177329636217,10:02:57.329,200.3300,100
36183627560843,10:03:03.627,200.2700,1
36183628328026,10:03:03.628,200.2600,1600
36183628366427,10:03:03.628,200.2600,100
36183628416311,10:03:03.628,200.2600,100
36183628424927,10:03:03.628,200.2600,100
36183628689123,10:03:03.628,200.2600,1400
36183628689123,10:03:03.628,200.2600,200
36183638802583,10:03:03.638,200.2800,100
36186610771502,10:03:06.610,200.3600,9
36189602848647,10:03:09.602,200.3400,100
36189602861714,10:03:09.602,200.3400,84
36189602898658,10:03:09.602,200.3400,16
36195671949957,10:03:15.671,200.3600,100
36196795563315,10:03:16.795,200.3600,100
36197658073207,10:03:17.658,200.3900,14
36199392630756,10:03:19.392,200.3600,48
36199392637479,10:03:19.392,200.3600,52
36204606543800,10:03:24.606,200.4500,100
36206808117031,10:03:26.808,200.4600,100
36207114773991,10:03:27.114,200.4500,100
36209943035863,10:03:29.943,200.4600,100
36209943383412,10:03:29.943,200.4600,100
36209943681198,10:03:29.943,200.4600,100
36209943681198,10:03:29.943,200.4500,100
36210510689468,10:03:30.510,200.4400,100
36211072111874,10:03:31.072,200.3700,1
36211072111874,10:03:31.072,200.3200,99
36211084325723,10:03:31.084,200.3100,100
36212232785450,10:03:32.232,200.2600,100
36212232785450,10:03:32.232,200.2600,100
36215676753714,10:03:35.676,200.2300,100
36215676873932,10:03:35.676,200.2300,100
36223713301403,10:03:43.713,200.1700,200
36223713301403,10:03:43.713,200.1700,100
36224014088441,10:03:44.014,200.1700,70
36224014088441,10:03:44.014,200.1600,1
36224014088441,10:03:44.014,200.1600,29
36237128514446,10:03:57.128,200.2000,100
36237128514446,10:03:57.128,200.1600,71
36237128618849,10:03:57.128,200.1600,29
36237128618849,10:03:57.128,200.1600,100
36275060739151,10:04:35.060,200.1900,71
36275060739151,10:04:35.060,200.1900,100
36275068543020,10:04:35.068,200.1800,2
36296259571103,10:04:56.259,200.1700,100
36296259719006,10:04:56.259,200.1600,1
36296286168155,10:04:56.286,200.1500,100
36296286168155,10:04:56.286,200.1500,16
36302321507028,10:05:02.321,200.0900,100
36306694707383,10:05:06.694,200.1600,100
36322256494587,10:05:22.256,200.1600,10
36322256494587,10:05:22.256,200.1700,100
36322256494587,10:05:22.256,200.1700,100
36322256494587,10:05:22.256,200.1700,200
36322256494587,10:05:22.256,200.1700,90
36322256565983,10:05:22.256,200.1700,10
36322258568897,10:05:22.258,200.2000,6
36322258677153,10:05:22.258,200.2000,94
36322258677153,10:05:22.258,200.2100,6
36322260307564,10:05:22.260,200.2100,10
36322260311462,10:05:22.260,200.2100,84
36322263446074,10:05:22.263,200.1600,100
36322263690678,10:05:22.263,200.1600,100
36334695349881,10:05:34.695,200.2100,5
36334695696637,10:05:34.695,200.2200,8
36334696506409,10:05:34.696,200.2600,11
36344096665813,10:05:44.096,200.2800,10
36344097118812,10:05:44.097,200.2800,90
36344098028388,10:05:44.098,200.2900,100
36344513941630,10:05:44.513,200.2600,200
36344514037240,10:05:44.514,200.2500,100
36344514037240,10:05:44.514,200.2500,100
36344514393306,10:05:44.514,200.2500,100
36344524953349,10:05:44.524,200.2400,4
36345168176462,10:05:45.168,200.2800,11
36355023662353,10:05:55.023,200.2900,50
36364109640897,10:06:04.109,200.2500,100
36364109729307,10:06:04.109,200.2500,4
36364110081625,10:06:04.110,200.2500,96
36364110081625,10:06:04.110,200.2500,3
36364110081625,10:06:04.110,200.2500,4
36364110275685,10:06:04.110,200.2400,100
36364110613858,10:06:04.110,200.2400,100
36364110982328,10:06:04.110,200.2400,100
36380747040342,10:06:20.747,200.2900,100
36380747040342,10:06:20.747,200.2900,12
36380747058671,10:06:20.747,200.2900,88
36380747058671,10:06:20.747,200.2900,5
36383060193260,10:06:23.060,200.3600,100
36384777718272,10:06:24.777,200.3600,99
36395705078681,10:06:35.705,200.3000,100
36395705078681,10:06:35.705,200.3000,2
36395705914747,10:06:35.705,200.2900,100
36395711060676,10:06:35.711,200.3000,100
36395711060676,10:06:35.711,200.3000,100
36396772418609,10:06:36.772,200.3200,25
36396783975867,10:06:36.783,200.3200,75
36399803079069,10:06:39.803,200.3600,10
36403088813542,10:06:43.088,200.3600,90
36403088813542,10:06:43.088,200.3600,10
36403088899343,10:06:43.088,200.3600,90
36403894577793,10:06:43.894,200.4100,1
36407399513853,10:06:47.399,200.4000,100
36423263972907,10:07:03.263,200.4100,99
36423263972907,10:07:03.263,200.4100,1
36423265689268,10:07:03.265,200.4600,4
36427642342869,10:07:07.642,200.3900,75
36427642342869,10:07:07.642,200.3900,226
36427643007043,10:07:07.643,200.3800,1
36427771259252,10:07:07.771,200.3800,90
36428550054893,10:07:08.550,200.3800,110
36428550054893,10:07:08.550,200.3800,1
36428550054893,10:07:08.550,200.3800,100
36428680315690,10:07:08.680,200.3700,100
36428685621845,10:07:08.685,200.3700,100
36437360180285,10:07:17.360,200.3300,52
36437360282733,10:07:17.360,200.3300,48
36437360282733,10:07:17.360,200.3300,52
36437360292009,10:07:17.360,200.3300,48
36437360292009,10:07:17.360,200.3300,1
36460661532766,10:07:40.661,200.2800,100
36471269303329,10:07:51.269,200.3300,100
36474812777441,10:07:54.812,200.3500,83
36474812777441,10:07:54.812,200.3400,55
36480061707704,10:08:00.061,200.3700,200
36480062237431,10:08:00.062,200.3700,200
36480062237431,10:08:00.062,200.3400,19
36486273383512,10:08:06.273,200.3500,28
36487728027529,10:08:07.728,200.4000,100
36487728027529,10:08:07.728,200.4000,5
36487728027529,10:08:07.728,200.4000,95
36487728095825,10:08:07.728,200.4000,100
36487728111308,10:08:07.728,200.4000,5
36487728111308,10:08:07.728,200.4000,100
36487728747657,10:08:07.728,200.4300,100
36488220717362,10:08:08.220,200.4500,100
36488220776757,10:08:08.220,200.4600,100
36488220832617,10:08:08.220,200.4600,100
36488222262993,10:08:08.222,200.4600,100
36488796760249,10:08:08.796,200.4600,100
36488797283517,10:08:08.797,200.4700,100
36506063699795,10:08:26.063,200.4600,100
36506064498651,10:08:26.064,200.4700,10
36506064574939,10:08:26.064,200.4700,21
36506064691604,10:08:26.064,200.4700,69
36506207798033,10:08:26.207,200.4700,31
36506207798033,10:08:26.207,200.4700,100
36506207798033,10:08:26.207,200.4700,99
36506213304015,10:08:26.213,200.4500,10
36506213434026,10:08:26.213,200.4500,10
36506216284001,10:08:26.216,200.4700,10
36506216284001,10:08:26.216,200.4800,48
36508734023807,10:08:28.734,200.4650,100
36508734023807,10:08:28.734,200.4650,100
36510025760036,10:08:30.025,200.4800,50
36511405043277,10:08:31.405,200.4600,100
36513572889367,10:08:33.572,200.4800,1
36514973489466,10:08:34.973,200.4300,4
36514973502209,10:08:34.973,200.4600,100
36514973525873,10:08:34.973,200.4600,100
36514974349037,10:08:34.974,200.4300,100
36514974436524,10:08:34.974,200.4200,100
36514974835108,10:08:34.974,200.4200,100
36530352597108,10:08:50.352,200.4700,100
36531495660520,10:08:51.495,200.4800,1
36531496206645,10:08:51.496,200.4900,100
36531496234753,10:08:51.496,200.4900,100
36531496343222,10:08:51.496,200.5000,80
36531496394840,10:08:51.496,200.5000,20
36531496394840,10:08:51.496,200.5000,4
36531496394840,10:08:51.496,200.5000,76
36531496427580,10:08:51.496,200.5000,24
36533723261597,10:08:53.723,200.4600,200
36533723261597,10:08:53.723,200.4600,100
36538041438325,10:08:58.041,200.5000,162
36538041438325,10:08:58.041,200.5000,100
36552869583336,10:09:12.869,200.4400,1
36552869583336,10:09:12.869,200.4400,100
36553569994015,10:09:13.569,200.4100,1
36566679414247,10:09:26.679,200.3100,100
36566847075026,10:09:26.847,200.3500,2
36568933215814,10:09:28.933,200.3200,40
36570300514331,10:09:30.300,200.4000,97
36570301046841,10:09:30.301,200.4000,3
36570301046841,10:09:30.301,200.4000,100
36570301746617,10:09:30.301,200.4100,100
36597261125436,10:09:57.261,200.5300,100
36597261125436,10:09:57.261,200.5300,100
36597261125436,10:09:57.261,200.5300,100
36597262931536,10:09:57.262,200.5500,40
36607246589518,10:10:07.246,200.5700,100
36607246589518,10:10:07.246,200.5700,44
36607246612777,10:10:07.246,200.5700,16
36607246612777,10:10:07.246,200.5700,84
36607246614378,10:10:07.246,200.5700,16
36608046150555,10:10:08.046,200.5400,2
36608046150555,10:10:08.046,200.5400,100
36608046744758,10:10:08.046,200.5400,100
36608046783619,10:10:08.046,200.5400,100
36612375288897,10:10:12.375,200.5200,80
36612375314229,10:10:12.375,200.5200,20
36612375314229,10:10:12.375,200.5200,100
36612375392397,10:10:12.375,200.5200,75
36612375859061,10:10:12.375,200.5200,25
36612376296981,10:10:12.376,200.5200,100
36623986857425,10:10:23.986,200.4400,1
36623986857425,10:10:23.986,200.4400,100
36623986857425,10:10:23.986,200.4400,100
36633807392825,10:10:33.807,200.4000,9
36633807392825,10:10:33.807,200.4000,100
36635911050240,10:10:35.911,200.3400,100
36635911050240,10:10:35.911,200.3400,100
36635975694421,10:10:35.975,200.3400,100
36639412170634,10:10:39.412,200.3400,100
36639412171665,10:10:39.412,200.3400,100
36647597702912,10:10:47.597,200.3900,6
36647662216376,10:10:47.662,200.3600,16
36647662240660,10:10:47.662,200.3600,84
36653867428595,10:10:53.867,200.3400,100
36663548379158,10:11:03.548,200.3200,100
36663548379158,10:11:03.548,200.3200,2
36664281412339,10:11:04.281,200.2900,100
36680377443510,10:11:20.377,200.3100,100
36680377838784,10:11:20.377,200.3200,100
36680377838784,10:11:20.377,200.3200,100
36701074604392,10:11:41.074,200.3200,100
36701075409752,10:11:41.075,200.3300,100
36708491117668,10:11:48.491,200.3800,10
36708495465908,10:11:48.495,200.3800,90
36708495465908,10:11:48.495,200.3900,84
36708498361684,10:11:48.498,200.3900,16
36708498361684,10:11:48.498,200.3900,8
36708571343620,10:11:48.571,200.3900,49
36708571486950,10:11:48.571,200.3900,43
36708690761661,10:11:48.690,200.4000,100
36708697120864,10:11:48.697,200.4600,100
36708697120864,10:11:48.697,200.4600,100
36708701038508,10:11:48.701,200.4600,190
36708865865757,10:11:48.865,200.4600,100
36711854688196,10:11:51.854,200.3900,46
36711854707695,10:11:51.854,200.3900,54
36711854707695,10:11:51.854,200.3900,2
36740076273837,10:12:20.076,200.4100,100
36740076273837,10:12:20.076,200.4100,100
36740076273837,10:12:20.076,200.4100,100
36740076273837,10:12:20.076,200.4100,100
36741111283084,10:12:21.111,200.3900,1
36741111283084,10:12:21.111,200.3900,100
36741111417883,10:12:21.111,200.3800,100
36742426790132,10:12:22.426,200.3900,100
36742426790132,10:12:22.426,200.3900,38
36742426815726,10:12:22.426,200.3900,162
36742600150985,10:12:22.600,200.3900,100
36743031455755,10:12:23.031,200.3900,100
36743031455755,10:12:23.031,200.3900,100
36743031455755,10:12:23.031,200.3900,100
36743033119612,10:12:23.033,200.3900,100
36745832305723,10:12:25.832,200.4100,98
36745832316299,10:12:25.832,200.4100,2
36745832396198,10:12:25.832,200.4200,100
36750353803963,10:12:30.353,200.4600,100
36750353904753,10:12:30.353,200.4700,100
36756522101063,10:12:36.522,200.4600,100
36756522126482,10:12:36.522,200.4600,100
36756523381200,10:12:36.523,200.4700,100
36756523403404,10:12:36.523,200.4700,100
36759201443784,10:12:39.201,200.4500,100
36759201470401,10:12:39.201,200.4400,1
36762330536912,10:12:42.330,200.4400,99
36762330536912,10:12:42.330,200.4400,1
36772870679280,10:12:52.870,200.4600,100
36772871702158,10:12:52.871,200.4600,100
36814006710765,10:13:34.006,200.4200,2
36814006710765,10:13:34.006,200.4200,200
36814006710765,10:13:34.006,200.4200,100
36814006710765,10:13:34.006,200.4200,1
36814006710765,10:13:34.006,200.4200,29
36814006878694,10:13:34.006,200.4200,200
36814006881285,10:13:34.006,200.4200,200
36815843106942,10:13:35.843,200.4000,100
36815843106942,10:13:35.843,200.4000,100
36815843106942,10:13:35.843,200.3900,101
36815843327104,10:13:35.843,200.3900,100
36815843358652,10:13:35.843,200.3900,20
36815843738819,10:13:35.843,200.3900,79
36815843738819,10:13:35.843,200.3900,1
36821278528304,10:13:41.278,200.4200,14
36821278798549,10:13:41.278,200.4200,48
36821278893727,10:13:41.278,200.4200,38
36821279252046,10:13:41.279,200.4300,100
36840792357195,10:14:00.792,200.3950,100
36873649509492,10:14:33.649,200.4400,5
36873649509492,10:14:33.649,200.4400,15
36873649523032,10:14:33.649,200.4400,85
36873649523032,10:14:33.649,200.4400,100
36873650866581,10:14:33.650,200.4400,100
36873978504749,10:14:33.978,200.4400,100
36882315830253,10:14:42.315,200.4900,100
36882316267406,10:14:42.316,200.5000,100
36887843836276,10:14:47.843,200.5100,100
36887843836276,10:14:47.843,200.5100,100
36887843836276,10:14:47.843,200.5100,100
36889074777895,10:14:49.074,200.5100,100
36902648112761,10:15:02.648,200.4600,3
36926916182911,10:15:26.916,200.4800,100
36926916182911,10:15:26.916,200.4700,1
36926916182911,10:15:26.916,200.4700,40
36926916303628,10:15:26.916,200.4700,31
36926916883957,10:15:26.916,200.4700,69
36926917350227,10:15:26.917,200.4700,69
36943507589662,10:15:43.507,200.5000,9
36943507624128,10:15:43.507,200.5100,100
36943507624128,10:15:43.507,200.5100,100
36943507907178,10:15:43.507,200.5200,100
36943507907178,10:15:43.507,200.5200,100
36949401104849,10:15:49.401,200.6100,52
36949401104849,10:15:49.401,200.6100,100
36949401150651,10:15:49.401,200.6100,100
36949401152599,10:15:49.401,200.6100,100
36949401482479,10:15:49.401,200.6100,100
36964216887742,10:16:04.216,200.6100,100
36964216887742,10:16:04.216,200.6100,2
36964216887742,10:16:04.216,200.6100,14
36964217578978,10:16:04.217,200.6100,86
36964217578978,10:16:04.217,200.6100,14
36966499355782,10:16:06.499,200.6100,100
36978470641483,10:16:18.470,200.6400,100
36978470669692,10:16:18.470,200.6400,5
36980225975640,10:16:20.225,200.6300,30
36980226039546,10:16:20.226,200.6300,70
37007078711828,10:16:47.078,200.6600,100
37011626635307,10:16:51.626,200.6400,100
37011627025222,10:16:51.627,200.6400,100
37011719777875,10:16:51.719,200.6400,100
37014792571149,10:16:54.792,200.6200,2
37014792571149,10:16:54.792,200.6100,98
37014792601505,10:16:54.792,200.6100,2
37014793261155,10:16:54.793,200.6000,100
37017981612099,10:16:57.981,200.6600,5
37017981986976,10:16:57.981,200.6600,5
37017982053123,10:16:57.982,200.6600,7
37017982225327,10:16:57.982,200.6600,7
37017982364351,10:16:57.982,200.6600,8
37017984602151,10:16:57.984,200.6700,10
37045448124078,10:17:25.448,200.6400,1
37063418022601,10:17:43.418,200.6600,100
37064543056528,10:17:44.543,200.6400,100
37064543056528,10:17:44.543,200.6400,2
37072767556971,10:17:52.767,200.6600,100
37072768086921,10:17:52.768,200.6600,100
37072768086921,10:17:52.768,200.6700,100
37072768092105,10:17:52.768,200.6700,17
37072768112862,10:17:52.768,200.6700,83
37076309176733,10:17:56.309,200.6600,100
37076309176733,10:17:56.309,200.6300,100
37076309213897,10:17:56.309,200.6300,100
37076309466389,10:17:56.309,200.6200,1
37076312248215,10:17:56.312,200.6400,100
37087380084857,10:18:07.380,200.6000,100
37087380629922,10:18:07.380,200.5900,100
37093996067664,10:18:13.996,200.5400,1
37093996273544,10:18:13.996,200.5400,5
37093996302463,10:18:13.996,200.5400,73
37093996311913,10:18:13.996,200.5650,100
37093996668201,10:18:13.996,200.5300,100
37094576308104,10:18:14.576,200.5200,100
37096738213395,10:18:16.738,200.5400,100
37096738241957,10:18:16.738,200.5400,100
37096738416225,10:18:16.738,200.5400,58
37105681730016,10:18:25.681,200.5800,6
37105683311756,10:18:25.683,200.6000,100
37111250580083,10:18:31.250,200.5900,5
37113710826073,10:18:33.710,200.5900,95
37113710826073,10:18:33.710,200.5900,5
37113710915312,10:18:33.710,200.5900,95
37130457966756,10:18:50.457,200.5500,1
37130457982711,10:18:50.457,200.5500,1
37130457991452,10:18:50.457,200.5500,1
37131397862918,10:18:51.397,200.5900,2
37133282898894,10:18:53.282,200.5700,1
37133282922826,10:18:53.282,200.5700,99
37134754048162,10:18:54.754,200.5650,100
37134754050232,10:18:54.754,200.5400,78
37134754053075,10:18:54.754,200.5400,22
37134754053075,10:18:54.754,200.5400,78
37142850474805,10:19:02.850,200.5500,100
37142850586583,10:19:02.850,200.5400,100
37142850681522,10:19:02.850,200.5400,100
37142850716232,10:19:02.850,200.5400,22
37142850716232,10:19:02.850,200.5400,1
37142854323982,10:19:02.854,200.5300,100
37142854323982,10:19:02.854,200.5300,100
37142854323982,10:19:02.854,200.5300,100
37143855739490,10:19:03.855,200.5300,100
37148305380712,10:19:08.305,200.5200,14
37172377214095,10:19:32.377,200.6000,300
37172377214095,10:19:32.377,200.6000,100
37172377214095,10:19:32.377,200.6000,100
37172377214095,10:19:32.377,200.6000,100
37172377243896,10:19:32.377,200.6000,100
37172377243896,10:19:32.377,200.6000,100
37186405179075,10:19:46.405,200.6200,100
37187441270613,10:19:47.441,200.6700,100
37188067426815,10:19:48.067,200.6700,100
37188067980543,10:19:48.067,200.6800,100
37194492755714,10:19:54.492,200.6900,100
37194492812690,10:19:54.492,200.6900,13
37206438551113,10:20:06.438,200.7000,6
37207732849314,10:20:07.732,200.6500,100
37207732849314,10:20:07.732,200.6500,2
37207732849314,10:20:07.732,200.6500,100
37207733023709,10:20:07.733,200.6500,100
37207774189428,10:20:07.774,200.6500,100
37209886193387,10:20:09.886,200.6500,100
37210402753893,10:20:10.402,200.6100,100
37210408675298,10:20:10.408,200.6200,100
37210656876644,10:20:10.656,200.6200,100
37218098796304,10:20:18.098,200.6600,100
37218098796304,10:20:18.098,200.6600,10
37218102112459,10:20:18.102,200.6600,10
37220049000469,10:20:20.049,200.6500,100
37221315406589,10:20:21.315,200.6700,40
37221315431615,10:20:21.315,200.6700,130
37221315431615,10:20:21.315,200.6700,100
37223640800448,10:20:23.640,200.6800,38
37223640846415,10:20:23.640,200.6800,62
37223641095424,10:20:23.641,200.6900,100
37246500193688,10:20:46.500,200.7300,100
37246500193688,10:20:46.500,200.7300,100
37247705889705,10:20:47.705,200.7200,38
37247705916166,10:20:47.705,200.7200,62
37247705916166,10:20:47.705,200.7200,39
37247705916166,10:20:47.705,200.7200,2
37247706729174,10:20:47.706,200.7100,100
37256270120920,10:20:56.270,200.6800,100
37256271375471,10:20:56.271,200.6700,100
37256273538816,10:20:56.273,200.6600,100
37256273692623,10:20:56.273,200.6600,50
37259348767918,10:20:59.348,200.6300,100
37259349118978,10:20:59.349,200.6200,100
37261759020680,10:21:01.759,200.6100,100
37270795953147,10:21:10.795,200.5800,1
37270795953147,10:21:10.795,200.5800,4
37311186964621,10:21:51.186,200.5800,56
37311187069077,10:21:51.187,200.5800,44
37311187069077,10:21:51.187,200.5800,56
37311187098168,10:21:51.187,200.5800,44
37311187098168,10:21:51.187,200.5800,100
37311187098168,10:21:51.187,200.5800,100
37311838439819,10:21:51.838,200.6300,100
37324641566472,10:22:04.641,200.6700,6
37342112936735,10:22:22.112,200.6900,100
37342112936735,10:22:22.112,200.6900,100
37342112936735,10:22:22.112,200.6900,2
37342113752639,10:22:22.113,200.6800,100
37342113778987,10:22:22.113,200.6800,100
37342113883639,10:22:22.113,200.6800,100
37342114059964,10:22:22.114,200.6800,78
37342114112726,10:22:22.114,200.6800,22
37342114214520,10:22:22.114,200.6700,100
37348261850323,10:22:28.261,200.6600,24
37353294352836,10:22:33.294,200.7000,100
37355146453828,10:22:35.146,200.7100,38
37355146943209,10:22:35.146,200.7100,62
37373868377134,10:22:53.868,200.6700,1
37373868517603,10:22:53.868,200.6700,1
37373868573220,10:22:53.868,200.6700,1
37377491229586,10:22:57.491,200.6800,100
37377491371287,10:22:57.491,200.6600,200
37377491371287,10:22:57.491,200.6600,40
37377491401708,10:22:57.491,200.6600,60
37377491401708,10:22:57.491,200.6600,1
37377493359013,10:22:57.493,200.6600,100
37377493361033,10:22:57.493,200.6600,100
37394570012077,10:23:14.570,200.6500,100
37394570037872,10:23:14.570,200.6500,100
37404109992973,10:23:24.109,200.6600,100
37406717837796,10:23:26.717,200.6800,100
37406717839280,10:23:26.717,200.6800,99
37406717877293,10:23:26.717,200.6800,1
37406717877293,10:23:26.717,200.6800,33
37406717902466,10:23:26.717,200.6800,67
37406717916155,10:23:26.717,200.6800,33
37406717924181,10:23:26.717,200.6800,67
37427919790318,10:23:47.919,200.7200,1
37446529905276,10:24:06.529,200.6800,1
37446530392532,10:24:06.530,200.6600,30
37446530483259,10:24:06.530,200.6600,70
37449054252107,10:24:09.054,200.6000,145
37449054252107,10:24:09.054,200.6000,1
37449054252107,10:24:09.054,200.6000,164
37449534917428,10:24:09.534,200.6000,100
37468778663176,10:24:28.778,200.5600,100
37485239653176,10:24:45.239,200.5900,100
37485239653176,10:24:45.239,200.5900,2
37485239653176,10:24:45.239,200.5900,100
37488090600083,10:24:48.090,200.5600,14
37488090600083,10:24:48.090,200.5500,86
37488090832923,10:24:48.090,200.5500,14
37488101079737,10:24:48.101,200.5500,1
37488599330219,10:24:48.599,200.5800,100
37489595837881,10:24:49.595,200.5800,100
37490180951723,10:24:50.180,200.6000,100
37490180953466,10:24:50.180,200.6000,100
37490182618932,10:24:50.182,200.6200,100
37500821036570,10:25:00.821,200.5800,100
37500827084364,10:25:00.827,200.5700,100
37500827496117,10:25:00.827,200.5700,100
37501182458793,10:25:01.182,200.5700,23
37501688484588,10:25:01.688,200.5700,23
37501783072354,10:25:01.783,200.5700,54
37501783072354,10:25:01.783,200.5700,1
37501783072354,10:25:01.783,200.5700,100
37501999863150,10:25:01.999,200.5700,25
37502200965703,10:25:02.200,200.5800,33
37502201431825,10:25:02.201,200.5800,29
37502201434315,10:25:02.201,200.5800,138
37502201774491,10:25:02.201,200.5900,100
37503229042329,10:25:03.229,200.5900,100
37505513471929,10:25:05.513,200.5900,61
37505513511577,10:25:05.513,200.5900,39
37507994671822,10:25:07.994,200.6000,100
37507994671822,10:25:07.994,200.6000,100
37507994797397,10:25:07.994,200.6000,100
37514586456756,10:25:14.586,200.6300,100
37514586456756,10:25:14.586,200.6300,100
37514586514665,10:25:14.586,200.6300,100
37524229032136,10:25:24.229,200.6400,120
37524229057348,10:25:24.229,200.6400,180
37524229057348,10:25:24.229,200.6400,100
37524229057348,10:25:24.229,200.6400,100
37524229096036,10:25:24.229,200.6400,100
37545971871867,10:25:45.971,200.6700,5
37546183781526,10:25:46.183,200.6700,1
37557458920869,10:25:57.458,200.7100,100
37560010934390,10:26:00.010,200.7100,100
37560010934390,10:26:00.010,200.7100,82
37560010965110,10:26:00.010,200.7100,18
37561454607934,10:26:01.454,200.6900,4
37561454607934,10:26:01.454,200.6800,1
37561454930835,10:26:01.454,200.6800,99
37561485039194,10:26:01.485,200.6700,1
37566279969830,10:26:06.279,200.7200,6
37566280500456,10:26:06.280,200.7500,100
37575962791261,10:26:15.962,200.7300,100
37575988245575,10:26:15.988,200.7300,100
37583891117401,10:26:23.891,200.7600,100
37615695722302,10:26:55.695,200.7000,100
37615695722302,10:26:55.695,200.6800,80
37615695734538,10:26:55.695,200.6800,20
37615695734538,10:26:55.695,200.6800,1
37615695734538,10:26:55.695,200.6800,100
37615695770349,10:26:55.695,200.6800,100
37615696108792,10:26:55.696,200.6700,13
37618883524634,10:26:58.883,200.6800,15
37622556051805,10:27:02.556,200.6800,100
37623846674211,10:27:03.846,200.6800,15
37623991665700,10:27:03.991,200.6800,70
37623991665700,10:27:03.991,200.6800,1
37623992030785,10:27:03.992,200.6700,87
37631234547611,10:27:11.234,200.6300,9
37631234928942,10:27:11.234,200.6300,9
37653177000979,10:27:33.177,200.7100,100
37653177717592,10:27:33.177,200.7200,100
37653572763181,10:27:33.572,200.6700,1
37663343092873,10:27:43.343,200.7400,100
37674874733948,10:27:54.874,200.6900,100
37674894608635,10:27:54.894,200.6800,100
37674895241723,10:27:54.895,200.6700,1
37687866359154,10:28:07.866,200.6300,100
37687866359154,10:28:07.866,200.6300,1
37687866911319,10:28:07.866,200.6200,100
37687867131525,10:28:07.867,200.6200,100
37690328365683,10:28:10.328,200.6200,92
37694069233244,10:28:14.069,200.6700,49
37694069261422,10:28:14.069,200.6700,51
37694069261422,10:28:14.069,200.6700,49
37694069286931,10:28:14.069,200.6700,51
37694069286931,10:28:14.069,200.6700,6
37694069286931,10:28:14.069,200.6700,100
37694069411918,10:28:14.069,200.6700,100
37694069491635,10:28:14.069,200.6700,100
37710220375849,10:28:30.220,200.6300,84
37710220375849,10:28:30.220,200.6300,16
37710223576956,10:28:30.223,200.6300,84
37710223576956,10:28:30.223,200.6300,100
37718165322282,10:28:38.165,200.6400,100
37730592288700,10:28:50.592,200.6300,1
37730593163399,10:28:50.593,200.6200,8
37730593163399,10:28:50.593,200.6200,100
37747901121483,10:29:07.901,200.6700,11
37747901130208,10:29:07.901,200.6700,89
37747901130208,10:29:07.901,200.6700,50
37747901155873,10:29:07.901,200.6700,50
37747901155873,10:29:07.901,200.6700,100
37747901155873,10:29:07.901,200.6700,100
37747901155873,10:29:07.901,200.6700,100
37747901155873,10:29:07.901,200.6700,39
37747901253044,10:29:07.901,200.6700,61
37747901253044,10:29:07.901,200.6700,39
37747901368517,10:29:07.901,200.6700,61
37747901368517,10:29:07.901,200.6700,100
37748402785587,10:29:08.402,200.6800,100
37755328796426,10:29:15.328,200.6400,1
37755328796426,10:29:15.328,200.6400,100
37755328796426,10:29:15.328,200.6400,100
37771800569139,10:29:31.800,200.6700,5
37783647967448,10:29:43.647,200.6600,100
37786921627550,10:29:46.921,200.6800,100
37786921627550,10:29:46.921,200.6800,100
37786921627550,10:29:46.921,200.6800,101
37786921629510,10:29:46.921,200.6800,82
37786921629510,10:29:46.921,200.6800,100
37786922027071,10:29:46.922,200.6900,100
37786922027071,10:29:46.922,200.6900,100
37786922069196,10:29:46.922,200.6900,7
37786922107220,10:29:46.922,200.6900,93
37800101091178,10:30:00.101,200.7400,100
37800101715758,10:30:00.101,200.7400,100
37800101760313,10:30:00.101,200.7400,100
37815837423434,10:30:15.837,200.7800,6
37815837423434,10:30:15.837,200.7800,4
37815838148166,10:30:15.838,200.7600,10
37820978469879,10:30:20.978,200.7800,10
37820979054442,10:30:20.979,200.7900,3
37820980725351,10:30:20.980,200.7900,3
37820980725351,10:30:20.980,200.8000,2
37820981168541,10:30:20.981,200.8000,7
37821824508469,10:30:21.824,200.7500,3
37821824508469,10:30:21.824,200.7500,4
37821824575549,10:30:21.824,200.7500,96
37821824575549,10:30:21.824,200.7500,4
37821824913127,10:30:21.824,200.7500,96
37825656769121,10:30:25.656,200.7800,100
37851964122548,10:30:51.964,200.7500,4
37851964122548,10:30:51.964,200.7400,97
37851964124075,10:30:51.964,200.7400,3
37851964124075,10:30:51.964,200.7400,1
37853078549143,10:30:53.078,200.7100,100
37853078549143,10:30:53.078,200.7100,100
37856829137213,10:30:56.829,200.7300,100
37871679528172,10:31:11.679,200.7000,100
37871684665291,10:31:11.684,200.6900,200
37871684665291,10:31:11.684,200.6900,100
37871684770734,10:31:11.684,200.6900,100
37875046892106,10:31:15.046,200.7200,69
37875046917967,10:31:15.046,200.7200,31
37875047066088,10:31:15.047,200.7200,8
37875047206127,10:31:15.047,200.7200,92
37880315842521,10:31:20.315,200.7300,100
37887358893140,10:31:27.358,200.7300,100
37889236869117,10:31:29.236,200.7300,100
37911214104162,10:31:51.214,200.7000,62
37911214197070,10:31:51.214,200.7000,38
37911214197070,10:31:51.214,200.7000,1
37911214197070,10:31:51.214,200.7000,100
37911244308082,10:31:51.244,200.6900,80
37911244345702,10:31:51.244,200.6900,20
37928292867819,10:32:08.292,200.6800,1
37928292867819,10:32:08.292,200.6800,67
37928292893271,10:32:08.292,200.6800,33
37928292893271,10:32:08.292,200.6800,100
37965183903640,10:32:45.183,200.7300,100
37965183903640,10:32:45.183,200.7300,100
37965183903640,10:32:45.183,200.7300,100
37965183903640,10:32:45.183,200.7300,6
37965426255000,10:32:45.426,200.7400,100
37965426255000,10:32:45.426,200.7400,100
37966189170714,10:32:46.189,200.7300,100
37966385637611,10:32:46.385,200.7500,50
37967116874601,10:32:47.116,200.7400,200
37967116874601,10:32:47.116,200.7500,50
37967116874601,10:32:47.116,200.7500,250
37968859714804,10:32:48.859,200.7500,100
37968859714804,10:32:48.859,200.7500,100
37974047726497,10:32:54.047,200.7700,100
37978471074252,10:32:58.471,200.7300,100
37978471074252,10:32:58.471,200.7300,100
37978471103373,10:32:58.471,200.7300,100
37978471179353,10:32:58.471,200.7300,100
37979655953510,10:32:59.655,200.7200,2
37979656101325,10:32:59.656,200.7100,100
37979656476678,10:32:59.656,200.7100,100
37999310828622,10:33:19.310,200.7300,200
37999310828622,10:33:19.310,200.7400,100
38006269823836,10:33:26.269,200.7400,100
38006269823836,10:33:26.269,200.7400,100
38006269823836,10:33:26.269,200.7400,100
38006269896285,10:33:26.269,200.7400,100
38009604672858,10:33:29.604,200.7250,100
38009607403283,10:33:29.607,200.7100,1
38009607403283,10:33:29.607,200.7100,100
38009607403283,10:33:29.607,200.7100,100
38009608400782,10:33:29.608,200.6900,100
38009613147241,10:33:29.613,200.6800,100
38017270750487,10:33:37.270,200.6600,4
38022112668061,10:33:42.112,200.6900,100
38022112694935,10:33:42.112,200.6900,100
38023118681200,10:33:43.118,200.6900,100
38024271551685,10:33:44.271,200.6500,100
38024271551685,10:33:44.271,200.6500,1
38024271551685,10:33:44.271,200.6500,100
38026916906030,10:33:46.916,200.6400,100
38026924872155,10:33:46.924,200.6300,100
38040205597249,10:34:00.205,200.6100,100
38050017080480,10:34:10.017,200.6100,56
38050029498093,10:34:10.029,200.6100,1
38050029498093,10:34:10.029,200.6000,99
38050029782462,10:34:10.029,200.6000,1
38050029782462,10:34:10.029,200.6000,100
38050029782462,10:34:10.029,200.6000,44
38060200924447,10:34:20.200,200.5700,100
38060200924447,10:34:20.200,200.5700,100
38080923738192,10:34:40.923,200.6000,100
38084508564661,10:34:44.508,200.6100,6
38085640640551,10:34:45.640,200.5900,100
38085640640551,10:34:45.640,200.5900,1
38091290470999,10:34:51.290,200.6000,100
38091290817066,10:34:51.290,200.6000,100
38092507860230,10:34:52.507,200.6000,100
38097212446286,10:34:57.212,200.5700,100
38097212560536,10:34:57.212,200.5700,100
38097212888513,10:34:57.212,200.5700,100
38097212931112,10:34:57.212,200.5700,100
38097212943554,10:34:57.212,200.5700,100
38102325260166,10:35:02.325,200.6000,100
38102325260166,10:35:02.325,200.6000,100
38102325260166,10:35:02.325,200.6000,100
38102747259473,10:35:02.747,200.6400,100
38102747259473,10:35:02.747,200.6400,300
38102747376388,10:35:02.747,200.6400,100
38102747425421,10:35:02.747,200.6400,100
38137039052811,10:35:37.039,200.6500,100
38137039052811,10:35:37.039,200.6500,100
38137039052811,10:35:37.039,200.6500,100
38137039169474,10:35:37.039,200.6500,100
38139290554047,10:35:39.290,200.6500,100
38142509710321,10:35:42.509,200.6500,100
38154282570787,10:35:54.282,200.6500,100
38154282570787,10:35:54.282,200.6500,100
38154282570787,10:35:54.282,200.6500,54
38154282704205,10:35:54.282,200.6500,46
38154282704205,10:35:54.282,200.6500,54
38154282733719,10:35:54.282,200.6500,18
38154282769763,10:35:54.282,200.6500,28
38165297746100,10:36:05.297,200.6700,100
38165297746100,10:36:05.297,200.6700,100
38165297746100,10:36:05.297,200.6700,5
38165297786256,10:36:05.297,200.6700,100
38165298818893,10:36:05.298,200.6900,100
38165510700571,10:36:05.510,200.7100,100
38168510544655,10:36:08.510,200.7300,98
38168510764757,10:36:08.510,200.7300,2
38173194427980,10:36:13.194,200.7600,100
38173250343606,10:36:13.250,200.7700,100
38173250343606,10:36:13.250,200.7700,100
38173250394424,10:36:13.250,200.7700,100
38181427096087,10:36:21.427,200.8300,100
38213091132863,10:36:53.091,200.8200,100
38213091132863,10:36:53.091,200.8000,4
38213091132863,10:36:53.091,200.7900,1
38213091132863,10:36:53.091,200.7900,79
38213091220230,10:36:53.091,200.7900,21
38213091220230,10:36:53.091,200.7900,4
38213091220230,10:36:53.091,200.7900,100
38213091532907,10:36:53.091,200.7900,37
38213091607380,10:36:53.091,200.7900,63
38215253086498,10:36:55.253,200.8200,100
38215253111924,10:36:55.253,200.8200,100
38230463235437,10:37:10.463,200.7900,100
38230463235437,10:37:10.463,200.7900,100
38230463454122,10:37:10.463,200.7900,1
38230463762129,10:37:10.463,200.7900,1
38230463845361,10:37:10.463,200.7900,5
38230463879902,10:37:10.463,200.7900,5
38230463881708,10:37:10.463,200.7900,5
38230464894828,10:37:10.464,200.7900,84
38234679219430,10:37:14.679,200.7600,9
38234679269321,10:37:14.679,200.7900,100
38234679269321,10:37:14.679,200.7600,191
38234679269321,10:37:14.679,200.7600,9
38234679460596,10:37:14.679,200.7600,38
38234679759693,10:37:14.679,200.7600,53
38234679759693,10:37:14.679,200.7600,100
38234781629575,10:37:14.781,200.7500,100
38234781868206,10:37:14.781,200.7500,100
38234895048072,10:37:14.895,200.7500,100
38236038536260,10:37:16.038,200.7700,100
38236038536260,10:37:16.038,200.7700,100
38236039036553,10:37:16.039,200.7700,100
38236052122538,10:37:16.052,200.7700,100
38237091732439,10:37:17.091,200.7500,6
38238085030622,10:37:18.085,200.7500,94
38238143130031,10:37:18.143,200.7400,100
38238143130031,10:37:18.143,200.7400,100
38238143166576,10:37:18.143,200.7400,100
38238143723018,10:37:18.143,200.7300,41
38238143750821,10:37:18.143,200.7300,59
38238143750821,10:37:18.143,200.7300,41
38238144275219,10:37:18.144,200.7300,59
38238144275219,10:37:18.144,200.7300,41
38238144323253,10:37:18.144,200.7300,59
38238144323253,10:37:18.144,200.7300,41
38238144371939,10:37:18.144,200.7300,59
38242028825698,10:37:22.028,200.7600,100
38242028825698,10:37:22.028,200.7700,100
38242028825698,10:37:22.028,200.7700,100
38242028825698,10:37:22.028,200.7700,100
38242062779347,10:37:22.062,200.7800,100
38243511668949,10:37:23.511,200.8100,100
38246514631771,10:37:26.514,200.8100,17
38246514631771,10:37:26.514,200.8100,83
38246514655364,10:37:26.514,200.8100,17
38246514655364,10:37:26.514,200.8100,100
38246514657748,10:37:26.514,200.8100,100
38246745949343,10:37:26.745,200.8200,100
38246764615658,10:37:26.764,200.8200,10
38246765210117,10:37:26.765,200.8200,10
38246765641226,10:37:26.765,200.8200,1
38250327653308,10:37:30.327,200.8000,100
38250327653308,10:37:30.327,200.8000,166
38250327985537,10:37:30.327,200.8000,34
38250510516058,10:37:30.510,200.8400,155
38255452650620,10:37:35.452,200.8000,2
38255452690210,10:37:35.452,200.8000,84
38255452718959,10:37:35.452,200.8000,14
38255452718959,10:37:35.452,200.8000,23
38255452767285,10:37:35.452,200.8000,14
38255453299138,10:37:35.453,200.8000,63
38255453299138,10:37:35.453,200.8000,1
38255453299138,10:37:35.453,200.8000,100
38256005830448,10:37:36.005,200.7900,100
38256005830448,10:37:36.005,200.7900,100
38256005864843,10:37:36.005,200.7900,100
38256005864843,10:37:36.005,200.7900,100
38256006209591,10:37:36.006,200.7900,100
38256007688842,10:37:36.007,200.7800,100
38256026116393,10:37:36.026,200.7900,100
38256026241661,10:37:36.026,200.7500,1
38256026257713,10:37:36.026,200.7500,21
38256598833439,10:37:36.598,200.7800,100
38262328502866,10:37:42.328,200.7500,78
38264970429225,10:37:44.970,200.7750,100
38264970725112,10:37:44.970,200.7400,43
38264970747075,10:37:44.970,200.7400,57
38265066581096,10:37:45.066,200.7200,100
38271999421591,10:37:51.999,200.6700,100
38273916255524,10:37:53.916,200.6300,100
38273916255524,10:37:53.916,200.6300,100
38288448872807,10:38:08.448,200.6500,6
38288448872807,10:38:08.448,200.6500,32
38288449201785,10:38:08.449,200.6500,68
38288449201785,10:38:08.449,200.6500,100
38293536274181,10:38:13.536,200.6500,100
38294958117659,10:38:14.958,200.6600,100
38294963437910,10:38:14.963,200.6700,100
38294963558969,10:38:14.963,200.6700,100
38297473063730,10:38:17.473,200.6700,100
38298332041792,10:38:18.332,200.6700,100
38298332070035,10:38:18.332,200.6700,43
38298335401611,10:38:18.335,200.6700,57
38305382408494,10:38:25.382,200.6800,100
38305382408494,10:38:25.382,200.6800,100
38305382409468,10:38:25.382,200.6800,100
38305766206442,10:38:25.766,200.6900,100
38312285476081,10:38:32.285,200.6900,100
38312285476081,10:38:32.285,200.6900,62
38312285489170,10:38:32.285,200.6900,38
38312285491927,10:38:32.285,200.6900,38
38312285503509,10:38:32.285,200.6900,38
38312285520129,10:38:32.285,200.6900,24
38312671353820,10:38:32.671,200.7000,100
38312671395640,10:38:32.671,200.7000,100
38318772518015,10:38:38.772,200.7200,100
38330319324981,10:38:50.319,200.7600,100
38347476744999,10:39:07.476,200.8200,100
38347476744999,10:39:07.476,200.8200,100
38347476744999,10:39:07.476,200.8200,100
38360467209955,10:39:20.467,200.7600,100
38360467209955,10:39:20.467,200.7600,100
38360467209955,10:39:20.467,200.7600,100
38360467209955,10:39:20.467,200.7600,3
38360467212279,10:39:20.467,200.7600,300
38360468321174,10:39:20.468,200.7400,34
38360470776984,10:39:20.470,200.7400,66
38367976147775,10:39:27.976,200.8000,100
38367976147775,10:39:27.976,200.8000,100
38367976227663,10:39:27.976,200.8000,100
38367976253485,10:39:27.976,200.8000,100
38396616575138,10:39:56.616,200.8200,200
38396616575138,10:39:56.616,200.8200,100
38396616580749,10:39:56.616,200.8200,100
38396616580749,10:39:56.616,200.8200,4
38401436526370,10:40:01.436,200.8500,100
38401436526370,10:40:01.436,200.8500,100
38401436526370,10:40:01.436,200.8500,200
38401436526370,10:40:01.436,200.8500,100
38401436636959,10:40:01.436,200.8500,100
38404743544891,10:40:04.743,200.8800,100
38404743544891,10:40:04.743,200.8800,6
38414448506686,10:40:14.448,200.8500,100
38414458156606,10:40:14.458,200.8300,2
38423309776873,10:40:23.309,200.8800,100
38423309801100,10:40:23.309,200.8900,100
38423309809280,10:40:23.309,200.8900,100
38423309852512,10:40:23.309,200.8900,100
38434612327221,10:40:34.612,200.8600,64
38434612357002,10:40:34.612,200.8600,24
38434612401104,10:40:34.612,200.8600,12
38434612401104,10:40:34.612,200.8600,100
38434612401104,10:40:34.612,200.8600,36
38434612401104,10:40:34.612,200.8600,1
38436011451531,10:40:36.011,200.8300,100
38436011524195,10:40:36.011,200.8300,100
38444913822479,10:40:44.913,200.8200,64
38444913831085,10:40:44.913,200.8200,36
38444914113295,10:40:44.914,200.8100,56
38446750565662,10:40:46.750,200.8100,44
38446750565662,10:40:46.750,200.8100,55
38449040932158,10:40:49.040,200.8100,45
38449040932158,10:40:49.040,200.8100,100
38449040932158,10:40:49.040,200.8100,1
38450211059765,10:40:50.211,200.7900,100
38450211061140,10:40:50.211,200.7900,100
38451644949917,10:40:51.644,200.8300,3
38451644949917,10:40:51.644,200.8300,100
38451644949917,10:40:51.644,200.8300,200
38452979271577,10:40:52.979,200.8500,100
38452979271577,10:40:52.979,200.8500,100
38452979296806,10:40:52.979,200.8500,100
38463455975938,10:41:03.455,200.8200,4
38474251462581,10:41:14.251,200.8100,28
38485878387094,10:41:25.878,200.8200,100
38487905743521,10:41:27.905,200.8000,300
38487906245947,10:41:27.906,200.7900,100
38487906245947,10:41:27.906,200.7900,1
38487929959305,10:41:27.929,200.7800,100
38490750815382,10:41:30.750,200.8100,100
38490817999572,10:41:30.817,200.8100,100
38498812246899,10:41:38.812,200.7800,100
38499184695134,10:41:39.184,200.7900,100
38500185634850,10:41:40.185,200.7900,100
38505763628293,10:41:45.763,200.7800,1
38506622522504,10:41:46.622,200.7600,100
38506625534663,10:41:46.625,200.7500,100
38529171348556,10:42:09.171,200.7700,60
38529171373297,10:42:09.171,200.7700,140
38529171373297,10:42:09.171,200.7700,1
38534802854989,10:42:14.802,200.8000,100
38534802854989,10:42:14.802,200.8000,50
38534803150970,10:42:14.803,200.8000,150
38534803150970,10:42:14.803,200.8000,100
38534803192618,10:42:14.803,200.8000,100
38534803195588,10:42:14.803,200.8100,100
38543822425902,10:42:23.822,200.7700,38
38543822451644,10:42:23.822,200.7700,162
38551102948871,10:42:31.102,200.8100,100
38551102948871,10:42:31.102,200.8100,71
38551102967583,10:42:31.102,200.8100,29
38551102967583,10:42:31.102,200.8100,100
38587337405833,10:43:07.337,200.8100,27
38592045458834,10:43:12.045,200.8100,73
38592045458834,10:43:12.045,200.8100,27
38592045481115,10:43:12.045,200.8100,73
38592045481115,10:43:12.045,200.8100,100
38592045481115,10:43:12.045,200.8100,6
38593750747177,10:43:13.750,200.8100,100
38593755727082,10:43:13.755,200.8200,5
38593949552067,10:43:13.949,200.8100,100
38593949595016,10:43:13.949,200.8100,100
38605466612072,10:43:25.466,200.8200,26
38605912942564,10:43:25.912,200.8100,100
38605913149662,10:43:25.913,200.8100,58
38609796520922,10:43:29.796,200.8300,100
38619631065638,10:43:39.631,200.8300,100
38619631271025,10:43:39.631,200.8300,100
38622269946840,10:43:42.269,200.8300,14
38622273379479,10:43:42.273,200.8300,38
38622273436775,10:43:42.273,200.8300,48
38622273436775,10:43:42.273,200.8300,52
38640077455096,10:44:00.077,200.8100,4
38640077549435,10:44:00.077,200.8000,92
38640077642921,10:44:00.077,200.8000,8
38640077685171,10:44:00.077,200.8000,4
38647728334086,10:44:07.728,200.8400,100
38647728334086,10:44:07.728,200.8400,100
38647728334086,10:44:07.728,200.8400,6
38647728334086,10:44:07.728,200.8400,194
38647728367579,10:44:07.728,200.8400,6
38647728394551,10:44:07.728,200.8400,6
38647728411994,10:44:07.728,200.8400,100
38647728416937,10:44:07.728,200.8400,94
38656784081885,10:44:16.784,200.8400,100
38656784337286,10:44:16.784,200.8500,200
38657158822656,10:44:17.158,200.8500,20
38657417459545,10:44:17.417,200.8600,100
38657417511786,10:44:17.417,200.8600,100
38657472135570,10:44:17.472,200.8700,100
38657472135570,10:44:17.472,200.8700,100
38658208605975,10:44:18.208,200.9100,100
38663502822360,10:44:23.502,200.9100,23
38663774648359,10:44:23.774,200.9100,8
38666100416548,10:44:26.100,200.9100,9
38666640659420,10:44:26.640,200.9100,60
38666640659420,10:44:26.640,200.9100,100
38666640659420,10:44:26.640,200.9100,100
38666640681098,10:44:26.640,200.9100,4
38668559111356,10:44:28.559,200.9300,200
38668559111356,10:44:28.559,200.9400,100
38668559137946,10:44:28.559,200.9400,100
38668559137946,10:44:28.559,200.9400,100
38673431688569,10:44:33.431,200.9100,1
38673432105028,10:44:33.432,200.9100,1
38673432162329,10:44:33.432,200.9100,1
38677367812784,10:44:37.367,200.9400,100
38677368678459,10:44:37.368,200.9400,100
38681875502729,10:44:41.875,200.9700,100
38685831979762,10:44:45.831,200.9300,1
38685885493493,10:44:45.885,200.9300,100
38685885493493,10:44:45.885,200.9300,10
38685885547183,10:44:45.885,200.9300,6
38691141797562,10:44:51.141,200.9500,100
38696568517891,10:44:56.568,200.9700,100
38696568517891,10:44:56.568,200.9700,100
38696750180864,10:44:56.750,200.9900,10
38696750180864,10:44:56.750,200.9900,17
38696750823625,10:44:56.750,200.9900,17
38696750823625,10:44:56.750,200.9900,100
38696751014414,10:44:56.751,200.9900,77
38696751062739,10:44:56.751,200.9900,23
38696761044795,10:44:56.761,201.0000,455
38696761124024,10:44:56.761,201.0000,3445
38696761124024,10:44:56.761,201.0000,30
38696761124024,10:44:56.761,201.0000,10
38697543004996,10:44:57.543,201.0100,100
38698223066598,10:44:58.223,201.0100,50
38699500476202,10:44:59.500,201.0100,4
38699500476202,10:44:59.500,201.0100,95
38699500476202,10:44:59.500,201.0000,1
38699500504115,10:44:59.500,201.0000,99
38699500675054,10:44:59.500,201.0000,100
38702001874190,10:45:02.001,201.0000,1
38702003732267,10:45:02.003,201.0000,2
38702003732267,10:45:02.003,200.9900,198
38702004054444,10:45:02.004,200.9900,2
38704814321889,10:45:04.814,201.0200,100
38704814321889,10:45:04.814,201.0200,100
38718290580565,10:45:18.290,200.9900,37
38718290924283,10:45:18.290,200.9900,63
38718291207631,10:45:18.291,200.9900,100
38718305993716,10:45:18.305,200.9900,100
38722812711382,10:45:22.812,201.0050,100
38722814911624,10:45:22.814,200.9900,100
38722814911624,10:45:22.814,200.9900,1
38722814911624,10:45:22.814,200.9900,99
38722816775018,10:45:22.816,201.0050,300
38729022826790,10:45:29.022,200.9900,10
38744832085655,10:45:44.832,200.9800,100
38744931572929,10:45:44.931,200.9800,100
38744931578469,10:45:44.931,200.9800,100
38757093750323,10:45:57.093,200.9600,1
38757094859097,10:45:57.094,200.9500,60
38757095109539,10:45:57.095,200.9400,100
38757095278294,10:45:57.095,200.9400,100
38757096531397,10:45:57.096,200.9400,10
38757137063641,10:45:57.137,200.9200,25
38757813770390,10:45:57.813,200.9200,75
38757816210246,10:45:57.816,200.9100,100
38757816210246,10:45:57.816,200.9100,100
38757816210246,10:45:57.816,200.9100,100
38757816210246,10:45:57.816,200.9100,100
38757816306725,10:45:57.816,200.9100,100
38757817211646,10:45:57.817,200.9000,100
38757823468306,10:45:57.823,200.8700,100
38757895759081,10:45:57.895,200.8700,5
38757895782865,10:45:57.895,200.8700,3
38757896593493,10:45:57.896,200.8700,3
38757896593493,10:45:57.896,200.8700,97
38762055012064,10:46:02.055,200.8900,18
38762055012064,10:46:02.055,200.8900,100
38762055012064,10:46:02.055,200.8900,100
38780902869086,10:46:20.902,200.9200,100
38780903540668,10:46:20.903,200.9100,100
38793916557231,10:46:33.916,200.9200,100
38793916581267,10:46:33.916,200.9200,100
38797976237801,10:46:37.976,200.9000,100
38797976237801,10:46:37.976,200.9000,1
38797976237801,10:46:37.976,200.9000,100
38798589645552,10:46:38.589,200.8800,63
38798589686107,10:46:38.589,200.8800,37
38798590208514,10:46:38.590,200.8800,100
38808051409755,10:46:48.051,200.9200,100
38808051436974,10:46:48.051,200.9200,100
38810568753375,10:46:50.568,200.8800,100
38810569089981,10:46:50.569,200.8700,100
38810569089981,10:46:50.569,200.8700,200
38812910576537,10:46:52.910,200.8600,100
38812910576537,10:46:52.910,200.8600,1
38812911232076,10:46:52.911,200.8500,100
38813618618922,10:46:53.618,200.8400,100
38817044345189,10:46:57.044,200.8400,100
38823166839714,10:47:03.166,200.7700,22
38823167608401,10:47:03.167,200.7700,4
38823167947331,10:47:03.167,200.7700,11
38823167951018,10:47:03.167,200.7700,85
38823461886765,10:47:03.461,200.8200,100
38823462343459,10:47:03.462,200.8200,100
38823552839761,10:47:03.552,200.7800,100
38823552865601,10:47:03.552,200.7800,100
38824572964985,10:47:04.572,200.7700,126
38824573011798,10:47:04.573,200.7700,44
38824573691746,10:47:04.573,200.7650,100
38824573852604,10:47:04.573,200.7700,100
38832516599177,10:47:12.516,200.7000,100
38832518489529,10:47:12.518,200.6800,100
38832520080339,10:47:12.520,200.6800,100
38832739672842,10:47:12.739,200.6900,100
38833501332107,10:47:13.501,200.6900,166
38834752556752,10:47:14.752,200.6900,83
38838977980751,10:47:18.977,200.7200,100
38838977980751,10:47:18.977,200.7200,24
38838977980751,10:47:18.977,200.7200,23
38838977980751,10:47:18.977,200.7200,23
38838977980751,10:47:18.977,200.7200,24
38839525044444,10:47:19.525,200.7500,100
38839525407977,10:47:19.525,200.7300,82
38845736432640,10:47:25.736,200.7000,1
38845736792324,10:47:25.736,200.7000,99
38845736792324,10:47:25.736,200.7000,1
38845800803754,10:47:25.800,200.7000,100
38845800861717,10:47:25.800,200.7000,100
38876631505914,10:47:56.631,200.7000,4
38876631505914,10:47:56.631,200.6900,100
38876631505914,10:47:56.631,200.6900,1
38876631505914,10:47:56.631,200.6900,96
38876631538572,10:47:56.631,200.6900,4
38876646754289,10:47:56.646,200.6400,100
38876646754289,10:47:56.646,200.6500,100
38876646779978,10:47:56.646,200.6500,100
38877632531965,10:47:57.632,200.6900,100
38878243276166,10:47:58.243,200.6900,63
38878243276166,10:47:58.243,200.6900,45
38878243653188,10:47:58.243,200.7000,100
38878243653188,10:47:58.243,200.6700,8
38899875156183,10:48:19.875,200.6600,200
38899875156183,10:48:19.875,200.6600,100
38901096894082,10:48:21.096,200.6500,27
38901100724561,10:48:21.100,200.6600,73
38901999278157,10:48:21.999,200.6000,100
38901999278157,10:48:21.999,200.6000,83
38906114282326,10:48:26.114,200.6200,100
38906114282326,10:48:26.114,200.6200,84
38906114282326,10:48:26.114,200.6200,116
38906114481156,10:48:26.114,200.6300,100
38906114563300,10:48:26.114,200.6400,100
38907115222443,10:48:27.115,200.6300,100
38916682867350,10:48:36.682,200.6600,27
38916682867350,10:48:36.682,200.6600,29
38916682867350,10:48:36.682,200.6600,61
38916682867350,10:48:36.682,200.6600,83
38916683629034,10:48:36.683,200.6900,100
38918798331133,10:48:38.798,200.6800,100
38918798331133,10:48:38.798,200.6800,3
38919217577786,10:48:39.217,200.6800,100
38919217577786,10:48:39.217,200.6800,4
38919347144454,10:48:39.347,200.6900,62
38919450664158,10:48:39.450,200.6900,52
38919576033908,10:48:39.576,200.6900,48
38919576033908,10:48:39.576,200.6900,55
38919896740145,10:48:39.896,200.6500,100
38919896740145,10:48:39.896,200.6500,73
38920511918700,10:48:40.511,200.7000,52
38921691870226,10:48:41.691,200.7000,48
38921691870226,10:48:41.691,200.7000,56
38921803027986,10:48:41.803,200.7000,22
38921803027986,10:48:41.803,200.7000,39
38923273246978,10:48:43.273,200.7000,62
38925714877893,10:48:45.714,200.6500,100
38925714887124,10:48:45.714,200.6500,1
38928044756288,10:48:48.044,200.6400,1
38928044756288,10:48:48.044,200.6400,100
38928044757219,10:48:48.044,200.6400,95
38928044772731,10:48:48.044,200.6400,5
38928044778972,10:48:48.044,200.6300,100
38928044778972,10:48:48.044,200.6300,48
38928044852987,10:48:48.044,200.6400,79
38928044905911,10:48:48.044,200.6400,21
38928114323915,10:48:48.114,200.6300,100
38928114353083,10:48:48.114,200.6300,10
38928208045803,10:48:48.208,200.6200,100
38928208045803,10:48:48.208,200.6200,100
38928212739564,10:48:48.212,200.6100,180
38938352331852,10:48:58.352,200.6200,100
38938352346612,10:48:58.352,200.6100,1
38938642281425,10:48:58.642,200.6000,52
38938671844553,10:48:58.671,200.5900,100
38938675104891,10:48:58.675,200.5700,113
38938675408778,10:48:58.675,200.5650,87
38938675417525,10:48:58.675,200.5650,100
38938675593134,10:48:58.675,200.5650,13
38938675593134,10:48:58.675,200.5700,74
38938675632778,10:48:58.675,200.5700,13
38938748179258,10:48:58.748,200.6000,48
38939023435562,10:48:59.023,200.6100,100
38940021343442,10:49:00.021,200.6400,100
38948837123648,10:49:08.837,200.6000,86
38948840012416,10:49:08.840,200.6100,4
38948840012416,10:49:08.840,200.6100,196
38960791883512,10:49:20.791,200.6600,100
38966417315613,10:49:26.417,200.6100,2
38966417315613,10:49:26.417,200.6000,99
38966417345707,10:49:26.417,200.6000,1
38966417345707,10:49:26.417,200.6000,1
38966418060083,10:49:26.418,200.5900,100
38966419207084,10:49:26.419,200.5800,100
38966419207084,10:49:26.419,200.5800,100
38966499564345,10:49:26.499,200.5600,100
38966499564345,10:49:26.499,200.5600,100
38966503800800,10:49:26.503,200.5600,100
38966505781778,10:49:26.505,200.5500,100
38966506682620,10:49:26.506,200.5500,100
38971011266230,10:49:31.011,200.6100,100
38971011266230,10:49:31.011,200.6000,100
38977266052800,10:49:37.266,200.6200,100
38989109013611,10:49:49.109,200.6100,100
38989109013611,10:49:49.109,200.6100,100
39000141136794,10:50:00.141,200.6100,1
39003360515492,10:50:03.360,200.5600,100
39003361064127,10:50:03.361,200.5500,100
39003374147340,10:50:03.374,200.5900,10
39003445854914,10:50:03.445,200.6000,100
39004344933501,10:50:04.344,200.6000,62
39006996227720,10:50:06.996,200.6000,38
39006996227720,10:50:06.996,200.6000,25
39008038453684,10:50:08.038,200.6300,100
39015285437009,10:50:15.285,200.6500,100
39015286118645,10:50:15.286,200.6700,100
39015286163239,10:50:15.286,200.6700,100
39015286167489,10:50:15.286,200.6800,100
39023175133082,10:50:23.175,200.6900,83
39025554783916,10:50:25.554,200.6900,17
39025555590015,10:50:25.555,200.7000,100
39028423465620,10:50:28.423,200.6800,14
39028423493318,10:50:28.423,200.6800,86
39028431900798,10:50:28.431,200.6500,1
39028431900798,10:50:28.431,200.6500,200
39028432011870,10:50:28.432,200.6500,100
39031449359271,10:50:31.449,200.6900,100
39041378967093,10:50:41.378,200.6400,100
39041378967093,10:50:41.378,200.6400,200
39068619422078,10:51:08.619,200.6900,100
39068619422078,10:51:08.619,200.6900,93
39068619426866,10:51:08.619,200.6900,7
39068619426866,10:51:08.619,200.6900,100
39068619426866,10:51:08.619,200.6900,100
39090270236504,10:51:30.270,200.6900,2
39095708145447,10:51:35.708,200.6900,100
39095708145447,10:51:35.708,200.6900,74
39095708274231,10:51:35.708,200.6800,74
39095708274231,10:51:35.708,200.6800,100
39126400138720,10:52:06.400,200.6700,200
39126400138720,10:52:06.400,200.6700,1
39126400138720,10:52:06.400,200.6700,100
39126400383154,10:52:06.400,200.6700,100
39131449920788,10:52:11.449,200.6600,100
39131449920788,10:52:11.449,200.6600,8
39131449921677,10:52:11.449,200.6600,11
39131450555958,10:52:11.450,200.6400,100
39142395585075,10:52:22.395,200.6300,1
39155892964069,10:52:35.892,200.6900,100
39155892964069,10:52:35.892,200.6900,100
39155893407099,10:52:35.893,200.7000,100
39155893948304,10:52:35.893,200.6900,100
39159434590988,10:52:39.434,200.6700,100
39159434590988,10:52:39.434,200.6700,100
39162024438405,10:52:42.024,200.6500,100
39162024438405,10:52:42.024,200.6700,4
39179293132610,10:52:59.293,200.6200,65
39179293162537,10:52:59.293,200.6200,35
39179293162537,10:52:59.293,200.6200,1
39180649207337,10:53:00.649,200.5700,100
39180854119159,10:53:00.854,200.5900,1
39188150117340,10:53:08.150,200.5400,75
39188152647496,10:53:08.152,200.5700,10
39188162093525,10:53:08.162,200.6000,100
39188162093525,10:53:08.162,200.6000,100
39188162246604,10:53:08.162,200.6000,1
39188599096988,10:53:08.599,200.6000,100
39191198314299,10:53:11.198,200.5400,100
39191198314299,10:53:11.198,200.5400,10
39191198314299,10:53:11.198,200.5400,10
39191198314299,10:53:11.198,200.5400,10
39191198314299,10:53:11.198,200.5400,10
39196278626791,10:53:16.278,200.5900,100
39212579924767,10:53:32.579,200.6100,100
39212579924767,10:53:32.579,200.6100,100
39213970016324,10:53:33.970,200.5900,25
39213970368987,10:53:33.970,200.5900,75
39216616674586,10:53:36.616,200.5900,10
39219422079361,10:53:39.422,200.5600,1
39219422228049,10:53:39.422,200.5600,1
39219422430227,10:53:39.422,200.5600,1
39224029842182,10:53:44.029,200.5900,38
39224029884387,10:53:44.029,200.5900,52
39247156556211,10:54:07.156,200.6000,4
39261725281808,10:54:21.725,200.5600,1
39269574069024,10:54:29.574,200.5600,100
39270731865312,10:54:30.731,200.5600,1
39270732194915,10:54:30.732,200.5500,100
39270732194915,10:54:30.732,200.5500,100
39273210706255,10:54:33.210,200.5800,100
39273210706255,10:54:33.210,200.5800,100
39274106158154,10:54:34.106,200.5500,100
39281600936177,10:54:41.600,200.5700,50
39281601020121,10:54:41.601,200.5800,100
39281601020121,10:54:41.601,200.5800,129
39281601073310,10:54:41.601,200.5800,71
39281601087864,10:54:41.601,200.5900,29
39284256220194,10:54:44.256,200.5900,71
39291192437449,10:54:51.192,200.6100,100
39291722288806,10:54:51.722,200.5900,100
39293274934463,10:54:53.274,200.5900,1
39293284454578,10:54:53.284,200.5800,1
39300246560524,10:55:00.246,200.5800,99
39300246560524,10:55:00.246,200.5800,1
39306071931307,10:55:06.071,200.6100,100
39306071962096,10:55:06.071,200.6100,37
39306071962096,10:55:06.071,200.6100,100
39306071962096,10:55:06.071,200.6100,65
39306072014056,10:55:06.072,200.6100,35
39308079366557,10:55:08.079,200.6200,100
39312130589920,10:55:12.130,200.6200,1
39314322178744,10:55:14.322,200.6200,1
39318395015145,10:55:18.395,200.6400,100
39319624296526,10:55:19.624,200.6550,100
39324241696544,10:55:24.241,200.6400,100
39324242317744,10:55:24.242,200.6300,2
39324243141409,10:55:24.243,200.6200,100
39324243197086,10:55:24.243,200.6200,100
39324243197086,10:55:24.243,200.6200,1
39324243197086,10:55:24.243,200.6200,99
39324243752766,10:55:24.243,200.6200,1
39324247297132,10:55:24.247,200.6100,100
39325242682519,10:55:25.242,200.6400,100
39326554858510,10:55:26.554,200.6400,100
39333800028405,10:55:33.800,200.6600,100
39340353173155,10:55:40.353,200.6750,100
39344540750250,10:55:44.540,200.6500,1
39344540750250,10:55:44.540,200.6500,100
39344547059732,10:55:44.547,200.6400,100
39350868887767,10:55:50.868,200.6300,130
39352401531113,10:55:52.401,200.6300,100
39352401531113,10:55:52.401,200.6400,100
39352418389048,10:55:52.418,200.6700,100
39352418389048,10:55:52.418,200.6700,100
39352418514673,10:55:52.418,200.6500,10
39352418598527,10:55:52.418,200.6700,10
39352418842693,10:55:52.418,200.6700,100
39352423554355,10:55:52.423,200.6500,10
39352424004123,10:55:52.424,200.6400,10
39352424004123,10:55:52.424,200.6400,100
39372463219422,10:56:12.463,200.6700,10
39372463219422,10:56:12.463,200.6700,1
39372463219422,10:56:12.463,200.6700,10
39372463219422,10:56:12.463,200.6700,1
39390946380768,10:56:30.946,200.6500,1
39390946959348,10:56:30.946,200.6700,100
39390947231630,10:56:30.947,200.6400,100
39390952124017,10:56:30.952,200.6300,69
39390957838264,10:56:30.957,200.6300,10
39390957838264,10:56:30.957,200.6200,90
39394711978284,10:56:34.711,200.6500,100
39408180211496,10:56:48.180,200.6500,100
39420007518806,10:57:00.007,200.6200,10
39420007518806,10:57:00.007,200.6200,100
39420007518806,10:57:00.007,200.6200,90
39420007518806,10:57:00.007,200.6200,1
39420007632370,10:57:00.007,200.6200,100
39420007681097,10:57:00.007,200.6100,63
39420007697978,10:57:00.007,200.6100,37
39420007697978,10:57:00.007,200.6100,63
39420007713694,10:57:00.007,200.6100,37
39420007872987,10:57:00.007,200.6100,23
39430270258473,10:57:10.270,200.6200,1
39438683274826,10:57:18.683,200.5600,100
39438683282143,10:57:18.683,200.5600,100
39438686914542,10:57:18.686,200.5800,10
39438687920444,10:57:18.687,200.6000,100
39438687920444,10:57:18.687,200.6000,100
39438894108012,10:57:18.894,200.5900,30
39439081704502,10:57:19.081,200.5850,100
39441380755976,10:57:21.380,200.6000,100
39441380755976,10:57:21.380,200.6000,6
39444996672207,10:57:24.996,200.6000,100
39452259877600,10:57:32.259,200.6000,100
39456278317306,10:57:36.278,200.5700,30
39456278317306,10:57:36.278,200.5700,100
39456278317306,10:57:36.278,200.5700,70
39457027838584,10:57:37.027,200.6000,100
39463635218371,10:57:43.635,200.6100,100
39463635261679,10:57:43.635,200.6100,100
39463635267622,10:57:43.635,200.6100,100
39463635555424,10:57:43.635,200.6200,100
39463635647515,10:57:43.635,200.6200,100
39463636473189,10:57:43.636,200.6300,100
39466619530983,10:57:46.619,200.5900,100
39466619563346,10:57:46.619,200.5800,1
39467099375856,10:57:47.099,200.5700,90
39467099404905,10:57:47.099,200.5700,10
39467099404905,10:57:47.099,200.5700,1
39467100407363,10:57:47.100,200.5600,100
39467237758357,10:57:47.237,200.5700,9
39467247613526,10:57:47.247,200.5600,100
39467248722682,10:57:47.248,200.5700,100
39471010781839,10:57:51.010,200.6200,47
39481246346177,10:58:01.246,200.6200,100
39484834585426,10:58:04.834,200.6400,100
39484835526604,10:58:04.835,200.6500,100
39484835538825,10:58:04.835,200.6500,6
39490022815856,10:58:10.022,200.6700,119
39506768813882,10:58:26.768,200.6500,1
39506768876378,10:58:26.768,200.6400,1
39506768884702,10:58:26.768,200.6400,1
39508635609494,10:58:28.635,200.6400,18
39508635633405,10:58:28.635,200.6400,82
39511032768383,10:58:31.032,200.6200,25
39516329096428,10:58:36.329,200.6100,100
39516329096428,10:58:36.329,200.6100,100
39516329096428,10:58:36.329,200.6100,1
39519822168370,10:58:39.822,200.5800,100
39524554842845,10:58:44.554,200.6100,100
39524555343995,10:58:44.555,200.6100,100
39533991923307,10:58:53.991,200.6100,100
39535439313776,10:58:55.439,200.6300,100
39577877311553,10:59:37.877,200.6100,25
39583532040453,10:59:43.532,200.6500,100
39583532040453,10:59:43.532,200.6500,100
39585103531334,10:59:45.103,200.6700,200
39585312712084,10:59:45.312,200.6800,100
39585436879300,10:59:45.436,200.6900,5
39586745932744,10:59:46.745,200.6900,95
39586745932744,10:59:46.745,200.6900,100
39586745932744,10:59:46.745,200.6900,100
39587024094049,10:59:47.024,200.6800,200
39587024187347,10:59:47.024,200.6800,100
39589546796786,10:59:49.546,200.6700,2
39589546829829,10:59:49.546,200.6700,100
39589546865280,10:59:49.546,200.6700,2
39590326746742,10:59:50.326,200.6400,38
39590327367497,10:59:50.327,200.6400,62
39600285776214,11:00:00.285,200.6600,100
39601235079961,11:00:01.235,200.7000,100
39602816309960,11:00:02.816,200.6900,25
39603462006410,11:00:03.462,200.7100,100
39603462032277,11:00:03.462,200.7100,100
39603728011931,11:00:03.728,200.7000,57
39607252702104,11:00:07.252,200.7200,6
39607252702104,11:00:07.252,200.7200,100
39608751343747,11:00:08.751,200.7300,100
39608752042084,11:00:08.752,200.7400,100
39608752066911,11:00:08.752,200.7400,100
39608971646818,11:00:08.971,200.7100,4
39608998459040,11:00:08.998,200.7000,43
39608998459040,11:00:08.998,200.7000,1
39609785796936,11:00:09.785,200.6700,100
39609785796936,11:00:09.785,200.6700,100
39609805519336,11:00:09.805,200.6600,100
39610149580989,11:00:10.149,200.6500,100
39610149580989,11:00:10.149,200.6600,50
39611446023073,11:00:11.446,200.6200,100
39629284707919,11:00:29.284,200.6100,2
39629284707919,11:00:29.284,200.6100,100
39629284707919,11:00:29.284,200.6100,100
39629284844268,11:00:29.284,200.6100,100
39629306739019,11:00:29.306,200.6000,10
39633088165579,11:00:33.088,200.5800,1
39633088165579,11:00:33.088,200.5800,200
39633088165579,11:00:33.088,200.5800,100
39633088520754,11:00:33.088,200.5700,90
39634362144233,11:00:34.362,200.5900,100
39645639587508,11:00:45.639,200.5500,24
39645639612323,11:00:45.639,200.5500,1
39645639612323,11:00:45.639,200.5500,4
39645639964997,11:00:45.639,200.5300,100
39646013007185,11:00:46.013,200.6000,100
39646020633907,11:00:46.020,200.6100,100
39654929499741,11:00:54.929,200.6100,39
39654929499741,11:00:54.929,200.6100,17
39656121224422,11:00:56.121,200.6200,100
39662804005858,11:01:02.804,200.6600,100
39662824898274,11:01:02.824,200.7200,200
39662940683105,11:01:02.940,200.7600,100
39662940683105,11:01:02.940,200.7600,100
39663054264851,11:01:03.054,200.8000,9
39663390613006,11:01:03.390,200.8800,9
39663390685811,11:01:03.390,200.8900,9
39663459585278,11:01:03.459,200.9400,100
39663459585278,11:01:03.459,200.9400,100
39663460653541,11:01:03.460,200.9500,5
39663461157830,11:01:03.461,200.9500,4
39663461157830,11:01:03.461,200.9500,4
39663462448879,11:01:03.462,200.9500,5
39663462462765,11:01:03.462,200.9500,91
39663462462765,11:01:03.462,200.9600,100
39663462462765,11:01:03.462,200.9900,9
39663464456227,11:01:03.464,200.9900,109
39663467685320,11:01:03.467,200.9900,9
39663469539423,11:01:03.469,200.9900,100
39663469836075,11:01:03.469,200.9900,100
39663470128783,11:01:03.470,200.9900,73
39663471913997,11:01:03.471,201.0000,9
39663473155969,11:01:03.473,201.0000,5
39663473413701,11:01:03.473,201.0000,9
39663476210507,11:01:03.476,201.0000,5
39663476293161,11:01:03.476,201.0000,4
39663477378773,11:01:03.477,201.0000,2
39663478651922,11:01:03.478,201.0000,7
39663479028433,11:01:03.479,201.0000,2
39663479969839,11:01:03.479,201.0000,3
39663480512485,11:01:03.480,201.0000,5
39663480767946,11:01:03.480,201.0000,9
39663487060960,11:01:03.487,201.0000,5
39663488818309,11:01:03.488,201.0000,1
39663490808242,11:01:03.490,200.9800,3
39663494445157,11:01:03.494,201.0000,5
39663495875590,11:01:03.495,201.0000,9
39663496576908,11:01:03.496,201.0000,9
39664038760267,11:01:04.038,200.9700,100
39664667285120,11:01:04.667,201.0000,50
39664668552291,11:01:04.668,201.0000,100
39664946869936,11:01:04.946,201.0000,100
39664946869936,11:01:04.946,201.0000,10
39664946869936,11:01:04.946,201.0000,49
39664946990004,11:01:04.946,201.0000,100
39664947211356,11:01:04.947,201.0000,100
39665063700089,11:01:05.063,200.9700,100
39665204657756,11:01:05.204,200.9700,3
39665205206337,11:01:05.205,200.9700,1
39666851692135,11:01:06.851,200.9400,100
39666851692135,11:01:06.851,200.9400,100
39666851701727,11:01:06.851,200.9400,100
39666851702541,11:01:06.851,200.9400,100
39666851702541,11:01:06.851,200.9400,48
39666852069668,11:01:06.852,200.9400,52
39666852069668,11:01:06.852,200.9300,48
39666855574785,11:01:06.855,200.9300,52
39666855574785,11:01:06.855,200.9300,48
39666856379965,11:01:06.856,200.9300,5
39666859755893,11:01:06.859,200.9300,25
39666859996183,11:01:06.859,200.9300,22
39666870973632,11:01:06.870,200.8900,5
39666872788527,11:01:06.872,200.8900,95
39666872788527,11:01:06.872,200.8900,100
39666872788527,11:01:06.872,200.8900,100
39666899802213,11:01:06.899,200.8900,3
39667073555927,11:01:07.073,200.8900,2
39667173150250,11:01:07.173,200.8600,9
39667377326359,11:01:07.377,200.8400,100
39671064066113,11:01:11.064,200.8800,100
39671064066113,11:01:11.064,200.8800,100
39672058609988,11:01:12.058,200.9000,100
39672067054687,11:01:12.067,200.9100,100
39672067151037,11:01:12.067,200.9100,100
39674318944058,11:01:14.318,200.9100,12
39674318944058,11:01:14.318,200.9000,88
39674319041538,11:01:14.319,200.9000,12
39677063073890,11:01:17.063,200.9600,28
39679893035247,11:01:19.893,200.8800,1
39679893114895,11:01:19.893,200.8800,1
39679893238855,11:01:19.893,200.8800,1
39680680392425,11:01:20.680,200.8700,1
39690727307935,11:01:30.727,200.9600,100
