timestamp,time,price,volume
34200133106313,09:30:00.133,56.0900,7776
34205006499816,09:30:05.006,56.0500,100
34220534407146,09:30:20.534,56.0300,400
34252450673185,09:30:52.450,56.0300,100
34254451581562,09:30:54.451,56.0300,400
34287788932833,09:31:27.788,56.0200,100
34325413444975,09:32:05.413,56.0300,163
34325809933905,09:32:05.809,56.0300,300
34350756661708,09:32:30.756,56.0500,300
34622541307767,09:37:02.541,56.0300,1300
34622541307767,09:37:02.541,56.0300,300
34626107650843,09:37:06.107,56.0400,300
34651829179826,09:37:31.829,56.0400,100
34651829192801,09:37:31.829,56.0400,100
34663451459504,09:37:43.451,56.0300,100
34681913316910,09:38:01.913,56.0400,100
34681913323700,09:38:01.913,56.0400,100
34846761921206,09:40:46.761,56.0500,100
34888515845599,09:41:28.515,56.0400,140
35117107359697,09:45:17.107,56.0200,11
35330635008298,09:48:50.635,56.0000,100
35330635225205,09:48:50.635,56.0000,50
35330635225205,09:48:50.635,56.0000,50
35330636555817,09:48:50.636,56.0000,198
35330638061189,09:48:50.638,56.0000,132
35413876415060,09:50:13.876,56.0100,400
35664658179533,09:54:24.658,56.0000,300
35685446359676,09:54:45.446,56.0100,339
35685446482588,09:54:45.446,56.0100,100
35764331012763,09:56:04.331,55.9900,100
36167420917356,10:02:47.420,55.9300,100
36239412790324,10:03:59.412,55.9300,100
36337327665699,10:05:37.327,55.9100,100
37011108436263,10:16:51.108,55.9300,100
37017241430943,10:16:57.241,55.9300,100
37108495745198,10:18:28.495,55.9000,6
37171256507475,10:19:31.256,55.9000,100
37171256531902,10:19:31.256,55.9000,100
37171256535877,10:19:31.256,55.9000,100
37171256551847,10:19:31.256,55.9000,200
37171256551847,10:19:31.256,55.9000,100
37178028718017,10:19:38.028,55.9100,500
37248033396005,10:20:48.033,55.9200,261
37502697728316,10:25:02.697,55.9300,100
37502697728316,10:25:02.697,55.9300,100
37693819247723,10:28:13.819,55.9400,100
37694565801129,10:28:14.565,55.9400,100
37801177964365,10:30:01.177,55.9500,100
37839699551948,10:30:39.699,55.9600,100
38076397000046,10:34:36.397,55.9600,41
38076397263359,10:34:36.397,55.9600,100
38076397839001,10:34:36.397,55.9600,659
38116784392374,10:35:16.784,55.9600,100
38116784444540,10:35:16.784,55.9600,100
38116784785230,10:35:16.784,55.9600,100
38221784029943,10:37:01.784,55.9700,100
38221784029943,10:37:01.784,55.9700,100
38221784029943,10:37:01.784,55.9700,100
38238143152161,10:37:18.143,55.9700,100
38238150277234,10:37:18.150,55.9700,100
38309119570050,10:38:29.119,55.9500,400
38605691309849,10:43:25.691,55.9800,100
38605691317852,10:43:25.691,55.9800,100
38705740113673,10:45:05.740,56.0300,900
38705740113673,10:45:05.740,56.0300,2500
38705795866163,10:45:05.795,56.0300,2100
38705795866163,10:45:05.795,56.0300,194
38708801031084,10:45:08.801,56.0200,200
38713463454374,10:45:13.463,56.0200,300
38729206227320,10:45:29.206,56.0200,100
38736251854802,10:45:36.251,56.0200,200
38740539346207,10:45:40.539,56.0200,36
38824212416854,10:47:04.212,56.0100,100
38824212446685,10:47:04.212,56.0100,20
38838979697629,10:47:18.979,56.0100,100
38842237839506,10:47:22.237,56.0100,400
39002389237585,10:50:02.389,56.0000,100
39002389326527,10:50:02.389,56.0000,300
39101258992052,10:51:41.258,55.9900,100
39146662382557,10:52:26.662,56.0000,100
39536967563308,10:58:56.967,56.0000,100
39536967793199,10:58:56.967,56.0000,400
39536967793199,10:58:56.967,56.0000,100
39601010556018,11:00:01.010,56.0100,100
39601010556018,11:00:01.010,56.0100,100
39663467037160,11:01:03.467,56.0400,235
39800957945926,11:03:20.957,56.0400,100
40048115618385,11:07:28.115,56.0350,100
40125698254194,11:08:45.698,56.0300,100
40125698254194,11:08:45.698,56.0300,100
40309665421026,11:11:49.665,56.0300,100
40327111807817,11:12:07.111,56.0400,100
40503220110050,11:15:03.220,56.0500,100
40563980198126,11:16:03.980,56.0500,100
40897595838447,11:21:37.595,56.0400,100
40900756827263,11:21:40.756,56.0400,100
41284346242973,11:28:04.346,56.0100,100
41284347032269,11:28:04.347,56.0100,100
41322252239371,11:28:42.252,56.0100,100
41380113687983,11:29:40.113,56.0300,100
41492263962722,11:31:32.263,56.0400,100
41657714048369,11:34:17.714,56.0600,100
41676594603196,11:34:36.594,56.0600,100
41676594603196,11:34:36.594,56.0600,100
41682088385825,11:34:42.088,56.0600,100
41789765582255,11:36:29.765,56.0700,196
41789776337146,11:36:29.776,56.0700,100
41789793052931,11:36:29.793,56.0700,3704
41805850149927,11:36:45.850,56.0700,100
41806861834061,11:36:46.861,56.0700,100
41894752216647,11:38:14.752,56.0700,100
41948258502484,11:39:08.258,56.0600,100
41948258779586,11:39:08.258,56.0600,100
41999939045783,11:39:59.939,56.0600,100
42021736606262,11:40:21.736,56.0700,100
42107230141349,11:41:47.230,56.0600,100
42120171235808,11:42:00.171,56.0700,100
42121351154700,11:42:01.351,56.0700,100
42130185265746,11:42:10.185,56.0700,100
42131248102849,11:42:11.248,56.0700,100
42301186645479,11:45:01.186,56.0900,100
42301186645479,11:45:01.186,56.0900,100
42630191025267,11:50:30.191,56.0800,100
42630191031616,11:50:30.191,56.0800,100
42674097470585,11:51:14.097,56.0800,100
42739076052586,11:52:19.076,56.0700,8
42792250540570,11:53:12.250,56.0800,100
42792250626824,11:53:12.250,56.0800,100
42986101483757,11:56:26.101,56.0900,100
43198671334940,11:59:58.671,56.1000,50
43198671334940,11:59:58.671,56.1000,50
43198671411625,11:59:58.671,56.1000,98
43198671411625,11:59:58.671,56.1000,2
43198671413719,11:59:58.671,56.1000,100
43198671493078,11:59:58.671,56.1000,100
43198671526567,11:59:58.671,56.1000,100
43198671677744,11:59:58.671,56.1000,38
43198671822693,11:59:58.671,56.1000,108
43198671822693,11:59:58.671,56.1000,100
43311811522571,12:01:51.811,56.1000,200
43329518889920,12:02:09.518,56.1000,100
44071331221029,12:14:31.331,56.1000,100
44071331352128,12:14:31.331,56.1050,100
44445976555648,12:20:45.976,56.1000,100
44445976555648,12:20:45.976,56.1000,100
44445976555648,12:20:45.976,56.1000,100
44445976555648,12:20:45.976,56.1000,100
44445976555648,12:20:45.976,56.1000,100
44445976555648,12:20:45.976,56.1000,100
44536798486175,12:22:16.798,56.1100,100
44536798486175,12:22:16.798,56.1100,100
44689173685381,12:24:49.173,56.0900,2
45013673224171,12:30:13.673,56.0800,100
45013674577191,12:30:13.674,56.0800,275
45013675427877,12:30:13.675,56.0800,25
45487219934377,12:38:07.219,56.0600,100
45487219934377,12:38:07.219,56.0600,100
45669031866180,12:41:09.031,56.0700,100
45674430039534,12:41:14.430,56.0700,100
46309791101369,12:51:49.791,56.0900,10
46434329905953,12:53:54.329,56.0950,40
46454080030388,12:54:14.080,56.0900,100
46454080040208,12:54:14.080,56.0900,100
46487313459019,12:54:47.313,56.0900,100
46525810798129,12:55:25.810,56.0850,200
46525982232987,12:55:25.982,56.0800,100
46525982296362,12:55:25.982,56.0800,200
46813517474296,13:00:13.517,56.0700,100
46998509741376,13:03:18.509,56.0600,100
47001720400350,13:03:21.720,56.0600,100
47001720400350,13:03:21.720,56.0600,100
47001720400350,13:03:21.720,56.0600,100
47040403072521,13:04:00.403,56.0600,100
47040403072521,13:04:00.403,56.0600,200
47051493465457,13:04:11.493,56.0600,300
47051493465457,13:04:11.493,56.0600,100
47145196633260,13:05:45.196,56.0700,100
47759822164487,13:15:59.822,56.0600,100
47759822164487,13:15:59.822,56.0600,100
47759822164487,13:15:59.822,56.0600,100
47843148612028,13:17:23.148,56.0600,300
47985441618032,13:19:45.441,56.0500,4000
47985467988660,13:19:45.467,56.0500,100
47985489755384,13:19:45.489,56.0500,200
47985496311943,13:19:45.496,56.0500,100
47985684560168,13:19:45.684,56.0500,10
48029458843086,13:20:29.458,56.0400,90
48029458979441,13:20:29.458,56.0400,818
48030140756213,13:20:30.140,56.0300,200
48059487369091,13:20:59.487,56.0300,100
48059487369091,13:20:59.487,56.0300,100
48180578736555,13:23:00.578,56.0300,200
48181465887693,13:23:01.465,56.0300,100
48271589326541,13:24:31.589,56.0400,100
48659182145892,13:30:59.182,56.0500,18
48659182145892,13:30:59.182,56.0500,82
48659182202554,13:30:59.182,56.0500,18
48659182202554,13:30:59.182,56.0500,82
48659182236995,13:30:59.182,56.0500,18
48659182236995,13:30:59.182,56.0500,100
48659182236995,13:30:59.182,56.0500,1
48909551773167,13:35:09.551,56.0500,200
49355950221187,13:42:35.950,56.0450,100
49355950230667,13:42:35.950,56.0400,6
49355951985363,13:42:35.951,56.0450,200
49370847007125,13:42:50.847,56.0400,100
49377412258397,13:42:57.412,56.0400,100
49446984120697,13:44:06.984,56.0400,100
49455243123615,13:44:15.243,56.0400,100
49463567181745,13:44:23.567,56.0300,94
49463567265205,13:44:23.567,56.0300,6
49503406059649,13:45:03.406,56.0200,10
49633142630846,13:47:13.142,56.0100,100
49701162327978,13:48:21.162,56.0000,200
49851189006783,13:50:51.189,56.0000,100
49851189006783,13:50:51.189,56.0000,100
50129274767705,13:55:29.274,56.0100,100
50129274822191,13:55:29.274,56.0100,100
50155000592975,13:55:55.000,56.0100,100
50155000759050,13:55:55.000,56.0100,130
50155000878510,13:55:55.000,56.0100,174
50155005606117,13:55:55.005,56.0100,15
50402676553693,14:00:02.676,56.0000,100
50402676558723,14:00:02.676,56.0000,100
50402676558723,14:00:02.676,56.0000,100
50402692870305,14:00:02.692,56.0000,1
50402693669719,14:00:02.693,56.0000,1
50402694096475,14:00:02.694,56.0000,1
50402695288281,14:00:02.695,56.0000,1
50402695976840,14:00:02.695,56.0000,1
50402696859090,14:00:02.696,56.0000,95
50407210198193,14:00:07.210,56.0500,311
50407470162142,14:00:07.470,56.0500,89
50408994079591,14:00:08.994,56.1000,25
50409962476306,14:00:09.962,56.1200,117
50413012049047,14:00:13.012,56.1600,12
50413012049047,14:00:13.012,56.1600,8
50447059772767,14:00:47.059,56.2200,200
50462744598358,14:01:02.744,56.2700,100
50512882795489,14:01:52.882,56.2700,100
50537073899048,14:02:17.073,56.2500,200
50581034350631,14:03:01.034,56.2800,800
50581034350631,14:03:01.034,56.2800,100
50598586612443,14:03:18.586,56.2900,30
50598847826881,14:03:18.847,56.2900,70
50606282665173,14:03:26.282,56.3000,45
50606282665173,14:03:26.282,56.3000,500
50606282732173,14:03:26.282,56.3000,100
50606282868752,14:03:26.282,56.3100,100
50606334953860,14:03:26.334,56.3100,100
50656179911913,14:04:16.179,56.3500,4
50675327590628,14:04:35.327,56.3700,5
50702630208039,14:05:02.630,56.3800,100
50702630208039,14:05:02.630,56.3800,100
50702630208039,14:05:02.630,56.3800,100
50735382548802,14:05:35.382,56.3700,200
50792503777699,14:06:32.503,56.3800,100
50792503777699,14:06:32.503,56.3800,100
50795032866683,14:06:35.032,56.3800,100
50795032987986,14:06:35.032,56.3800,100
50795033290658,14:06:35.033,56.3800,100
50795033398049,14:06:35.033,56.3800,100
50795033923607,14:06:35.033,56.3800,100
50795033990061,14:06:35.033,56.3800,100
50795034061593,14:06:35.034,56.3800,100
50795035205662,14:06:35.035,56.3800,100
50870493694432,14:07:50.493,56.3600,20
51009875957977,14:10:09.875,56.3400,100
51009875957977,14:10:09.875,56.3400,100
51076550468116,14:11:16.550,56.4000,100
51234459381118,14:13:54.459,56.4200,100
51240926710954,14:14:00.926,56.4300,100
51256390435706,14:14:16.390,56.4500,200
51272335072567,14:14:32.335,56.4600,200
51300164282371,14:15:00.164,56.4500,100
51300164677857,14:15:00.164,56.4500,100
51300166937189,14:15:00.166,56.4500,521
51300167788835,14:15:00.167,56.4500,279
51300167788835,14:15:00.167,56.4500,191
51308595703791,14:15:08.595,56.4500,100
51308601481280,14:15:08.601,56.4500,100
51371524171225,14:16:11.524,56.4600,100
51371524171225,14:16:11.524,56.4600,60
51371524264994,14:16:11.524,56.4600,40
51442023921829,14:17:22.023,56.4700,200
51477189778083,14:17:57.189,56.4700,100
51556849077299,14:19:16.849,56.4900,15
51556849077299,14:19:16.849,56.4900,50
51556849077299,14:19:16.849,56.4900,66
51556849162895,14:19:16.849,56.4900,34
51556849162895,14:19:16.849,56.4900,100
51571003083506,14:19:31.003,56.5000,200
51635665707188,14:20:35.665,56.5000,27
51654048700312,14:20:54.048,56.5000,100
51703795297619,14:21:43.795,56.5600,27
51703795322217,14:21:43.795,56.5600,73
51803797712123,14:23:23.797,56.5800,100
51848054002146,14:24:08.054,56.5800,200
51912132875502,14:25:12.132,56.5500,100
51946516619157,14:25:46.516,56.5600,100
52084289678301,14:28:04.289,56.5100,100
52200993837953,14:30:00.993,56.4800,100
52204933135462,14:30:04.933,56.4700,100
52204934106255,14:30:04.934,56.4600,100
52204935162065,14:30:04.935,56.4700,100
52204936117868,14:30:04.936,56.4700,100
52212042610085,14:30:12.042,56.4800,100
52232184366192,14:30:32.184,56.5000,200
52275195822434,14:31:15.195,56.5100,100
52275195913780,14:31:15.195,56.5100,100
52275196102269,14:31:15.196,56.5100,253
52275196537964,14:31:15.196,56.5100,147
52311568861569,14:31:51.568,56.5000,100
52311568868909,14:31:51.568,56.5000,100
52313705475061,14:31:53.705,56.5000,100
52337355364653,14:32:17.355,56.5100,100
52337355887119,14:32:17.355,56.5100,100
52429560305545,14:33:49.560,56.5300,100
52446466342794,14:34:06.466,56.5600,15
52461998813867,14:34:21.998,56.5600,100
52560025028760,14:36:00.025,56.5600,200
52601458566982,14:36:41.458,56.5300,100
52633968654506,14:37:13.968,56.5400,100
52667787593194,14:37:47.787,56.5900,21
52670718839520,14:37:50.718,56.6000,100
52720018129634,14:38:40.018,56.6000,22
52720019388913,14:38:40.019,56.6000,105
52720024910606,14:38:40.024,56.6000,73
52720128156365,14:38:40.128,56.6100,200
52780440030457,14:39:40.440,56.6000,100
52920003301811,14:42:00.003,56.6100,100
52920003301811,14:42:00.003,56.6100,100
52995061589996,14:43:15.061,56.6000,100
52995061603269,14:43:15.061,56.6000,100
52995061819572,14:43:15.061,56.6000,100
53064099709707,14:44:24.099,56.6100,100
53064099820816,14:44:24.099,56.6100,100
53099157130254,14:44:59.157,56.6300,200
53188256290668,14:46:28.256,56.6300,100
53188256290668,14:46:28.256,56.6300,100
53190810765096,14:46:30.810,56.6500,100
53190811118265,14:46:30.811,56.6500,100
53240380536266,14:47:20.380,56.6800,70
53371474479747,14:49:31.474,56.6200,2000
53371475003505,14:49:31.475,56.6200,100
53371475004358,14:49:31.475,56.6200,100
53393247081247,14:49:53.247,56.6200,200
53400055069900,14:50:00.055,56.6200,100
53413558905707,14:50:13.558,56.6100,100
53523831714424,14:52:03.831,56.5700,100
53589115605470,14:53:09.115,56.6300,100
53696049076966,14:54:56.049,56.6600,100
53789729718763,14:56:29.729,56.6600,100
53955560965259,14:59:15.560,56.6900,100
53955560965259,14:59:15.560,56.6900,100
53961072332927,14:59:21.072,56.7000,100
54094003368794,15:01:34.003,56.6800,100
54120767884684,15:02:00.767,56.6800,100
54141866027867,15:02:21.866,56.6800,100
54289781441933,15:04:49.781,56.6400,100
54333291242143,15:05:33.291,56.6100,100
54338590032754,15:05:38.590,56.6100,100
54349055735612,15:05:49.055,56.6050,100
54376737338127,15:06:16.737,56.6100,100
54376737338127,15:06:16.737,56.6100,100
54393282184082,15:06:33.282,56.6200,100
54393284163450,15:06:33.284,56.6200,100
54393285666258,15:06:33.285,56.6300,105
54485003590734,15:08:05.003,56.6300,100
54599404736957,15:09:59.404,56.6000,21
54689174555661,15:11:29.174,56.5400,100
54689174555661,15:11:29.174,56.5400,100
54689174555661,15:11:29.174,56.5400,100
54691929796121,15:11:31.929,56.5500,100
54790847070642,15:13:10.847,56.5500,100
54973206600765,15:16:13.206,56.5800,100
55049174334085,15:17:29.174,56.5700,100
55049174346149,15:17:29.174,56.5700,100
55128888637828,15:18:48.888,56.5500,418
55128889134956,15:18:48.889,56.5500,82
55185260834448,15:19:45.260,56.5600,20
55185260991893,15:19:45.260,56.5550,100
55185261065019,15:19:45.261,56.5550,100
55185261180220,15:19:45.261,56.5600,80
55185261406701,15:19:45.261,56.5600,100
55185262304853,15:19:45.262,56.5600,100
55237522387763,15:20:37.522,56.5800,900
55272659915747,15:21:12.659,56.5800,200
55655640050890,15:27:35.640,56.5500,100
55655640351669,15:27:35.640,56.5500,100
55657706770540,15:27:37.706,56.5500,100
55674166011351,15:27:54.166,56.5700,200
55721538860046,15:28:41.538,56.5900,100
55832827302325,15:30:32.827,56.5400,100
55832827428486,15:30:32.827,56.5400,100
55870762366675,15:31:10.762,56.5500,71
55870762387932,15:31:10.762,56.5500,29
55896970207054,15:31:36.970,56.5600,100
56000651053305,15:33:20.651,56.5500,100
56000651168936,15:33:20.651,56.5500,100
56000651291068,15:33:20.651,56.5500,300
56000651358677,15:33:20.651,56.5500,400
56000652553690,15:33:20.652,56.5500,102
56000654570545,15:33:20.654,56.5500,102
56000654722111,15:33:20.654,56.5500,102
56000654779082,15:33:20.654,56.5500,102
56006693005735,15:33:26.693,56.5500,100
56007602006212,15:33:27.602,56.5500,200
56009239013937,15:33:29.239,56.5500,300
56022966036508,15:33:42.966,56.5500,100
56043239824669,15:34:03.239,56.5400,100
56072535468890,15:34:32.535,56.5300,200
56086104001436,15:34:46.104,56.5300,100
56088965011712,15:34:48.965,56.5250,100
56094333025324,15:34:54.333,56.5200,100
56099937366088,15:34:59.937,56.5200,100
56100585005248,15:35:00.585,56.5200,200
56104823833495,15:35:04.823,56.5300,200
56132774081301,15:35:32.774,56.5400,800
56156806006388,15:35:56.806,56.5500,200
56210607422089,15:36:50.607,56.5400,800
56256883568296,15:37:36.883,56.5400,100
56323484149403,15:38:43.484,56.5400,100
56339574034253,15:38:59.574,56.5500,100
56342133023595,15:39:02.133,56.5500,300
56350143706201,15:39:10.143,56.5600,5
56350143780895,15:39:10.143,56.5600,100
56363173024077,15:39:23.173,56.5500,200
56363246804060,15:39:23.246,56.5500,20
56364726025022,15:39:24.726,56.5500,200
56367840016776,15:39:27.840,56.5500,200
56370273025241,15:39:30.273,56.5500,100
56371820021559,15:39:31.820,56.5500,100
56480461887395,15:41:20.461,56.5400,100
56580118556463,15:43:00.118,56.5400,200
56700404720741,15:45:00.404,56.5200,4000
56700465658713,15:45:00.465,56.5200,100
56702233506611,15:45:02.233,56.5300,100
56702234763790,15:45:02.234,56.5300,100
56702235805808,15:45:02.235,56.5300,200
56702235805808,15:45:02.235,56.5300,100
56910374373023,15:48:30.374,56.5400,100
56910393238901,15:48:30.393,56.5400,100
56933796871926,15:48:53.796,56.5400,85
56940443107754,15:49:00.443,56.5400,100
56940443193563,15:49:00.443,56.5400,100
56940443413009,15:49:00.443,56.5400,100
56942031570695,15:49:02.031,56.5400,20
57007689153700,15:50:07.689,56.5400,100
57028110032887,15:50:28.110,56.5300,100
57028110056110,15:50:28.110,56.5300,100
57028110203401,15:50:28.110,56.5300,100
57028110203401,15:50:28.110,56.5300,100
57135459455402,15:52:15.459,56.5200,100
57135459619695,15:52:15.459,56.5200,19
57135459831844,15:52:15.459,56.5200,100
57160712356726,15:52:40.712,56.5100,250
57247575720936,15:54:07.575,56.4900,100
57247575720936,15:54:07.575,56.4900,100
57277509085200,15:54:37.509,56.4900,200
57288564202546,15:54:48.564,56.4800,100
57288726659911,15:54:48.726,56.4800,100
57300098459583,15:55:00.098,56.4900,100
57300098592453,15:55:00.098,56.4900,100
57444827333741,15:57:24.827,56.4950,100
57447347993011,15:57:27.347,56.4950,100
57448879990643,15:57:28.879,56.4900,100
57450372992852,15:57:30.372,56.4900,100
57451346993878,15:57:31.346,56.4900,100
57452364992254,15:57:32.364,56.4900,100
57455412994944,15:57:35.412,56.4900,100
57456345989659,15:57:36.345,56.4900,100
57542515298920,15:59:02.515,56.4800,150
57542515934988,15:59:02.515,56.4800,50
57565595011173,15:59:25.595,56.4900,100
57586126344662,15:59:46.126,56.4850,200
57590109826574,15:59:50.109,56.4800,18
57600202389315,16:00:00.202,56.5100,1619
