timestamp,time,price,volume
34200670894280,09:30:00.670,40.4100,2093
34200725136566,09:30:00.725,40.3300,3
34266814648082,09:31:06.814,39.9700,15
34603822933899,09:36:43.822,40.1200,5
34664243001018,09:37:44.243,40.3900,500
34664243001018,09:37:44.243,40.3900,3
34664243001018,09:37:44.243,40.3900,3
34664243001018,09:37:44.243,40.3900,59
34701421750061,09:38:21.421,40.0500,11
35016940843694,09:43:36.940,40.0400,10
35055171197362,09:44:15.171,40.2300,98
35055173125997,09:44:15.173,40.3400,2
35055182216163,09:44:15.182,40.0900,100
35305284082278,09:48:25.284,40.0900,8
35425311582284,09:50:25.311,40.2900,100
35425311582284,09:50:25.311,40.3100,100
35425311942903,09:50:25.311,40.3300,13
35425314574429,09:50:25.314,40.2600,14
35438710447108,09:50:38.710,40.2600,100
35438710447108,09:50:38.710,40.2600,100
35582588134428,09:53:02.588,40.2100,7
35587335379655,09:53:07.335,40.2100,100
35587335379655,09:53:07.335,40.2100,100
35587335932805,09:53:07.335,40.2100,100
35587335932805,09:53:07.335,40.2000,100
35621703153082,09:53:41.703,40.2000,1
35628714132543,09:53:48.714,40.2000,99
35628714132543,09:53:48.714,40.2000,1
35887748517674,09:58:07.748,40.1000,64
36006894897348,10:00:06.894,40.0100,2
36010729020766,10:00:10.729,40.0700,38
36010733070108,10:00:10.733,40.0900,100
36213747161425,10:03:33.747,40.0000,100
36249206344003,10:04:09.206,40.0600,100
36249206344003,10:04:09.206,40.0800,100
36254042233852,10:04:14.042,40.0000,100
36261882051046,10:04:21.882,39.9200,100
36282328335134,10:04:42.328,39.9100,100
36317417490708,10:05:17.417,39.9600,100
36317444381206,10:05:17.444,39.9700,100
36317444381206,10:05:17.444,39.9700,3
36317444381206,10:05:17.444,39.9700,13
36317444647122,10:05:17.444,39.9800,62
36317445462801,10:05:17.445,39.9800,38
36325361208087,10:05:25.361,40.0800,100
36325361245797,10:05:25.361,40.0900,87
36328641919561,10:05:28.641,40.0900,13
36328641919561,10:05:28.641,40.0900,100
36328641919561,10:05:28.641,40.1000,100
36328641919561,10:05:28.641,40.1000,100
36426398047966,10:07:06.398,40.1500,65
36426398060387,10:07:06.398,40.1500,100
36426398065218,10:07:06.398,40.1600,100
36426398065218,10:07:06.398,40.1500,100
36426398067224,10:07:06.398,40.1500,13
36452086370813,10:07:32.086,40.2700,100
36452494681533,10:07:32.494,40.2700,329
36489689488167,10:08:09.689,40.3000,322
36563355600869,10:09:23.355,40.3000,1
36591254454743,10:09:51.254,40.3100,100
36715452376461,10:11:55.452,40.4300,100
36782123919691,10:13:02.123,40.3500,8
37083346992816,10:18:03.346,40.3300,10
37095688794083,10:18:15.688,40.3300,48
37095688794083,10:18:15.688,40.3300,52
37095689659191,10:18:15.689,40.3000,700
37095689714336,10:18:15.689,40.3000,49
37115963869723,10:18:35.963,40.0800,5
37146708031266,10:19:06.708,40.2900,52
37146708043581,10:19:06.708,40.2900,48
37146708043581,10:19:06.708,40.2900,18
37386577944419,10:23:06.577,40.2900,8
37479376733122,10:24:39.376,40.3000,100
37479376733122,10:24:39.376,40.2900,100
37479378683245,10:24:39.378,40.3700,30
37479378745372,10:24:39.378,40.3700,28
37479378745983,10:24:39.378,40.3700,28
37479378751873,10:24:39.378,40.3700,62
37479378753614,10:24:39.378,40.3700,25
37479378761733,10:24:39.378,40.3700,5
37510299486983,10:25:10.299,40.3300,100
37553223980246,10:25:53.223,40.5300,100
37554872673149,10:25:54.872,40.4300,100
37561788061366,10:26:01.788,40.5300,5
37573280491400,10:26:13.280,40.4800,1
37592950880483,10:26:32.950,40.4300,10
37623241875547,10:27:03.241,40.4900,100
37623241875547,10:27:03.241,40.5000,700
37623241914881,10:27:03.241,40.5000,52
37623241916210,10:27:03.241,40.5000,48
37623246041844,10:27:03.246,40.5400,87
37623247408780,10:27:03.247,40.5400,113
37626784321611,10:27:06.784,40.6900,1
37626787466065,10:27:06.787,40.6300,30
37626787553968,10:27:06.787,40.6300,52
37644772679002,10:27:24.772,40.6900,23
37654176480302,10:27:34.176,40.6800,100
37663601432145,10:27:43.601,40.6500,200
37664175085363,10:27:44.175,40.6500,88
37671067106265,10:27:51.067,40.6900,7
37681924881024,10:28:01.924,40.6900,8
37686821925751,10:28:06.821,40.6900,100
37686821983992,10:28:06.821,40.6900,92
37686821983992,10:28:06.821,40.6500,8
37686822045685,10:28:06.822,40.6500,92
37686822045685,10:28:06.822,40.6500,8
37692990865083,10:28:12.990,40.6500,92
37692991905272,10:28:12.991,40.6500,100
37725344579839,10:28:45.344,40.6100,10
37770967132898,10:29:30.967,40.7400,100
37770967155686,10:29:30.967,40.7400,1
37856630290105,10:30:56.630,40.7800,26
37856630301892,10:30:56.630,40.7800,24
37971223707896,10:32:51.223,40.7900,100
37990723677738,10:33:10.723,40.7200,12
38217269988644,10:36:57.269,40.7100,1
38285880063096,10:38:05.880,40.7400,12
38360038161566,10:39:20.038,40.9100,100
38360038470018,10:39:20.038,40.9100,100
38360038498241,10:39:20.038,40.9100,100
38360038534041,10:39:20.038,40.9100,64
38360038565272,10:39:20.038,40.9100,36
38360039517276,10:39:20.039,40.9200,100
38362440342971,10:39:22.440,41.0000,200
38366060468781,10:39:26.060,41.0000,200
38366060776213,10:39:26.060,41.0200,44
38366060787029,10:39:26.060,41.0200,56
38366062327991,10:39:26.062,41.0000,144
38366062690045,10:39:26.062,41.0000,156
38366062823784,10:39:26.062,41.0000,100
38366062945269,10:39:26.062,41.0000,100
38567680578934,10:42:47.680,41.1000,100
38567680578934,10:42:47.680,41.1000,200
38567680578934,10:42:47.680,41.1000,100
38567680597937,10:42:47.680,41.1000,100
38567680895293,10:42:47.680,41.1000,100
38567681001523,10:42:47.681,41.1000,100
38567681289356,10:42:47.681,41.1000,100
38567682232861,10:42:47.682,41.1000,3
38567685467900,10:42:47.685,41.0400,100
38567685467900,10:42:47.685,41.0300,30
38567685467900,10:42:47.685,41.0300,30
38567685773218,10:42:47.685,41.0700,29
38567692860785,10:42:47.692,41.0300,19
38567692860785,10:42:47.692,41.0200,100
38567704188456,10:42:47.704,41.0900,100
38567709138257,10:42:47.709,41.0300,30
38567759448316,10:42:47.759,41.0900,3
38567764306610,10:42:47.764,41.0200,6
38567818795055,10:42:47.818,41.0200,13
38567874767134,10:42:47.874,41.0200,29
38567878439946,10:42:47.878,41.0200,29
38569965818704,10:42:49.965,41.0700,100
38813580549106,10:46:53.580,40.9700,100
38833815981273,10:47:13.815,40.8500,1
38892232512734,10:48:12.232,40.8400,200
38892232549460,10:48:12.232,40.8400,100
38892232552186,10:48:12.232,40.8400,74
38892232558731,10:48:12.232,40.8400,26
38892232558731,10:48:12.232,40.8400,74
38892232568956,10:48:12.232,40.8400,100
38892232869300,10:48:12.232,40.8400,100
38892233415478,10:48:12.233,40.8400,300
38892234630439,10:48:12.234,40.8400,5
38892235688183,10:48:12.235,40.8400,100
38895966610349,10:48:15.966,40.7200,100
38895967110442,10:48:15.967,40.7100,100
38905637180078,10:48:25.637,40.5100,5
38946555202133,10:49:06.555,40.6900,100
38946555220122,10:49:06.555,40.7000,24
38946555691939,10:49:06.555,40.7000,76
38946555691939,10:49:06.555,40.7100,24
38946555770695,10:49:06.555,40.7100,76
38946556217343,10:49:06.556,40.7500,54
38946556269817,10:49:06.556,40.7500,46
38946556916584,10:49:06.556,40.7500,74
39183668696371,10:53:03.668,40.6500,6
39509993778165,10:58:29.993,40.6600,6
39652737031594,11:00:52.737,40.8000,100
39652737045606,11:00:52.737,40.8000,100
39652737106356,11:00:52.737,40.8000,100
39652737163149,11:00:52.737,40.8000,72
39652737246014,11:00:52.737,40.8000,28
39652737282224,11:00:52.737,40.8000,100
39652737291241,11:00:52.737,40.8000,100
39668745567988,11:01:08.745,40.8100,1
39677244882540,11:01:17.244,40.8100,99
39677244882540,11:01:17.244,40.8100,100
39677244882540,11:01:17.244,40.8100,1
39780043062360,11:03:00.043,40.8100,8
39897868387773,11:04:57.868,40.8100,2
39902761467468,11:05:02.761,40.8700,1
40022635357103,11:07:02.635,40.8350,200
40022635357103,11:07:02.635,40.8100,90
40022635357103,11:07:02.635,40.8100,100
40022635357103,11:07:02.635,40.8000,10
40022635806668,11:07:02.635,40.8000,90
40022635806668,11:07:02.635,40.8000,100
40022635806668,11:07:02.635,40.8000,200
40022672352935,11:07:02.672,40.7700,100
40022672352935,11:07:02.672,40.7700,100
40036284623482,11:07:16.284,40.7600,47
40036284639220,11:07:16.284,40.7600,23
40036284807153,11:07:16.284,40.7600,30
40036284807153,11:07:16.284,40.7600,15
40098173530388,11:08:18.173,40.7000,9
40098476352326,11:08:18.476,40.6700,9
40361057039671,11:12:41.057,40.6500,100
40361058281072,11:12:41.058,40.6600,100
40384431159727,11:13:04.431,40.5000,6
40582932024793,11:16:22.932,40.6600,1
40625539162847,11:17:05.539,40.5100,100
40625539200230,11:17:05.539,40.5100,47
40709868370368,11:18:29.868,40.5100,7
40809635039189,11:20:09.635,40.5100,1
40814580073634,11:20:14.580,40.5100,5
40983895877034,11:23:03.895,40.5100,5
40985117274824,11:23:05.117,40.5100,95
40985117274824,11:23:05.117,40.5100,105
40985117471478,11:23:05.117,40.5100,95
40985117471478,11:23:05.117,40.5100,5
40985117480516,11:23:05.117,40.5100,95
40985117480516,11:23:05.117,40.5100,100
40985117783879,11:23:05.117,40.5100,12
40985117828389,11:23:05.117,40.5100,100
40985117861689,11:23:05.117,40.5100,50
40985117933528,11:23:05.117,40.5100,195
40985118002268,11:23:05.118,40.5100,100
40985120371795,11:23:05.120,40.5100,43
40985120371795,11:23:05.120,40.5000,57
40985120428927,11:23:05.120,40.5000,43
41297556699965,11:28:17.556,40.4000,7
41421435231092,11:30:21.435,40.4750,100
41605707835097,11:33:25.707,40.4100,7
41885315154678,11:38:05.315,40.4300,100
41904093097787,11:38:24.093,40.4900,100
41904093136222,11:38:24.093,40.4900,4
41904093180727,11:38:24.093,40.4900,4
41904093201808,11:38:24.093,40.4900,1
41904093201808,11:38:24.093,40.4900,3
41904094019736,11:38:24.094,40.5000,200
41904094019736,11:38:24.094,40.5000,100
42178278232688,11:42:58.278,40.5100,7
42479254514547,11:47:59.254,40.5600,4
42479254514547,11:47:59.254,40.5500,96
42479254520809,11:47:59.254,40.5500,4
42479254520809,11:47:59.254,40.5500,96
42479254569465,11:47:59.254,40.5500,4
42499092788268,11:48:19.092,40.4500,7
42775488491494,11:52:55.488,40.4000,49
42775488537134,11:52:55.488,40.4000,51
42775488537134,11:52:55.488,40.4000,49
42775488971546,11:52:55.488,40.4000,51
42797650024172,11:53:17.650,40.4000,100
43094277366669,11:58:14.277,40.3600,7
43414829769698,12:03:34.829,40.4650,7
43483633695797,12:04:43.633,40.5700,90
43483633695797,12:04:43.633,40.5800,100
43483633695797,12:04:43.633,40.5800,11
43483633956874,12:04:43.633,40.5800,89
43483633956874,12:04:43.633,40.5800,1
43483633956874,12:04:43.633,40.6400,2
43483635251043,12:04:43.635,40.6400,100
43483635807445,12:04:43.635,40.6400,3
43684112745069,12:08:04.112,40.5800,10
43998758547565,12:13:18.758,40.5900,7
43998758583871,12:13:18.758,40.5900,93
43998758586314,12:13:18.758,40.5900,66
43998758645894,12:13:18.758,40.5900,7
44310842374787,12:18:30.842,40.5900,9
44356253969381,12:19:16.253,40.5900,84
44356253969381,12:19:16.253,40.5900,16
44451466922077,12:20:51.466,40.5900,84
44451466922077,12:20:51.466,40.5900,16
44581276110991,12:23:01.276,40.5900,84
44581276110991,12:23:01.276,40.5900,16
44594877491752,12:23:14.877,40.5900,7
44788343146207,12:26:28.343,40.5900,6
44788343146207,12:26:28.343,40.5900,100
44788343146207,12:26:28.343,40.5900,94
44788344425099,12:26:28.344,40.5900,6
44788344425099,12:26:28.344,40.5900,94
44788344452118,12:26:28.344,40.5900,6
44788344452118,12:26:28.344,40.5900,94
44896406637206,12:28:16.406,40.5200,2
44896406637206,12:28:16.406,40.5000,1
44896406637206,12:28:16.406,40.5000,1
44896406637206,12:28:16.406,40.5000,6
44949010153309,12:29:09.010,40.5000,94
44975258324446,12:29:35.258,40.4900,100
44975258324446,12:29:35.258,40.4900,100
45188473636623,12:33:08.473,40.4900,4
45228360840861,12:33:48.360,40.6000,200
45228360878565,12:33:48.360,40.6000,50
45228360878565,12:33:48.360,40.6000,2
45228360894275,12:33:48.360,40.6000,8
45228360894275,12:33:48.360,40.6200,92
45242114568576,12:34:02.114,40.5500,100
45242114568576,12:34:02.114,40.5400,100
45242114608330,12:34:02.114,40.5400,50
45242114640801,12:34:02.114,40.5400,50
45277987336293,12:34:37.987,40.5500,100
45290362583165,12:34:50.362,40.5500,97
45290362832500,12:34:50.362,40.5500,3
45290362832500,12:34:50.362,40.5500,3
45290362867608,12:34:50.362,40.5500,91
45290362984899,12:34:50.362,40.5500,6
45290372253249,12:34:50.372,40.5500,100
45290372253249,12:34:50.372,40.5500,100
45515444066438,12:38:35.444,40.5400,6
45788940756866,12:43:08.940,40.5700,4
45827861384537,12:43:47.861,40.6600,100
45923814755434,12:45:23.814,40.5700,100
46086839010901,12:48:06.839,40.5700,5
46408938272059,12:53:28.938,40.5700,3
46430064387670,12:53:50.064,40.6800,50
46430064391841,12:53:50.064,40.6800,50
46430064391841,12:53:50.064,40.6800,100
46430065092550,12:53:50.065,40.6900,6
46430065728504,12:53:50.065,40.6900,94
46430065728504,12:53:50.065,40.6900,100
46430065728504,12:53:50.065,40.6900,6
46431594459649,12:53:51.594,40.6900,100
46431594567197,12:53:51.594,40.6900,100
46431594604061,12:53:51.594,40.6900,100
46451390890738,12:54:11.390,40.6900,32
46451390960510,12:54:11.390,40.6900,68
46508971475684,12:55:08.971,40.6900,100
46508971630829,12:55:08.971,40.6900,60
46508972551296,12:55:08.972,40.6900,40
46508972551296,12:55:08.972,40.6900,100
46508972551296,12:55:08.972,40.6900,60
46508975121580,12:55:08.975,40.6900,20
46552018125236,12:55:52.018,40.6900,14
46692927434211,12:58:12.927,40.7250,3
46908844659955,13:01:48.844,40.7200,81
46908844661244,13:01:48.844,40.7200,100
47013522132647,13:03:33.522,40.6300,4
47077240368600,13:04:37.240,40.6300,96
47077240368600,13:04:37.240,40.6300,1
47077240368600,13:04:37.240,40.6300,3
47077240411686,13:04:37.240,40.6300,50
47077240412935,13:04:37.240,40.6300,47
47077240412935,13:04:37.240,40.6300,12
47077240423895,13:04:37.240,40.6300,47
47077240570535,13:04:37.240,40.6300,100
47077240692684,13:04:37.240,40.6300,41
47077240692684,13:04:37.240,40.6300,59
47077240778222,13:04:37.240,40.6300,23
47077240950910,13:04:37.240,40.6300,18
47288232860726,13:08:08.232,40.6100,100
47288234741068,13:08:08.234,40.5900,100
47288234784209,13:08:08.234,40.5900,80
47288234819403,13:08:08.234,40.5900,20
47591099090869,13:13:11.099,40.6100,3
47914199523018,13:18:34.199,40.6400,7
47914199615388,13:18:34.199,40.7100,100
47914199910042,13:18:34.199,40.7300,100
47914199913706,13:18:34.199,40.7300,100
47914200321040,13:18:34.200,40.7700,100
47914200369454,13:18:34.200,40.7700,100
47915201832578,13:18:35.201,40.8100,87
47938694896791,13:18:58.694,40.8200,100
47938694934462,13:18:58.694,40.8200,35
47938694955719,13:18:58.694,40.8200,65
47938695004336,13:18:58.695,40.8300,100
47972297660071,13:19:32.297,40.8300,100
47972307335747,13:19:32.307,40.8700,20
48196260546435,13:23:16.260,40.8400,3
48206282078766,13:23:26.282,40.8400,97
48206282078766,13:23:26.282,40.8400,100
48206282078766,13:23:26.282,40.8400,28
48513874470667,13:28:33.874,40.9200,100
48513874470667,13:28:33.874,40.9300,100
48513947762740,13:28:33.947,40.8400,6
48514870788679,13:28:34.870,40.9300,96
48636259007785,13:30:36.259,40.8300,100
48636259007785,13:30:36.259,40.8300,25
48636259007785,13:30:36.259,40.8300,100
48636259055285,13:30:36.259,40.8200,100
48636259055285,13:30:36.259,40.8100,2
48636259092290,13:30:36.259,40.8000,5
48636259098560,13:30:36.259,40.7900,2
48636259693420,13:30:36.259,40.7600,5
48636259700335,13:30:36.259,40.7500,2
48713208957627,13:31:53.208,40.7400,4
48816237075793,13:33:36.237,40.7100,2
48816237075793,13:33:36.237,40.7100,1
48816237075793,13:33:36.237,40.7000,1
49338252545935,13:42:18.252,40.7000,100
49403685312864,13:43:23.685,40.7500,100
49403685312864,13:43:23.685,40.7600,1
49403685655821,13:43:23.685,40.7600,88
49403685694285,13:43:23.685,40.7600,11
49403685694285,13:43:23.685,40.7600,1
49403685697329,13:43:23.685,40.7600,2
49705326857922,13:48:25.326,40.7700,4
49986409714237,13:53:06.409,40.8000,4
50005168980305,13:53:25.168,40.9300,14
50005169011958,13:53:25.169,40.9300,86
50005169045544,13:53:25.169,40.9400,29
50005169100128,13:53:25.169,40.9400,71
50056843081480,13:54:16.843,40.9900,100
50056843081480,13:54:16.843,41.0000,200
50056843081480,13:54:16.843,41.0000,100
50056843228559,13:54:16.843,41.0000,36
50056843260923,13:54:16.843,41.0000,9
50056843321533,13:54:16.843,41.0000,55
50058831489240,13:54:18.831,41.0300,100
50066345755012,13:54:26.345,41.0300,105
50066351304076,13:54:26.351,41.0000,100
50066351304076,13:54:26.351,41.0000,1
50072427682122,13:54:32.427,41.0000,100
50072427758583,13:54:32.427,41.0000,61
50307350856485,13:58:27.350,40.8700,6
50380149506803,13:59:40.149,40.8500,5
50380149527320,13:59:40.149,40.8400,5
50380149527320,13:59:40.149,40.8300,5
50389118136056,13:59:49.118,40.8200,5
50389118136056,13:59:49.118,40.8100,5
50389118136056,13:59:49.118,40.8000,5
50389118136056,13:59:49.118,40.8000,85
50389119387151,13:59:49.119,40.8000,100
50418718316280,14:00:18.718,40.9000,30
50418718348184,14:00:18.718,40.9000,20
50418718389089,14:00:18.718,40.9200,2
50418719470561,14:00:18.719,40.9200,2
50418719481584,14:00:18.719,40.9200,2
50447108260052,14:00:47.108,40.8800,100
50591455791770,14:03:11.455,40.8000,5
50760361644910,14:06:00.361,40.9400,69
50760361681745,14:06:00.361,40.9400,31
50896652523329,14:08:16.652,40.8600,6
51202433879101,14:13:22.433,40.8900,5
51211568263377,14:13:31.568,41.0300,100
51211568377626,14:13:31.568,41.0300,42
51423276819041,14:17:03.276,41.0200,100
51430462248149,14:17:10.462,41.0300,100
51430462314251,14:17:10.462,41.0300,100
51430462398704,14:17:10.462,41.0300,32
51430462422200,14:17:10.462,41.0300,39
51436603674590,14:17:16.603,41.0300,300
51445184838367,14:17:25.184,41.0500,100
51580400500363,14:19:40.400,41.0500,100
51580400565189,14:19:40.400,41.0500,70
51580400635615,14:19:40.400,41.0500,30
51580425254559,14:19:40.425,41.0200,10
51580425254559,14:19:40.425,41.0200,15
51580425254559,14:19:40.425,41.0200,20
51580425340125,14:19:40.425,41.0500,10
51580425466322,14:19:40.425,41.0500,9
51781018433441,14:23:01.018,41.0000,1
51781018433441,14:23:01.018,41.0000,6
51782244560295,14:23:02.244,41.0000,94
51782244560295,14:23:02.244,41.0000,6
51814000146228,14:23:34.000,41.1200,100
51814000707480,14:23:34.000,41.1200,30
51814000708012,14:23:34.000,41.1200,30
51814000762030,14:23:34.000,41.1200,10
51814000763278,14:23:34.000,41.1200,10
51870694415782,14:24:30.694,41.2400,100
51870694549588,14:24:30.694,41.2400,100
52301002347422,14:31:41.002,41.1100,50
52301003280393,14:31:41.003,41.0500,30
52301003309583,14:31:41.003,41.0500,49
52301003311042,14:31:41.003,41.0500,100
52301003312733,14:31:41.003,41.0500,21
52301174528572,14:31:41.174,41.0700,100
52408440346421,14:33:28.440,41.0300,9
52419444222053,14:33:39.444,41.1400,32
52419444233275,14:33:39.444,41.1400,16
52419444252472,14:33:39.444,41.1400,100
52419444257238,14:33:39.444,41.1400,129
52419444266272,14:33:39.444,41.1400,23
52438183959190,14:33:58.183,41.1100,2
52438188534055,14:33:58.188,41.1100,100
52438188583313,14:33:58.188,41.1100,100
52471101826398,14:34:31.101,41.1000,100
52471101960610,14:34:31.101,41.0900,73
52471102074317,14:34:31.102,41.1000,19
52471102126090,14:34:31.102,41.1000,81
52478137240085,14:34:38.137,41.1600,50
52559743076172,14:35:59.743,41.1700,100
52677330492543,14:37:57.330,41.1500,54
52858676079409,14:40:58.676,41.2500,100
52858676118605,14:40:58.676,41.2500,100
52858676132448,14:40:58.676,41.2500,63
52858676168078,14:40:58.676,41.2500,54
52858700005154,14:40:58.700,41.2500,200
53091654792685,14:44:51.654,41.2700,23
53091654792685,14:44:51.654,41.2200,149
53254732186433,14:47:34.732,41.4200,50
53591384969072,14:53:11.384,41.4900,50
53599999918970,14:53:19.999,41.4700,5
53720033410223,14:55:20.033,41.6100,1
53738388257769,14:55:38.388,41.6900,100
53738388258922,14:55:38.388,41.6900,100
53738388287287,14:55:38.388,41.6900,2
53738388298717,14:55:38.388,41.6900,100
53801500711097,14:56:41.500,41.7600,1
53847032230989,14:57:27.032,41.7700,1
53847032574558,14:57:27.032,41.7700,26
53858963736649,14:57:38.963,41.7700,73
53858964032469,14:57:38.964,41.7800,2
54116201099751,15:01:56.201,41.7000,100
54116201167958,15:01:56.201,41.6600,46
54116201198202,15:01:56.201,41.6600,2
54116201229380,15:01:56.201,41.6600,49
54116201260389,15:01:56.201,41.6600,3
54122273531123,15:02:02.273,41.6100,200
54122274083409,15:02:02.274,41.6000,100
54198068047210,15:03:18.068,41.5700,100
54213978089204,15:03:33.978,41.5900,50
54213978089204,15:03:33.978,41.5900,100
54213978089204,15:03:33.978,41.5900,50
54213978132552,15:03:33.978,41.5900,37
54213978139160,15:03:33.978,41.5900,13
54213978139160,15:03:33.978,41.5900,29
54230653704549,15:03:50.653,41.5600,30
54230653721277,15:03:50.653,41.5500,7
54246556275593,15:04:06.556,41.5500,64
54246556275593,15:04:06.556,41.5500,36
54246556313443,15:04:06.556,41.5500,64
54246556340817,15:04:06.556,41.5500,100
54398493200058,15:06:38.493,41.5800,100
54398493200720,15:06:38.493,41.5800,51
54398493254197,15:06:38.493,41.5800,28
54398493282511,15:06:38.493,41.5800,24
54398493282511,15:06:38.493,41.5800,27
54398493286554,15:06:38.493,41.5800,70
54398493370538,15:06:38.493,41.5800,8
54398493580754,15:06:38.493,41.5600,4
54398493666305,15:06:38.493,41.5800,4
54398493721712,15:06:38.493,41.5800,51
54398493766863,15:06:38.493,41.5800,49
54477278963223,15:07:57.278,41.5500,100
54477278963223,15:07:57.278,41.5500,13
54477278963223,15:07:57.278,41.5500,1
54477280746258,15:07:57.280,41.5400,10
54477280778217,15:07:57.280,41.5300,5
54478179695526,15:07:58.179,41.4900,10
54478179716483,15:07:58.179,41.4800,8
54478180547121,15:07:58.180,41.4800,2
54478480302892,15:07:58.480,41.4500,7
54495363373560,15:08:15.363,41.3100,7
54704390199367,15:11:44.390,41.3200,100
54704391534111,15:11:44.391,41.3100,100
54704391591305,15:11:44.391,41.3100,100
54704391609047,15:11:44.391,41.3100,31
54704391619722,15:11:44.391,41.3100,100
54704391624072,15:11:44.391,41.3100,8
54704391625567,15:11:44.391,41.3100,61
54704392206564,15:11:44.392,41.3000,10
54704392673877,15:11:44.392,41.2900,20
54708599315836,15:11:48.599,41.2800,20
54754521845755,15:12:34.521,41.2600,5
54754521861100,15:12:34.521,41.2500,10
54754521861856,15:12:34.521,41.2500,3
54781778215853,15:13:01.778,41.1600,7
54885898023813,15:14:45.898,41.2350,1
54885898023813,15:14:45.898,41.2350,1
54885898023813,15:14:45.898,41.2350,1
54885898023813,15:14:45.898,41.2350,1
54885898023813,15:14:45.898,41.2350,1
54941386737733,15:15:41.386,41.3000,15
54941386802172,15:15:41.386,41.3000,85
54941386802172,15:15:41.386,41.3100,50
54941386802172,15:15:41.386,41.3100,15
54941386908303,15:15:41.386,41.3100,85
54941386908303,15:15:41.386,41.3100,15
55048960068427,15:17:28.960,41.4200,1
55048960069074,15:17:28.960,41.4200,1
55059143626539,15:17:39.143,41.4200,68
55059143626539,15:17:39.143,41.4200,100
55059143626539,15:17:39.143,41.4300,100
55091421738914,15:18:11.421,41.2400,7
55220069802355,15:20:20.069,41.5200,100
55347773064896,15:22:27.773,41.5200,71
55362778822268,15:22:42.778,41.5200,20
55399037874223,15:23:19.037,41.5200,10
55683327363813,15:28:03.327,41.5300,100
55706208584345,15:28:26.208,41.5300,6
55811459417972,15:30:11.459,41.7000,15
55811459417972,15:30:11.459,41.7200,35
55811459457049,15:30:11.459,41.7200,15
55811459457049,15:30:11.459,41.7300,27
55811490211136,15:30:11.490,41.7300,2
55811490211136,15:30:11.490,41.7300,46
55811490264836,15:30:11.490,41.7300,54
55811490264836,15:30:11.490,41.7300,100
55811546705104,15:30:11.546,41.7100,15
55811546705104,15:30:11.546,41.7100,100
55811547009359,15:30:11.547,41.6800,100
55811547111343,15:30:11.547,41.6800,100
55813391166985,15:30:13.391,41.7100,10
55813391679423,15:30:13.391,41.7500,100
55815636013581,15:30:15.636,41.6800,100
55835997485169,15:30:35.997,41.6900,100
55835998385012,15:30:35.998,41.6800,50
55846679622288,15:30:46.679,41.6800,50
55846679622288,15:30:46.679,41.6800,100
55846679622288,15:30:46.679,41.6800,100
56229061869241,15:37:09.061,41.6300,100
56229061869241,15:37:09.061,41.6300,100
56229061910258,15:37:09.061,41.6300,27
56229061983414,15:37:09.061,41.6300,100
56229062349257,15:37:09.062,41.6300,100
56229245857494,15:37:09.245,41.6300,100
56230128740929,15:37:10.128,41.6700,2
56230128771929,15:37:10.128,41.6700,48
56262288004911,15:37:42.288,41.6200,100
56262288533510,15:37:42.288,41.6000,100
56287454972531,15:38:07.454,41.5900,100
56289362061760,15:38:09.362,41.5500,100
56289362061760,15:38:09.362,41.5500,7
56289362061760,15:38:09.362,41.5500,93
56289362471827,15:38:09.362,41.5500,7
56386604382622,15:39:46.604,41.5000,100
56386604419843,15:39:46.604,41.5000,33
56386604430508,15:39:46.604,41.5000,67
56386604430508,15:39:46.604,41.5000,28
56386604430508,15:39:46.604,41.5000,5
56386605911804,15:39:46.605,41.5000,95
56386605911804,15:39:46.605,41.5000,5
56386605983494,15:39:46.605,41.5000,95
56548858366819,15:42:28.858,41.4200,100
56548858371525,15:42:28.858,41.4200,100
56548858379418,15:42:28.858,41.4200,50
57073707783536,15:51:13.707,41.5300,22
57073707828753,15:51:13.707,41.5300,78
57143436664461,15:52:23.436,41.5700,1
57143436664461,15:52:23.436,41.5700,100
57143436664461,15:52:23.436,41.5700,100
57143436770964,15:52:23.436,41.5700,100
57143436773662,15:52:23.436,41.5700,50
57143437175640,15:52:23.437,41.5700,50
57143437175640,15:52:23.437,41.5700,46
57143438100880,15:52:23.438,41.5700,54
57143438100880,15:52:23.438,41.5700,100
57143438100880,15:52:23.438,41.5700,46
57143461846044,15:52:23.461,41.5700,54
57143461846044,15:52:23.461,41.5700,46
57143534959606,15:52:23.534,41.5700,54
57154143722999,15:52:34.143,41.5500,40
57154143724793,15:52:34.143,41.5500,10
57203269912832,15:53:23.269,41.5400,27
57203269947998,15:53:23.269,41.5400,6
57203270026648,15:53:23.270,41.5400,7
57203270585766,15:53:23.270,41.5400,60
57203270585766,15:53:23.270,41.5400,40
57203271152494,15:53:23.271,41.5400,10
57203271167890,15:53:23.271,41.5400,50
57298397746127,15:54:58.397,41.5300,100
57298397746127,15:54:58.397,41.5300,100
57298403533608,15:54:58.403,41.5300,100
57298403598237,15:54:58.403,41.5300,60
57302259486195,15:55:02.259,41.5300,100
57302259493985,15:55:02.259,41.5300,40
57409184003630,15:56:49.184,41.5500,100
57479936361135,15:57:59.936,41.6300,52
57489251309908,15:58:09.251,41.6200,100
57489251309908,15:58:09.251,41.6200,31
57489251387548,15:58:09.251,41.6200,9
57489251387548,15:58:09.251,41.6400,40
57489251387548,15:58:09.251,41.6400,82
57495991135992,15:58:15.991,41.6400,9
57536110733597,15:58:56.110,41.6200,43
57536110764272,15:58:56.110,41.6200,57
57536110771797,15:58:56.110,41.6100,100
57536110785274,15:58:56.110,41.6100,100
57572538976829,15:59:32.538,41.6800,39
57575400615549,15:59:35.400,41.6800,67
57591000629762,15:59:51.000,41.6800,40
57591000629762,15:59:51.000,41.6800,65
57591000629762,15:59:51.000,41.6800,57
57591000629762,15:59:51.000,41.6800,55
57591000629762,15:59:51.000,41.6800,59
57594122636433,15:59:54.122,41.5600,30
57594315268835,15:59:54.315,41.5600,70
57594315268835,15:59:54.315,41.5600,30
57594318269659,15:59:54.318,41.5600,100
57598960962491,15:59:58.960,41.6250,100
57598960962491,15:59:58.960,41.6800,45
57598960962491,15:59:58.960,41.6800,30
57598960962491,15:59:58.960,41.6800,24
57599083242199,15:59:59.083,41.7000,22
57599179184315,15:59:59.179,41.5400,50
57599179184315,15:59:59.179,41.5200,54
57600304983804,16:00:00.304,41.5200,3217
