timestamp,time,price,volume
34200226413686,09:30:00.226,28.4700,4
34200226424383,09:30:00.226,28.4700,4
34200538961443,09:30:00.538,28.4700,4
34200539294893,09:30:00.539,28.4700,4
34200680164277,09:30:00.680,0.0000,0
34201333385882,09:30:01.333,28.5000,4
34206309649885,09:30:06.309,28.5800,96
34206309649885,09:30:06.309,28.5000,100
34391568822670,09:33:11.568,28.4700,100
34619899061253,09:36:59.899,28.2700,100
34619932989898,09:36:59.932,28.2400,100
34649246772037,09:37:29.246,28.3300,100
34911207098528,09:41:51.207,28.4300,100
35087334258494,09:44:47.334,28.4000,100
35089543161656,09:44:49.543,28.4300,100
35472588189439,09:51:12.588,28.4400,100
35472589744918,09:51:12.589,28.4300,100
35480971967692,09:51:20.971,28.4900,100
35486836880156,09:51:26.836,28.5600,100
35486840788939,09:51:26.840,28.5500,100
35486844130566,09:51:26.844,28.5400,100
35664400256751,09:54:24.400,28.5700,1
35664400258312,09:54:24.400,28.5700,1
35709078601114,09:55:09.078,28.6300,100
35939482662973,09:58:59.482,28.6800,100
35939491220326,09:58:59.491,28.6800,54
35939491655836,09:58:59.491,28.6800,31
36304002879780,10:05:04.002,28.6000,1
36304002937447,10:05:04.002,28.6000,99
36304003414160,10:05:04.003,28.5900,1
36630872508063,10:10:30.872,28.5700,1
37121747310113,10:18:41.747,28.5400,100
37424004097895,10:23:44.004,28.5000,100
37430777575192,10:23:50.777,28.5300,100
37741595199109,10:29:01.595,28.6650,1
37742428280571,10:29:02.428,28.6900,100
37961243260625,10:32:41.243,28.8300,1
37961243260625,10:32:41.243,28.8300,38
37996822057527,10:33:16.822,28.8200,1
38012136778536,10:33:32.136,28.8200,100
38049533340114,10:34:09.533,28.8300,1
38049533340114,10:34:09.533,28.8300,1
38049533340114,10:34:09.533,28.8300,1
38118042524669,10:35:18.042,28.8400,53
38118042524669,10:35:18.042,28.8400,47
38118043805820,10:35:18.043,28.8400,2
38280113386326,10:38:00.113,28.8600,1
38404928408174,10:40:04.928,28.8900,1
38432685250554,10:40:32.685,28.9500,100
38545907867263,10:42:25.907,28.9100,100
38545978230453,10:42:25.978,28.9300,100
38588535976470,10:43:08.535,29.0000,200
38647591833574,10:44:07.591,29.0400,100
38652006852883,10:44:12.006,29.0400,100
38652006852883,10:44:12.006,29.0300,200
38733350926102,10:45:33.350,28.9800,1
38862089834090,10:47:42.089,28.9300,100
38888660512154,10:48:08.660,28.9100,100
39039805752915,10:50:39.805,28.9300,100
39143292065247,10:52:23.292,28.9200,100
39179786718754,10:52:59.786,28.8900,100
39233640728105,10:53:53.640,28.8900,1
39358199991853,10:55:58.199,28.8800,100
39460134398590,10:57:40.134,28.8300,10
39584401412668,10:59:44.401,28.7900,100
39584401848385,10:59:44.401,28.7900,5
39584406158467,10:59:44.406,28.8100,4
39608754430729,11:00:08.754,28.8600,1
39663867615587,11:01:03.867,28.9000,2
39663871714695,11:01:03.871,28.9000,1
39726259877940,11:02:06.259,28.9300,1
39726321487506,11:02:06.321,28.9300,30
39842267403655,11:04:02.267,28.9200,1
39843144029236,11:04:03.144,28.9300,1
39843155316690,11:04:03.155,28.9400,1
39851016110702,11:04:11.016,28.9000,1
39983676707218,11:06:23.676,28.9200,1
40203854725456,11:10:03.854,28.9800,200
40206267213936,11:10:06.267,29.0000,12
40225673249720,11:10:25.673,28.9900,8
40225675762049,11:10:25.675,28.9900,17
40508227245733,11:15:08.227,28.9200,1
40508227250555,11:15:08.227,28.9200,1
40601118261162,11:16:41.118,28.9200,1
40601696861207,11:16:41.696,28.9500,4
40681264642498,11:18:01.264,29.0100,4
40746289796262,11:19:06.289,29.0200,100
40746290894991,11:19:06.290,29.0200,100
40746290894991,11:19:06.290,29.0200,3
40872680294050,11:21:12.680,29.0100,110
40872680730917,11:21:12.680,29.0100,150
41091266106102,11:24:51.266,28.9500,1
41135183977025,11:25:35.183,28.9400,1
41135183977025,11:25:35.183,28.9400,1
41135183977025,11:25:35.183,28.9500,10
41135183977025,11:25:35.183,28.9500,88
41151824371844,11:25:51.824,28.9300,100
41627715726187,11:33:47.715,28.8600,2
41833523041205,11:37:13.523,28.8500,6
41833523041205,11:37:13.523,28.8500,5
41865145123680,11:37:45.145,28.8700,2
41890890578646,11:38:10.890,28.8800,100
41890892393397,11:38:10.892,28.8800,100
41949040672182,11:39:09.040,28.8600,100
41971814767837,11:39:31.814,28.8400,1
42019073508059,11:40:19.073,28.8400,1
42108906151265,11:41:48.906,28.8700,4
42348566854599,11:45:48.566,28.8800,1
42348566854599,11:45:48.566,28.8800,1
42422652623116,11:47:02.652,28.8900,4
42480290218526,11:48:00.290,28.8850,1
42480290218526,11:48:00.290,28.9000,2
42480290237688,11:48:00.290,28.9000,1
42511547481813,11:48:31.547,28.9100,2
42545820526239,11:49:05.820,28.9300,2
42578203949658,11:49:38.203,28.9700,1
42648585064150,11:50:48.585,28.9400,100
42781049265646,11:53:01.049,28.9300,1
43356690390642,12:02:36.690,28.8600,4
43358887581608,12:02:38.887,28.8600,2
43403225162754,12:03:23.225,28.8800,1
43633690363851,12:07:13.690,28.7900,1
43745183359537,12:09:05.183,28.8100,3
43745963936402,12:09:05.963,28.8200,32
43745963991399,12:09:05.963,28.8200,68
43745963991399,12:09:05.963,28.8200,4
43748622013621,12:09:08.622,28.8400,100
44069539324444,12:14:29.539,28.8550,1
44100549901859,12:15:00.549,28.8550,1
44223395048553,12:17:03.395,28.8700,100
44321552991653,12:18:41.552,28.8400,2
44435258782945,12:20:35.258,28.8300,100
44708896196402,12:25:08.896,28.8300,8
45126358951248,12:32:06.358,28.7900,1
45154370812668,12:32:34.370,28.7900,300
45154371105395,12:32:34.371,28.7900,198
45361071655692,12:36:01.071,28.7300,100
45362131867875,12:36:02.131,28.7300,3
45673823981574,12:41:13.823,28.6800,100
45673824023472,12:41:13.824,28.6800,100
45674677641133,12:41:14.677,28.7000,3
45754139597711,12:42:34.139,28.6700,100
45775392747440,12:42:55.392,28.6700,3
45775396155900,12:42:55.396,28.6800,100
45775406226769,12:42:55.406,28.6900,4
45775944706543,12:42:55.944,28.7000,100
45787121173321,12:43:07.121,28.7100,1
45787121173321,12:43:07.121,28.7100,100
45787121173321,12:43:07.121,28.7100,1
45924556631729,12:45:24.556,28.7300,1
46148491521886,12:49:08.491,28.7000,100
46168561743524,12:49:28.561,28.6200,1
46325008107134,12:52:05.008,28.6000,100
46380571561745,12:53:00.571,28.6700,100
46499471994238,12:54:59.471,28.6800,100
46516861907723,12:55:16.861,28.6300,2
46907773965726,13:01:47.773,28.5500,40
46907773965726,13:01:47.773,28.5500,60
46907773995998,13:01:47.773,28.5500,340
46947465434427,13:02:27.465,28.5900,100
46970771363623,13:02:50.771,28.5900,100
47068403238031,13:04:28.403,28.6300,100
47068404667142,13:04:28.404,28.6300,100
47119260304806,13:05:19.260,28.6400,99
47119260324275,13:05:19.260,28.6400,1
47256141474760,13:07:36.141,28.6700,1
47256141474760,13:07:36.141,28.6700,100
47256141474760,13:07:36.141,28.6700,17
47454433483005,13:10:54.433,28.6400,97
47454433494273,13:10:54.433,28.6400,3
48540781790114,13:29:00.781,28.5500,2
48569591156538,13:29:29.591,28.5500,90
48772761266339,13:32:52.761,28.5700,1
48839761873651,13:33:59.761,28.5800,3
48839770308638,13:33:59.770,28.5900,3
48966749557643,13:36:06.749,28.5800,100
48966749557643,13:36:06.749,28.5700,100
48966994939823,13:36:06.994,28.5700,100
49018521205389,13:36:58.521,28.6100,2
49077012578399,13:37:57.012,28.6400,3
49147923951748,13:39:07.923,28.6600,2
49410243704224,13:43:30.243,28.6900,80
49410243704224,13:43:30.243,28.7000,8
49410243725544,13:43:30.243,28.7000,43
49410243781992,13:43:30.243,28.7000,2
49513802078099,13:45:13.802,28.6300,100
49576550419748,13:46:16.550,28.6500,1
49576550419748,13:46:16.550,28.6600,100
49576551800615,13:46:16.551,28.6600,2
49733308647959,13:48:53.308,28.6600,30
50103173373262,13:55:03.173,28.6200,100
50159893302532,13:55:59.893,28.5900,1
50217012028146,13:56:57.012,28.6000,44
50217012063083,13:56:57.012,28.6000,45
50217012066846,13:56:57.012,28.6000,11
50222007056604,13:57:02.007,28.6300,3
50409008980621,14:00:09.008,28.6500,3
50413028111695,14:00:13.028,28.6900,3
50413044222948,14:00:13.044,28.7000,2
50567018403497,14:02:47.018,28.7900,1
50567018403497,14:02:47.018,28.7900,85
50567020481239,14:02:47.020,28.8000,1
50596695970152,14:03:16.695,28.8400,41
50596696045299,14:03:16.696,28.8400,59
50602250177571,14:03:22.250,28.8800,1
50605485210879,14:03:25.485,28.8900,100
50622427796197,14:03:42.427,28.8950,1
50686384273598,14:04:46.384,28.9400,1
50703804800722,14:05:03.804,28.9800,1
50718345875413,14:05:18.345,28.9800,100
50718345914133,14:05:18.345,28.9700,11
50734000334870,14:05:34.000,28.9700,63
50734000357942,14:05:34.000,28.9700,26
50920142632936,14:08:40.142,28.9600,100
50925443065264,14:08:45.443,28.9800,100
50925443207238,14:08:45.443,28.9800,100
50941170195311,14:09:01.170,29.0100,63
50941170212894,14:09:01.170,29.0100,37
51005977608070,14:10:05.977,29.0000,1
51005977609345,14:10:05.977,29.0000,1
51005977610807,14:10:05.977,29.0000,1
51005979128074,14:10:05.979,29.0300,100
51005991131229,14:10:05.991,29.0400,7
51010975761176,14:10:10.975,29.0400,1
51045304452137,14:10:45.304,29.0600,1
51213713032890,14:13:33.713,29.0700,300
51300183075078,14:15:00.183,29.0700,100
51300991353973,14:15:00.991,29.0500,100
51325930213858,14:15:25.930,29.0650,1
51325930267615,14:15:25.930,29.0650,1
51325930267615,14:15:25.930,29.0650,1
51367661001428,14:16:07.661,29.0800,1
51400291715889,14:16:40.291,29.0900,100
51400291768016,14:16:40.291,29.0900,100
51400291798161,14:16:40.291,29.0900,100
51400292269696,14:16:40.292,29.0900,100
51413369684060,14:16:53.369,29.0800,100
51419957705235,14:16:59.957,29.0700,63
51419957763229,14:16:59.957,29.0700,137
51419957941154,14:16:59.957,29.0700,200
51429692813301,14:17:09.692,29.0800,2
51430193073080,14:17:10.193,29.0800,1
51436881738781,14:17:16.881,29.1100,41
51436885977469,14:17:16.885,29.1100,100
51468135025607,14:17:48.135,29.1200,31
51468135944597,14:17:48.135,29.1200,69
51468135944597,14:17:48.135,29.1200,31
51538357003191,14:18:58.357,29.1000,52
51638503260464,14:20:38.503,29.1100,1
51654865960165,14:20:54.865,29.1500,100
51788956165369,14:23:08.956,29.2200,100
51806279997830,14:23:26.279,29.2200,4
51816376743045,14:23:36.376,29.2250,200
51816376743045,14:23:36.376,29.2200,100
51823582116724,14:23:43.582,29.2250,200
51825435128666,14:23:45.435,29.2300,100
51825436663488,14:23:45.436,29.2400,4
51825436663488,14:23:45.436,29.2400,96
51825437922262,14:23:45.437,29.2400,100
51825939726105,14:23:45.939,29.2400,4
51834574444999,14:23:54.574,29.2500,2
51847591825696,14:24:07.591,29.2700,100
51847592105832,14:24:07.592,29.2700,3
51874109535262,14:24:34.109,29.2650,100
51879062348849,14:24:39.062,29.2600,200
51907076855201,14:25:07.076,29.2600,1
51911022251617,14:25:11.022,29.2900,1
51971337429395,14:26:11.337,29.2800,200
51971337478112,14:26:11.337,29.2800,100
51971337478112,14:26:11.337,29.2800,100
51974139571561,14:26:14.139,29.2500,100
52069556133467,14:27:49.556,29.1500,100
52071938922613,14:27:51.938,29.1700,3
52072655663192,14:27:52.655,29.1600,100
52200015287038,14:30:00.015,29.1800,100
52200015321566,14:30:00.015,29.1800,200
52200015321566,14:30:00.015,29.1800,100
52227192677020,14:30:27.192,29.1400,3
52227192677020,14:30:27.192,29.1400,97
52227192733450,14:30:27.192,29.1400,100
52227193171146,14:30:27.193,29.1400,3
52227200341041,14:30:27.200,29.1400,1
52310309996554,14:31:50.309,29.1200,22
52310310052626,14:31:50.310,29.1200,178
52354497981664,14:32:34.497,29.0900,73
52355275692051,14:32:35.275,29.0900,37
52411031440996,14:33:31.031,29.0600,38
52411031498889,14:33:31.031,29.0600,52
52445118521444,14:34:05.118,29.0400,100
52445118957990,14:34:05.118,29.0400,112
52445136874886,14:34:05.136,29.0400,88
52445458431502,14:34:05.458,29.0400,100
52450449724497,14:34:10.449,29.0300,100
52452733711651,14:34:12.733,29.0400,3
52564741961000,14:36:04.741,29.0600,100
52564742383043,14:36:04.742,29.0600,77
52583382540394,14:36:23.382,29.0300,23
52636834556000,14:37:16.834,29.0000,100
52636834768148,14:37:16.834,29.0000,100
52636849647048,14:37:16.849,29.0000,95
52701522723163,14:38:21.522,29.0600,100
52701529788807,14:38:21.529,29.0700,100
52762816921320,14:39:22.816,29.0800,100
52762819002614,14:39:22.819,29.0700,1
52866907547203,14:41:06.907,29.0500,100
52866917591464,14:41:06.917,29.0600,100
52881655210620,14:41:21.655,29.0600,100
52952998385419,14:42:32.998,29.0200,100
53040628456194,14:44:00.628,29.0700,1
53040628456194,14:44:00.628,29.0700,199
53040629401844,14:44:00.629,29.0700,1
53040631785933,14:44:00.631,29.0700,1
53193875931980,14:46:33.875,29.1000,1
53381991084882,14:49:41.991,29.0300,3
53381991084882,14:49:41.991,29.0400,3
53527839732829,14:52:07.839,28.9800,200
53527839732829,14:52:07.839,28.9800,5
53527845346885,14:52:07.845,28.9900,1
53527875714538,14:52:07.875,28.9800,30
53797851611806,14:56:37.851,28.9800,100
53800412364879,14:56:40.412,28.9900,4
53800427671020,14:56:40.427,29.0000,100
53830435495774,14:57:10.435,28.9800,100
53846056099009,14:57:26.056,29.0000,3
53931076719825,14:58:51.076,29.0000,3
53965094096639,14:59:25.094,29.0500,1
53976282151623,14:59:36.282,29.0700,90
54000808265642,15:00:00.808,29.0500,28
54118176207292,15:01:58.176,29.0300,100
54170163680823,15:02:50.163,29.0300,3
54170163680823,15:02:50.163,29.0300,97
54222658990825,15:03:42.658,29.0100,100
54222659725232,15:03:42.659,29.0100,100
54222726281222,15:03:42.726,29.0100,25
54224699561026,15:03:44.699,29.0000,87
54224705404946,15:03:44.705,29.0000,40
54224705809231,15:03:44.705,29.0000,40
54376182362145,15:06:16.182,28.9300,1
54479959328590,15:07:59.959,28.9100,1
54479959328590,15:07:59.959,28.9100,99
54479959345738,15:07:59.959,28.9100,1
54479969599658,15:07:59.969,28.9200,100
54479969714382,15:07:59.969,28.9200,100
54546868891216,15:09:06.868,28.9100,1
54548821006368,15:09:08.821,28.9100,99
54560218064240,15:09:20.218,28.9100,1
54617150121192,15:10:17.150,28.8900,100
54632743552151,15:10:32.743,28.8800,1
54632743841782,15:10:32.743,28.8800,1
54634689784816,15:10:34.689,28.8800,98
54664715208880,15:11:04.715,28.8400,1
54668973097180,15:11:08.973,28.8400,99
54687785646217,15:11:27.785,28.8300,17
54687785703381,15:11:27.785,28.8300,83
54710898210159,15:11:50.898,28.8400,2
54717839908455,15:11:57.839,28.8600,2
54791273124033,15:13:11.273,28.8800,2
54918321981346,15:15:18.321,28.9000,100
54918322037709,15:15:18.322,28.9000,100
54918322128469,15:15:18.322,28.9000,1
54918324117341,15:15:18.324,28.9000,100
54918326228006,15:15:18.326,28.9000,100
54918328859666,15:15:18.328,28.9100,3
54928700375103,15:15:28.700,28.9400,1
54943455268092,15:15:43.455,28.9600,2
54995814475574,15:16:35.814,28.9500,100
55080994089750,15:18:00.994,28.9800,100
55152865555474,15:19:12.865,28.9600,1
55193333710231,15:19:53.333,28.9800,1
55227820786316,15:20:27.820,28.9800,100
55227821059423,15:20:27.821,28.9900,1
55248823550527,15:20:48.823,29.0100,1
55327119669686,15:22:07.119,28.9900,100
55327152423317,15:22:07.152,28.9900,100
55514632606466,15:25:14.632,28.9100,100
55673148331977,15:27:53.148,28.8900,100
55758830717675,15:29:18.830,28.8600,100
55760463733274,15:29:20.463,28.8500,1
55796592206330,15:29:56.592,28.8500,1
55796729632047,15:29:56.729,28.8500,1
55796769702158,15:29:56.769,28.8500,1
55797828247407,15:29:57.828,28.8500,96
55803570876270,15:30:03.570,28.8400,1
55803571247598,15:30:03.571,28.8400,1
55812802329706,15:30:12.802,28.8400,1
55812806203318,15:30:12.806,28.8400,1
55812820190181,15:30:12.820,28.8400,1
55873018493087,15:31:13.018,28.8600,90
55875734326764,15:31:15.734,28.8600,10
56054329888248,15:34:14.329,28.8600,1
56102182073368,15:35:02.182,28.8600,100
56103399711813,15:35:03.399,28.8400,100
56160436726346,15:36:00.436,28.8500,3
56170728163604,15:36:10.728,28.8500,4
56170728262452,15:36:10.728,28.8500,4
56170728427835,15:36:10.728,28.8500,23
56186425862069,15:36:26.425,28.8500,73
56186460132984,15:36:26.460,28.8400,27
56186460132984,15:36:26.460,28.8400,2
56202408074491,15:36:42.408,28.8300,200
56236918430209,15:37:16.918,28.8300,1
56236919079068,15:37:16.919,28.8400,1
56257635448062,15:37:37.635,28.8300,100
56266589201437,15:37:46.589,28.8300,1
56276257319989,15:37:56.257,28.8300,99
56289404511646,15:38:09.404,28.8400,99
56289405282096,15:38:09.405,28.8500,2
56289405334966,15:38:09.405,28.8500,100
56289412289784,15:38:09.412,28.8600,100
56323606444948,15:38:43.606,28.8600,100
56324870470932,15:38:44.870,28.8600,3
56325945868746,15:38:45.945,28.8600,2
56327740063392,15:38:47.740,28.8600,100
56344067063784,15:39:04.067,28.8600,1
56344067063784,15:39:04.067,28.8600,99
56344067120992,15:39:04.067,28.8600,1
56344067120992,15:39:04.067,28.8600,200
56396202470764,15:39:56.202,28.8400,1
56524981329794,15:42:04.981,28.8200,100
56553479238140,15:42:33.479,28.8500,100
56553490895302,15:42:33.490,28.8500,100
56553492481091,15:42:33.492,28.8500,106
56579047434169,15:42:59.047,28.8700,100
56579078027931,15:42:59.078,28.8700,60
56599004968403,15:43:19.004,28.8900,200
56749201212541,15:45:49.201,28.9000,1
56802454222050,15:46:42.454,28.9000,6
56802454427485,15:46:42.454,28.9000,4
56802872181545,15:46:42.872,28.9100,12
56927073551006,15:48:47.073,28.9000,200
56927080603181,15:48:47.080,28.9000,20
57004019302383,15:50:04.019,28.9000,100
57004019302383,15:50:04.019,28.9000,200
57004019538891,15:50:04.019,28.9000,20
57009820433741,15:50:09.820,28.9000,6
57028893582062,15:50:28.893,28.9100,1
57028893582062,15:50:28.893,28.9100,90
57219329451822,15:53:39.329,28.8300,8
57219329451822,15:53:39.329,28.8300,20
57219329451822,15:53:39.329,28.8300,3
57219329609346,15:53:39.329,28.8300,31
57219332130766,15:53:39.332,28.8300,30
57230087095405,15:53:50.087,28.8200,100
57230087467521,15:53:50.087,28.8200,12
57230089837236,15:53:50.089,28.8100,100
57283809499728,15:54:43.809,28.7900,1
57296952045550,15:54:56.952,28.8100,1
57335814198063,15:55:35.814,28.8200,3
57354840944457,15:55:54.840,28.8300,1
57354840944457,15:55:54.840,28.8300,20
57354840944457,15:55:54.840,28.8300,9
57354856489493,15:55:54.856,28.8300,100
57363703216242,15:56:03.703,28.8200,11
57363703251979,15:56:03.703,28.8200,30
57378276862014,15:56:18.276,28.8200,3
57411590322406,15:56:51.590,28.8200,4
57414115981312,15:56:54.115,28.8200,49
57465840520951,15:57:45.840,28.8200,1
57465840520951,15:57:45.840,28.8200,3
57465840520951,15:57:45.840,28.8200,100
57465840520951,15:57:45.840,28.8200,100
57465840520951,15:57:45.840,28.8200,1
57465840520951,15:57:45.840,28.8200,20
57465840520951,15:57:45.840,28.8200,100
57465840520951,15:57:45.840,28.8200,17
57465841012458,15:57:45.841,28.8200,100
57549967840875,15:59:09.967,28.8100,30
57549968626914,15:59:09.968,28.8100,20
57555828120677,15:59:15.828,28.8200,100
57557688024436,15:59:17.688,28.8000,1
57600633573763,16:00:00.633,0.0000,0
