timestamp,time,price,volume
34200391693520,09:30:00.391,0.0000,0
34335001028518,09:32:15.001,38.6300,40
34681110852754,09:38:01.110,38.5500,100
34681110852754,09:38:01.110,38.5500,20
34806568465060,09:40:06.568,38.5900,100
34806568465060,09:40:06.568,38.5900,100
34909955089375,09:41:49.955,38.7500,2
34909955089375,09:41:49.955,38.7500,40
34978279813068,09:42:58.279,38.7100,20
34979030707607,09:42:59.030,38.7000,100
34979030801595,09:42:59.030,38.7000,68
34979030824449,09:42:59.030,38.7000,14
34979030834359,09:42:59.030,38.7000,18
35094192440135,09:44:54.192,38.7900,100
35439608187630,09:50:39.608,38.6900,17
35439608187630,09:50:39.608,38.6900,5
35728305081516,09:55:28.305,38.6500,37
35881089033239,09:58:01.089,38.6700,200
35881089033239,09:58:01.089,38.6700,100
35898960410497,09:58:18.960,38.7100,100
35898960447028,09:58:18.960,38.7100,38
35898960852306,09:58:18.960,38.7100,17
35898960976668,09:58:18.960,38.7150,100
35913408014769,09:58:33.408,38.7050,100
35916408493232,09:58:36.408,38.7050,100
35921125562662,09:58:41.125,38.7050,100
35949532032391,09:59:09.532,38.7050,100
35949532116510,09:59:09.532,38.7100,100
35993343204192,09:59:53.343,38.7500,100
35993372342503,09:59:53.372,38.7400,100
36029002575832,10:00:29.002,38.7400,5
36029002580317,10:00:29.002,38.7300,100
36029002580317,10:00:29.002,38.7400,34
36029006227014,10:00:29.006,38.7300,100
36029006227014,10:00:29.006,38.7300,100
36101549462048,10:01:41.549,38.7400,100
36108020771947,10:01:48.020,38.7400,100
36109247248540,10:01:49.247,38.7400,100
36109247248540,10:01:49.247,38.7500,100
36109262658907,10:01:49.262,38.7600,100
36109419297053,10:01:49.419,38.7600,100
36141522667276,10:02:21.522,38.8000,10
36166748494602,10:02:46.748,38.7700,100
36166748520743,10:02:46.748,38.7600,100
36166748520743,10:02:46.748,38.7600,38
36166748529294,10:02:46.748,38.7600,12
36166748531968,10:02:46.748,38.7600,50
36190453036606,10:03:10.453,38.7400,100
36190453090250,10:03:10.453,38.7500,53
36190453805503,10:03:10.453,38.7500,47
36297190499860,10:04:57.190,38.7800,5
36297190525854,10:04:57.190,38.7800,6
36297191211886,10:04:57.191,38.7800,100
36311459328910,10:05:11.459,38.7700,53
36311459495132,10:05:11.459,38.7650,100
36311459495132,10:05:11.459,38.7700,47
36311459495132,10:05:11.459,38.7700,100
36311459546673,10:05:11.459,38.7700,50
36316271100155,10:05:16.271,38.7600,100
36336647608446,10:05:36.647,38.7300,100
36342022644555,10:05:42.022,38.6900,100
36342047294444,10:05:42.047,38.6900,100
36345102815391,10:05:45.102,38.6900,50
36355009062634,10:05:55.009,38.7000,100
36355009357436,10:05:55.009,38.7000,100
36363818012295,10:06:03.818,38.7150,100
36373097952386,10:06:13.097,38.7200,6
36373098005037,10:06:13.098,38.7100,100
36373098647262,10:06:13.098,38.7300,72
36373098696447,10:06:13.098,38.7300,28
36373102725977,10:06:13.102,38.7300,100
36373102725977,10:06:13.102,38.7300,100
36373102725977,10:06:13.102,38.7300,100
36373103759864,10:06:13.103,38.7200,100
36388242824876,10:06:28.242,38.7600,100
36388445664725,10:06:28.445,38.7600,53
36391435885616,10:06:31.435,38.7400,100
36391435913396,10:06:31.435,38.7400,100
36391435913396,10:06:31.435,38.7400,100
36491167747776,10:08:11.167,38.8000,7
36503407917509,10:08:23.407,38.8200,200
36503407972846,10:08:23.407,38.8200,100
36503408006036,10:08:23.408,38.8200,100
36504994196824,10:08:24.994,38.8100,100
36511406444492,10:08:31.406,38.8000,100
36511406479613,10:08:31.406,38.8000,35
36511406479613,10:08:31.406,38.8000,43
36511406479613,10:08:31.406,38.8000,22
36521216474503,10:08:41.216,38.7900,100
36600269443988,10:10:00.269,38.8200,100
36668588579347,10:11:08.588,38.8700,4
36699042306400,10:11:39.042,38.8800,10
36723266749034,10:12:03.266,38.8700,100
36723267169515,10:12:03.267,38.8700,100
36723267747002,10:12:03.267,38.8600,100
36723269951412,10:12:03.269,38.8500,100
36723276979113,10:12:03.276,38.8400,100
36723282242713,10:12:03.282,38.8400,100
36723809641795,10:12:03.809,38.8300,100
36736609921512,10:12:16.609,38.8300,5
36742426644893,10:12:22.426,38.8500,4
36742426689147,10:12:22.426,38.8500,6
36807110087434,10:13:27.110,38.8700,100
36934498715419,10:15:34.498,38.8800,100
37094266818486,10:18:14.266,38.8200,100
37099730818996,10:18:19.730,38.8200,100
37100761927406,10:18:20.761,38.8200,100
37100761927406,10:18:20.761,38.8200,100
37100761927406,10:18:20.761,38.8200,6
37202471051318,10:20:02.471,38.8200,100
37203314467200,10:20:03.314,38.8400,8
37236856501690,10:20:36.856,38.8400,100
37236915606762,10:20:36.915,38.8300,100
37236917052445,10:20:36.917,38.8300,100
37528933927917,10:25:28.933,38.9000,8
37528933927917,10:25:28.933,38.9000,11
37529054061810,10:25:29.054,38.9000,100
37529054061810,10:25:29.054,38.9000,100
37531542659004,10:25:31.542,38.9000,100
37533551872327,10:25:33.551,38.8900,26
37534994805235,10:25:34.994,38.8700,100
37534994805235,10:25:34.994,38.8700,20
37570426943562,10:26:10.426,38.8200,200
37571498802355,10:26:11.498,38.8500,7
37583718806321,10:26:23.718,38.8600,100
37583718806321,10:26:23.718,38.8600,100
37586157589318,10:26:26.157,38.8700,77
37586157961860,10:26:26.157,38.8700,23
37586157961860,10:26:26.157,38.8700,100
37717797649950,10:28:37.797,38.8800,7
37738887732042,10:28:58.887,38.9000,100
37738887744214,10:28:58.887,38.9000,100
37739210222922,10:28:59.210,38.8900,200
37739210222922,10:28:59.210,38.8900,100
37739210222922,10:28:59.210,38.8900,100
37739210553765,10:28:59.210,38.8900,100
37755331774929,10:29:15.331,38.8700,46
37802478551889,10:30:02.478,38.8900,100
37807668701321,10:30:07.668,38.9000,12
37807936322337,10:30:07.936,38.9000,88
37807936322337,10:30:07.936,38.9000,6
37886258107681,10:31:26.258,38.9200,24
37886713186602,10:31:26.713,38.9100,100
37940038049277,10:32:20.038,38.9200,28
37940038482587,10:32:20.038,38.9200,48
37940038482587,10:32:20.038,38.9200,7
38026750795406,10:33:46.750,38.9400,100
38026751488164,10:33:46.751,38.9400,100
38043410613141,10:34:03.410,38.9700,8
38043410613141,10:34:03.410,38.9800,92
38174473707412,10:36:14.473,38.9500,100
38174474252887,10:36:14.474,38.9500,100
38174474437855,10:36:14.474,38.9500,100
38174474437855,10:36:14.474,38.9500,44
38339228624321,10:38:59.228,38.9900,7
38351384437369,10:39:11.384,38.9900,100
38351384437369,10:39:11.384,38.9900,100
38351384437369,10:39:11.384,38.9900,100
38477409435599,10:41:17.409,39.0000,300
38477409435599,10:41:17.409,39.0000,7
38703531114072,10:45:03.531,39.0200,9
38703532282613,10:45:03.532,39.0300,1
38704610960126,10:45:04.610,39.0300,99
38835976172692,10:47:15.976,39.0300,100
38835976172692,10:47:15.976,39.0300,100
38835976174440,10:47:15.976,39.0300,100
38835978367775,10:47:15.978,39.0100,100
38835978367775,10:47:15.978,39.0100,100
38837160615784,10:47:17.160,39.0000,100
38837160615784,10:47:17.160,39.0000,100
38853166675333,10:47:33.166,38.9900,100
38885423290280,10:48:05.423,38.9900,8
39056635400554,10:50:56.635,39.0500,100
39056635400554,10:50:56.635,39.0500,100
39098317835901,10:51:38.317,39.0400,100
39098317877066,10:51:38.317,39.0400,200
39120008942154,10:52:00.008,39.0400,100
39120008942154,10:52:00.008,39.0400,9
39220406146718,10:53:40.406,39.0200,100
39255511359975,10:54:15.511,39.0000,91
39255511364514,10:54:15.511,39.0000,9
39280904456087,10:54:40.904,38.9900,10
39432441614153,10:57:12.441,38.9900,9
39432441614153,10:57:12.441,38.9900,4
39528941709926,10:58:48.941,38.9800,100
39540977984215,10:59:00.977,38.9800,100
39549530798409,10:59:09.530,38.9900,9
39549530798409,10:59:09.530,38.9900,100
39655049366419,11:00:55.049,38.9900,100
39655050542010,11:00:55.050,38.9800,100
39655181429233,11:00:55.181,38.9700,100
39655262751865,11:00:55.262,38.9700,1
39662953060103,11:01:02.953,38.9600,100
39663873156359,11:01:03.873,38.9800,100
39663873156359,11:01:03.873,38.9800,100
39663873156359,11:01:03.873,38.9800,100
39664091265804,11:01:04.091,38.9700,10
39664389892134,11:01:04.389,38.9800,100
39664394033473,11:01:04.394,38.9800,100
39783408905058,11:03:03.408,38.9900,100
39789410818030,11:03:09.410,39.0100,10
39797408446399,11:03:17.408,39.0200,60
39797408488702,11:03:17.408,39.0200,40
39869679179426,11:04:29.679,39.0400,100
40051235791798,11:07:31.235,38.9900,100
40052365923635,11:07:32.365,39.0000,100
40052365923635,11:07:32.365,39.0000,1
40133342417613,11:08:53.342,39.0100,4
40146314990784,11:09:06.314,39.0000,100
40150961704048,11:09:10.961,38.9900,14
40150961704048,11:09:10.961,38.9900,100
40151296304505,11:09:11.296,39.0000,200
40181612015241,11:09:41.612,39.0000,100
40181616054030,11:09:41.616,38.9900,100
40181633572039,11:09:41.633,38.9800,100
40181634315184,11:09:41.634,38.9800,200
40181634315184,11:09:41.634,38.9800,100
40181634374462,11:09:41.634,38.9800,100
40181634374462,11:09:41.634,38.9800,200
40181634374462,11:09:41.634,38.9800,100
40181663933237,11:09:41.663,38.9700,100
40181663933237,11:09:41.663,38.9700,100
40181665032595,11:09:41.665,38.9700,79
40181675013005,11:09:41.675,38.9600,100
40181675013005,11:09:41.675,38.9600,66
40181675070276,11:09:41.675,38.9600,34
40181675070276,11:09:41.675,38.9600,50
40181686790516,11:09:41.686,38.9500,100
40181696198494,11:09:41.696,38.9500,100
40181696198494,11:09:41.696,38.9500,43
40181696283250,11:09:41.696,38.9500,100
40181696808294,11:09:41.696,38.9500,118
40181696835865,11:09:41.696,38.9500,185
40181696878928,11:09:41.696,38.9500,97
40181696878928,11:09:41.696,38.9500,3
40181696956479,11:09:41.696,38.9500,163
40181697877221,11:09:41.697,38.9500,200
40181697877221,11:09:41.697,38.9500,100
40181697877221,11:09:41.697,38.9500,100
40181715258892,11:09:41.715,38.9500,100
40181717447239,11:09:41.717,38.9400,100
40181720285664,11:09:41.720,38.9400,100
40182231972787,11:09:42.231,38.9400,58
40182241508122,11:09:42.241,38.9300,100
40183387514764,11:09:43.387,38.9300,100
40183387514764,11:09:43.387,38.9300,100
40183408446936,11:09:43.408,38.9400,100
40183408446936,11:09:43.408,38.9400,100
40190779499772,11:09:50.779,38.9800,100
40205031308117,11:10:05.031,38.9600,100
40205031308117,11:10:05.031,38.9600,10
40228407205750,11:10:28.407,38.9800,100
40228407683047,11:10:28.407,38.9800,200
40228407683047,11:10:28.407,38.9800,100
40233378662957,11:10:33.378,38.9700,100
40303602685484,11:11:43.602,38.9700,100
40303602685484,11:11:43.602,38.9700,63
40323277727672,11:12:03.277,38.9600,100
40323277782723,11:12:03.277,38.9600,100
40323277810550,11:12:03.277,38.9600,200
40323277836807,11:12:03.277,38.9600,100
40354121333260,11:12:34.121,38.9700,11
40354121333260,11:12:34.121,38.9700,100
40354227416682,11:12:34.227,38.9800,100
40354227416682,11:12:34.227,38.9800,100
40434410110562,11:13:54.410,38.9700,65
40434948602867,11:13:54.948,38.9850,100
40437410329270,11:13:57.410,38.9900,100
40452528700892,11:14:12.528,38.9800,70
40452529238667,11:14:12.529,38.9800,100
40452529238667,11:14:12.529,38.9800,23
40452529248118,11:14:12.529,38.9800,77
40452529266919,11:14:12.529,38.9800,77
40452529509072,11:14:12.529,38.9800,23
40452529509072,11:14:12.529,38.9800,100
40452529509072,11:14:12.529,38.9800,100
40452529509072,11:14:12.529,38.9800,100
40452531224270,11:14:12.531,38.9700,100
40452588962174,11:14:12.588,38.9600,100
40453531017727,11:14:13.531,38.9600,100
40483554284187,11:14:43.554,38.9700,13
40533267115752,11:15:33.267,38.9600,200
40583109521403,11:16:23.109,38.9200,116
40614551732028,11:16:54.551,38.9300,11
40614551956608,11:16:54.551,38.9300,100
40614551956608,11:16:54.551,38.9300,100
40614551956608,11:16:54.551,38.9300,100
40614551956608,11:16:54.551,38.9300,100
40647409194330,11:17:27.409,38.9400,97
40647409194330,11:17:27.409,38.9400,100
40647409194330,11:17:27.409,38.9400,77
40655408940414,11:17:35.408,38.9600,28
40658409925519,11:17:38.409,38.9600,72
40676408064670,11:17:56.408,38.9700,100
40720146117844,11:18:40.146,38.9900,100
40725145405400,11:18:45.145,38.9900,100
40737751124465,11:18:57.751,38.9900,100
40737751124465,11:18:57.751,38.9900,100
40804058780648,11:20:04.058,38.9800,3
40804058780648,11:20:04.058,38.9800,97
40889184790816,11:21:29.184,38.9800,100
40889184790816,11:21:29.184,38.9800,13
40889184790816,11:21:29.184,38.9800,41
40909351682106,11:21:49.351,38.9900,200
40909352661754,11:21:49.352,38.9900,100
40911409791296,11:21:51.409,38.9700,100
40980313359729,11:23:00.313,38.9800,100
40980313404695,11:23:00.313,38.9800,12
41027298761064,11:23:47.298,38.9900,100
41176035762227,11:26:16.035,38.9600,100
41241506361489,11:27:21.506,38.9400,100
41241570791155,11:27:21.570,38.9300,100
41254660723333,11:27:34.660,38.9000,13
41254660723333,11:27:34.660,38.9100,13
41254660723333,11:27:34.660,38.9100,100
41254660723333,11:27:34.660,38.9100,32
41254660723333,11:27:34.660,38.9100,3
41254661586831,11:27:34.661,38.9200,5
41254661624126,11:27:34.661,38.9200,95
41254662135471,11:27:34.662,38.9200,100
41254672137971,11:27:34.672,38.9300,100
41261829341738,11:27:41.829,38.9300,100
41261830113190,11:27:41.830,38.9300,100
41296978508413,11:28:16.978,38.9300,11
41429626219724,11:30:29.626,38.9600,33
41437160739894,11:30:37.160,38.9700,13
41444457914489,11:30:44.457,39.0000,1
41444531412066,11:30:44.531,39.0000,100
41444583821399,11:30:44.583,39.0000,100
41444583876883,11:30:44.583,39.0000,100
41498261895538,11:31:38.261,39.0000,100
41498261895538,11:31:38.261,39.0000,33
41616245073449,11:33:36.245,39.0000,100
41616245073449,11:33:36.245,39.0000,200
41633621394573,11:33:53.621,38.9900,26
41638532388169,11:33:58.532,39.0000,100
41670250699943,11:34:30.250,38.9900,13
41670250699943,11:34:30.250,38.9900,85
41670250728490,11:34:30.250,38.9900,15
41670254293372,11:34:30.254,39.0000,100
41670254293372,11:34:30.254,39.0000,100
41716007052850,11:35:16.007,39.0100,100
41741408561717,11:35:41.408,39.0200,100
41741408561717,11:35:41.408,39.0200,30
41741459442131,11:35:41.459,39.0300,22
41741459504915,11:35:41.459,39.0300,28
41897041809056,11:38:17.041,39.0050,100
41897041927755,11:38:17.041,39.0000,100
41921446014128,11:38:41.446,38.9900,100
42071191921177,11:41:11.191,39.0000,23
42083219085619,11:41:23.219,39.0100,200
42145767085602,11:42:25.767,38.9900,100
42154907093202,11:42:34.907,38.9700,100
42172101732312,11:42:52.101,38.9700,24
42172101732312,11:42:52.101,38.9700,100
42260051617804,11:44:20.051,38.9900,15
42328390213826,11:45:28.390,39.0000,100
42328432885554,11:45:28.432,38.9900,100
42331983552715,11:45:31.983,38.9800,28
42334617149128,11:45:34.617,38.9800,72
42334617149128,11:45:34.617,38.9800,27
42416993982700,11:46:56.993,38.9800,100
42423364429545,11:47:03.364,38.9900,22
42597891558572,11:49:57.891,39.0100,100
42597891558572,11:49:57.891,39.0100,22
42626198375123,11:50:26.198,39.0100,100
42626198375123,11:50:26.198,39.0100,18
42626199628163,11:50:26.199,39.0200,17
42691522183304,11:51:31.522,39.0400,49
42764131424903,11:52:44.131,39.0500,16
42912001841588,11:55:12.001,39.0600,100
42913347186143,11:55:13.347,39.0500,100
42944306630302,11:55:44.306,39.0500,18
43118017050337,11:58:38.017,39.0300,100
43177164518591,11:59:37.164,39.0200,100
43220164704797,12:00:20.164,39.0200,36
43220164733313,12:00:20.164,39.0200,64
43220164733313,12:00:20.164,39.0200,100
43220164733313,12:00:20.164,39.0200,3
43220164733313,12:00:20.164,39.0200,16
43368483740189,12:02:48.483,39.1000,200
43407318419630,12:03:27.318,39.1000,1
43409405490011,12:03:29.405,39.1000,1
43546152527302,12:05:46.152,39.1100,100
43610363056842,12:06:50.363,39.1200,16
43682410720715,12:08:02.410,39.1200,100
43736175438004,12:08:56.175,39.1300,5
43736175438004,12:08:56.175,39.1300,5
43740333376097,12:09:00.333,39.1300,100
43858610142790,12:10:58.610,39.1400,17
43858610142790,12:10:58.610,39.1400,9
44091699741228,12:14:51.699,39.1300,100
44091699741228,12:14:51.699,39.1300,100
44112805920985,12:15:12.805,39.1200,100
44112805920985,12:15:12.805,39.1300,200
44112805920985,12:15:12.805,39.1300,100
44112805920985,12:15:12.805,39.1300,100
44112805920985,12:15:12.805,39.1300,100
44112805920985,12:15:12.805,39.1300,100
44112806616773,12:15:12.806,39.1300,100
44112825048182,12:15:12.825,39.1300,100
44112825048182,12:15:12.825,39.1300,100
44112825048182,12:15:12.825,39.1300,100
44112825048182,12:15:12.825,39.1300,100
44112901682938,12:15:12.901,39.1300,100
44112901682938,12:15:12.901,39.1300,100
44112901682938,12:15:12.901,39.1300,100
44127326943235,12:15:27.326,39.1300,100
44127327449158,12:15:27.327,39.1300,200
44127327449158,12:15:27.327,39.1300,100
44153087026287,12:15:53.087,39.1400,100
44153087026287,12:15:53.087,39.1400,3
44153087026287,12:15:53.087,39.1400,100
44162042748707,12:16:02.042,39.1500,10
44165225790685,12:16:05.225,39.1700,5
44192320976768,12:16:32.320,39.1700,200
44192320976768,12:16:32.320,39.1700,100
44220854292308,12:17:00.854,39.1600,4
44220854292308,12:17:00.854,39.1600,100
44247276555518,12:17:27.276,39.1600,21
44251410051848,12:17:31.410,39.1700,21
44390795197379,12:19:50.795,39.1500,100
44394185122346,12:19:54.185,39.1400,100
44530775659456,12:22:10.775,39.1400,100
44674532923291,12:24:34.532,39.1200,100
44674532923291,12:24:34.532,39.1200,100
44674548676206,12:24:34.548,39.1200,100
44674548676206,12:24:34.548,39.1200,100
44674548676206,12:24:34.548,39.1200,100
44674548676206,12:24:34.548,39.1200,100
44674548709133,12:24:34.548,39.1200,100
44785801368329,12:26:25.801,39.0800,100
44884415390360,12:28:04.415,39.0800,100
44884415390360,12:28:04.415,39.0800,1
44884415390360,12:28:04.415,39.0800,100
44884415390360,12:28:04.415,39.0800,21
44885198438363,12:28:05.198,39.0900,100
44885200508712,12:28:05.200,39.1000,39
44887408586975,12:28:07.408,39.1000,61
45000311592629,12:30:00.311,39.1000,100
45000311592629,12:30:00.311,39.1000,100
45087755571442,12:31:27.755,39.1200,20
45087755571442,12:31:27.755,39.1200,100
45087755571442,12:31:27.755,39.1200,22
45102251718833,12:31:42.251,39.1300,52
45159472930006,12:32:39.472,39.1300,100
45159472930006,12:32:39.472,39.1300,22
45175864436062,12:32:55.864,39.1200,100
45235391231585,12:33:55.391,39.1200,200
45235391231585,12:33:55.391,39.1200,100
45244777392032,12:34:04.777,39.1300,100
45282199315781,12:34:42.199,39.1200,99
45282199351574,12:34:42.199,39.1200,1
45282199650192,12:34:42.199,39.1200,200
45282199650192,12:34:42.199,39.1200,100
45282202844975,12:34:42.202,39.1100,100
45282202844975,12:34:42.202,39.1100,100
45282202844975,12:34:42.202,39.1100,200
45282202844975,12:34:42.202,39.1100,100
45318137460747,12:35:18.137,39.0900,4
45378764883183,12:36:18.764,39.0700,21
45379561295341,12:36:19.561,39.0800,24
45379561353811,12:36:19.561,39.0800,76
45408408665664,12:36:48.408,39.0800,100
45408408665664,12:36:48.408,39.0800,100
45408470423987,12:36:48.470,39.0800,100
45408473342142,12:36:48.473,39.0800,100
45411409089212,12:36:51.409,39.0900,100
45411409089212,12:36:51.409,39.0900,100
45411409089212,12:36:51.409,39.0900,100
45415407626897,12:36:55.407,39.0900,100
45415407626897,12:36:55.407,39.0900,100
45552363026619,12:39:12.363,39.0900,100
45595000995921,12:39:55.000,39.0700,100
45595000995921,12:39:55.000,39.0700,45
45595001717035,12:39:55.001,39.0600,8
45649095437772,12:40:49.095,39.0700,21
45668414891620,12:41:08.414,39.1100,10
45668414891620,12:41:08.414,39.1100,1
45837741030304,12:43:57.741,39.1100,100
45871883145606,12:44:31.883,39.1000,100
45899570935795,12:44:59.570,39.0900,100
45944405831478,12:45:44.405,39.0700,2
46050920262462,12:47:30.920,39.0800,19
46050920262462,12:47:30.920,39.0800,100
46078713541830,12:47:58.713,39.0800,100
46078713742439,12:47:58.713,39.0800,82
46196322698720,12:49:56.322,39.0800,24
46196322698720,12:49:56.322,39.0800,100
46196322698720,12:49:56.322,39.0800,9
46264552843454,12:51:04.552,39.1100,100
46264562042021,12:51:04.562,39.1200,10
46265152562899,12:51:05.152,39.1200,100
46306863594290,12:51:46.863,39.1100,100
46306865287624,12:51:46.865,39.1100,100
46306865397112,12:51:46.865,39.1100,100
46348363834427,12:52:28.363,39.1100,24
46505913877509,12:55:05.913,39.1000,100
46527972411165,12:55:27.972,39.0800,42
46530186713776,12:55:30.186,39.0800,58
46534362245337,12:55:34.362,39.0700,100
46615074096096,12:56:55.074,39.0700,11
46642449885556,12:57:22.449,39.0700,100
46809314869892,13:00:09.314,39.0700,100
46809314869892,13:00:09.314,39.0700,100
46809314869892,13:00:09.314,39.0700,9
46844848128335,13:00:44.848,39.0700,100
46844848128335,13:00:44.848,39.0700,100
46844848128335,13:00:44.848,39.0700,46
46893448111018,13:01:33.448,39.0600,61
46893448155289,13:01:33.448,39.0600,39
46924522386419,13:02:04.522,39.0600,11
46924522386419,13:02:04.522,39.0600,100
46925236570618,13:02:05.236,39.0700,24
46970187974658,13:02:50.187,39.0800,100
46970394625005,13:02:50.394,39.0600,100
46970394625005,13:02:50.394,39.0600,100
47051634418952,13:04:11.634,39.0500,100
47051634418952,13:04:11.634,39.0500,12
47083514685696,13:04:43.514,39.0600,1
47175210743788,13:06:15.210,39.0700,27
47175210743788,13:06:15.210,39.0700,12
47202795000139,13:06:42.795,39.0700,100
47235026560122,13:07:15.026,39.0700,100
47236246803788,13:07:16.246,39.0800,100
47241566213388,13:07:21.566,39.0800,100
47244224501486,13:07:24.224,39.0800,100
47244224501486,13:07:24.224,39.0800,100
47256866520503,13:07:36.866,39.0800,25
47256866546032,13:07:36.866,39.0800,75
47261257792559,13:07:41.257,39.0700,5
47261257818601,13:07:41.257,39.0700,95
47418405441663,13:10:18.405,39.0700,65
47418405441663,13:10:18.405,39.0700,18
47432239954749,13:10:32.239,39.0800,26
47432239954749,13:10:32.239,39.0800,74
47432242217912,13:10:32.242,39.0800,26
47699783080446,13:14:59.783,39.0600,100
47699783080446,13:14:59.783,39.0600,14
47768887959728,13:16:08.887,39.0500,100
47768887959728,13:16:08.887,39.0500,45
47768887959728,13:16:08.887,39.0500,14
47892432836751,13:18:12.432,39.0400,100
47913892022746,13:18:33.892,39.0100,100
47913892022746,13:18:33.892,39.0100,200
47973988796524,13:19:33.988,39.0100,28
48045860069373,13:20:45.860,39.0000,100
48060372297085,13:21:00.372,38.9900,100
48061215600854,13:21:01.215,39.0000,100
48061215600854,13:21:01.215,39.0000,10
48121157380407,13:22:01.157,39.0000,100
48121166432560,13:22:01.166,38.9900,100
48131015224723,13:22:11.015,39.0000,27
48131022133237,13:22:11.022,39.0100,100
48131022133237,13:22:11.022,39.0100,100
48131041502243,13:22:11.041,39.0200,400
48131041502243,13:22:11.041,39.0200,100
48131041502243,13:22:11.041,39.0200,100
48131042846367,13:22:11.042,39.0200,200
48131042846367,13:22:11.042,39.0200,400
48131042846367,13:22:11.042,39.0200,100
48131042846367,13:22:11.042,39.0200,200
48131198638934,13:22:11.198,39.0200,400
48131198638934,13:22:11.198,39.0200,100
48131198638934,13:22:11.198,39.0200,600
48131198638934,13:22:11.198,39.0200,200
48131198638934,13:22:11.198,39.0200,100
48131199712105,13:22:11.199,39.0300,100
48131199712105,13:22:11.199,39.0300,100
48131200492450,13:22:11.200,39.0300,100
48131200492450,13:22:11.200,39.0300,100
48131408362136,13:22:11.408,39.0400,100
48131408362136,13:22:11.408,39.0400,100
48131408362136,13:22:11.408,39.0400,100
48131408551792,13:22:11.408,39.0400,100
48131408551792,13:22:11.408,39.0400,100
48131408551792,13:22:11.408,39.0400,100
48131848811326,13:22:11.848,39.0500,100
48132017302484,13:22:12.017,39.0500,100
48132017328107,13:22:12.017,39.0500,100
48132017328107,13:22:12.017,39.0500,72
48132017330244,13:22:12.017,39.0500,28
48132246371986,13:22:12.246,39.0600,100
48132409119756,13:22:12.409,39.0800,100
48132409973721,13:22:12.409,39.0800,100
48132410744909,13:22:12.410,39.0800,100
48132410795883,13:22:12.410,39.0800,100
48132410795883,13:22:12.410,39.0800,100
48132410795883,13:22:12.410,39.0800,100
48132485276818,13:22:12.485,39.0800,100
48132741375013,13:22:12.741,39.0700,100
48133409694094,13:22:13.409,39.0600,100
48133517330201,13:22:13.517,39.0600,100
48137394913476,13:22:17.394,39.0400,100
48137405370025,13:22:17.405,39.0100,100
48137405370025,13:22:17.405,39.0100,24
48137405414110,13:22:17.405,39.0100,76
48137416952036,13:22:17.416,39.0000,100
48137416952036,13:22:17.416,39.0000,100
48137416952036,13:22:17.416,39.0000,100
48137416956876,13:22:17.416,39.0100,200
48137417026326,13:22:17.417,39.0100,25
48137417050295,13:22:17.417,39.0100,275
48137417050295,13:22:17.417,39.0000,100
48137491886638,13:22:17.491,38.9900,100
48137491886638,13:22:17.491,38.9900,88
48137505271548,13:22:17.505,39.0000,200
48137505271548,13:22:17.505,39.0000,100
48167060195955,13:22:47.060,39.0000,5
48167060249894,13:22:47.060,39.0000,100
48167060642941,13:22:47.060,39.0000,95
48167060642941,13:22:47.060,39.0000,69
48186055868895,13:23:06.055,38.9900,100
48186055868895,13:23:06.055,38.9900,45
48186152263509,13:23:06.152,38.9900,100
48189467956698,13:23:09.467,39.0000,100
48236984600065,13:23:56.984,39.0100,100
48236984930991,13:23:56.984,39.0100,100
48236984930991,13:23:56.984,39.0100,100
48236984930991,13:23:56.984,39.0100,100
48236984930991,13:23:56.984,39.0100,100
48236984930991,13:23:56.984,39.0100,100
48236985108441,13:23:56.985,39.0100,100
48346139862181,13:25:46.139,39.0000,100
48346139862181,13:25:46.139,39.0000,100
48346190518606,13:25:46.190,38.9900,100
48346190688055,13:25:46.190,38.9900,100
48359517211605,13:25:59.517,38.9900,52
48361264596606,13:26:01.264,38.9900,30
48394101349088,13:26:34.101,38.9900,38
48395408771900,13:26:35.408,38.9900,32
48395408771900,13:26:35.408,38.9900,68
48395408848515,13:26:35.408,38.9900,32
48406408974062,13:26:46.408,39.0000,83
48406411474424,13:26:46.411,39.0000,100
48406411474424,13:26:46.411,39.0000,100
48406411507192,13:26:46.411,39.0000,10
48406411507192,13:26:46.411,39.0000,100
48426782857208,13:27:06.782,38.9900,200
48470984774686,13:27:50.984,38.9800,100
48470984774686,13:27:50.984,38.9800,100
48470984774686,13:27:50.984,38.9800,200
48499454812759,13:28:19.454,38.9800,31
48553408474053,13:29:13.408,38.9800,100
48553408474053,13:29:13.408,38.9800,91
48568579471112,13:29:28.579,38.9800,100
48575408995607,13:29:35.408,38.9800,100
48613507110189,13:30:13.507,38.9900,32
48714890296915,13:31:54.890,38.9900,4
48714890388806,13:31:54.890,38.9900,37
48714890388806,13:31:54.890,38.9900,100
48754406542341,13:32:34.406,38.9800,94
48811198058166,13:33:31.198,38.9800,100
48818963587994,13:33:38.963,38.9700,100
48830132901993,13:33:50.132,38.9700,100
48830132901993,13:33:50.132,38.9700,32
48830133588177,13:33:50.133,38.9700,68
48837602477513,13:33:57.602,38.9600,100
48837602477513,13:33:57.602,38.9600,100
48839070837696,13:33:59.070,38.9600,100
48839070837696,13:33:59.070,38.9600,100
48839071319254,13:33:59.071,38.9600,34
48839227701930,13:33:59.227,38.9700,100
48839227701930,13:33:59.227,38.9700,100
48839227701930,13:33:59.227,38.9700,100
48856651798710,13:34:16.651,38.9600,100
48947840670092,13:35:47.840,38.9700,100
48947840670092,13:35:47.840,38.9700,40
48956125861280,13:35:56.125,38.9800,100
48956125861280,13:35:56.125,38.9800,35
48961542858112,13:36:01.542,38.9800,100
49155614610560,13:39:15.614,38.9900,100
49155614610560,13:39:15.614,38.9900,23
49155616254672,13:39:15.616,39.0000,100
49155616254672,13:39:15.616,39.0000,10
49155616254672,13:39:15.616,39.0000,10
49288407496196,13:41:28.407,39.0100,72
49288407545619,13:41:28.407,39.0100,28
49288407545619,13:41:28.407,39.0100,20
49335272399861,13:42:15.272,39.0200,30
49338369234190,13:42:18.369,39.0000,100
49348528960230,13:42:28.528,39.0000,37
49470113985815,13:44:30.113,39.0200,43
49470113985815,13:44:30.113,39.0200,100
49470113985815,13:44:30.113,39.0200,24
49501852709671,13:45:01.852,39.0100,100
49672041187690,13:47:52.041,39.0000,200
49737082079623,13:48:57.082,38.9700,99
49738236804111,13:48:58.236,38.9700,100
49738624773504,13:48:58.624,38.9700,100
49770941914791,13:49:30.941,38.9700,100
49784785988926,13:49:44.785,38.9500,64
49801359760130,13:50:01.359,38.9500,20
49862251296632,13:51:02.251,38.9600,41
49862251296632,13:51:02.251,38.9600,3
49862251296632,13:51:02.251,38.9600,100
49913221701098,13:51:53.221,38.9800,17
49932067020154,13:52:12.067,38.9700,51
49932067048676,13:52:12.067,38.9700,49
50100048151798,13:55:00.048,38.9900,100
50100048151798,13:55:00.048,38.9900,12
50100048151798,13:55:00.048,38.9900,100
50115359224838,13:55:15.359,38.9900,100
50155019133938,13:55:55.019,38.9800,100
50155019133938,13:55:55.019,38.9800,14
50156355185409,13:55:56.355,38.9700,100
50173021516035,13:56:13.021,38.9800,42
50173819082775,13:56:13.819,38.9900,100
50173821244871,13:56:13.821,39.0000,20
50222314062697,13:57:02.314,39.0000,66
50222340117684,13:57:02.340,39.0000,34
50222340117684,13:57:02.340,39.0000,40
50222340148349,13:57:02.340,39.0000,60
50321083626869,13:58:41.083,38.9900,16
50340167937707,13:59:00.167,38.9800,1
50340173426111,13:59:00.173,38.9800,1
50340173452915,13:59:00.173,38.9800,100
50402694721193,14:00:02.694,38.9900,100
50402694721193,14:00:02.694,38.9900,14
50405510052258,14:00:05.510,38.9700,100
50405510052258,14:00:05.510,38.9700,100
50405723052253,14:00:05.723,38.9900,44
50410271760857,14:00:10.271,39.0200,20
50410271764128,14:00:10.271,39.0300,10
50410271764128,14:00:10.271,39.0400,90
50413125969828,14:00:13.125,39.0300,100
50413125996975,14:00:13.125,39.0400,10
50413125996975,14:00:13.125,39.0400,16
50413126608221,14:00:13.126,39.0400,39
50413126742114,14:00:13.126,39.0400,45
50472218834326,14:01:12.218,39.0600,100
50472218834326,14:01:12.218,39.0600,20
50472218834326,14:01:12.218,39.0600,25
50472219665922,14:01:12.219,39.0700,5
50499256178196,14:01:39.256,39.0900,100
50547574405317,14:02:27.574,39.0500,100
50547574420696,14:02:27.574,39.0400,100
50547574420696,14:02:27.574,39.0300,100
50547574451939,14:02:27.574,39.0200,100
50547574463796,14:02:27.574,39.0200,100
50547574463796,14:02:27.574,39.0200,80
50547574476117,14:02:27.574,39.0200,20
50568577067693,14:02:48.577,39.0800,30
50598598854821,14:03:18.598,39.0900,100
50638802362905,14:03:58.802,39.1200,15
50639501166275,14:03:59.501,39.1300,100
50652747990708,14:04:12.747,39.1300,200
50768594324717,14:06:08.594,39.1900,100
50768594324717,14:06:08.594,39.1900,41
50768594349637,14:06:08.594,39.1800,15
50768594361968,14:06:08.594,39.1800,85
50876017274920,14:07:56.017,39.1700,94
50876017329267,14:07:56.017,39.1700,6
50902067916858,14:08:22.067,39.1500,100
50902067916858,14:08:22.067,39.1500,200
51006399228223,14:10:06.399,39.1200,100
51006399228223,14:10:06.399,39.1200,126
51006399228223,14:10:06.399,39.1200,100
51006399228223,14:10:06.399,39.1200,41
51006399760151,14:10:06.399,39.1300,65
51006399874540,14:10:06.399,39.1300,35
51032965454547,14:10:32.965,39.1400,200
51071430675508,14:11:11.430,39.1800,29
51132904603922,14:12:12.904,39.1800,100
51132904603922,14:12:12.904,39.1800,100
51132904603922,14:12:12.904,39.1800,100
51132905114825,14:12:12.905,39.1800,100
51132905426465,14:12:12.905,39.1800,200
51132905426465,14:12:12.905,39.1800,3
51132905453449,14:12:12.905,39.1800,97
51132905453449,14:12:12.905,39.1800,3
51203097850573,14:13:23.097,39.1900,100
51256390499542,14:14:16.390,39.1900,51
51256401746972,14:14:16.401,39.2000,50
51300167555666,14:15:00.167,39.2000,100
51300168762563,14:15:00.168,39.2000,100
51300168762563,14:15:00.168,39.2000,45
51300549051571,14:15:00.549,39.1900,29
51300772500250,14:15:00.772,39.1900,71
51300772500250,14:15:00.772,39.1900,100
51300773858183,14:15:00.773,39.1800,100
51300844540013,14:15:00.844,39.1700,100
51301402524712,14:15:01.402,39.1700,200
51301402966972,14:15:01.402,39.1700,3
51301403221954,14:15:01.403,39.1700,97
51301403221954,14:15:01.403,39.1700,100
51302045313537,14:15:02.045,39.1700,100
51302046079044,14:15:02.046,39.1700,100
51302402738572,14:15:02.402,39.1600,100
51398533227321,14:16:38.533,39.1900,48
51400251844427,14:16:40.251,39.2000,95
51400251846865,14:16:40.251,39.2000,78
51400968418126,14:16:40.968,39.2200,1
51410487436138,14:16:50.487,39.2100,100
51572551525843,14:19:32.551,39.1900,82
51572551569145,14:19:32.551,39.1900,18
51581057718634,14:19:41.057,39.2200,100
51581058385343,14:19:41.058,39.2300,100
51581058599805,14:19:41.058,39.2300,200
51581058599805,14:19:41.058,39.2300,100
51581058599805,14:19:41.058,39.2300,100
51581058917947,14:19:41.058,39.2300,200
51581058917947,14:19:41.058,39.2300,100
51587465919814,14:19:47.465,39.2200,100
51609648956884,14:20:09.648,39.2200,100
51628480936622,14:20:28.480,39.2100,100
51628480936622,14:20:28.480,39.2100,100
51803653065985,14:23:23.653,39.2300,15
51803656589599,14:23:23.656,39.2300,10
51803660210151,14:23:23.660,39.2300,7
51803660247546,14:23:23.660,39.2300,14
51803661939619,14:23:23.661,39.2300,4
51803663199912,14:23:23.663,39.2400,3
51803663253740,14:23:23.663,39.2400,2
51803663350470,14:23:23.663,39.2400,1
51803663420300,14:23:23.663,39.2400,1
51803663483296,14:23:23.663,39.2400,1
51807729097134,14:23:27.729,39.2400,100
51865222375312,14:24:25.222,39.2200,100
51911716731699,14:25:11.716,39.2100,100
51911716731699,14:25:11.716,39.2100,2
51960775146158,14:26:00.775,39.2100,100
51960775190890,14:26:00.775,39.2100,41
51972492514922,14:26:12.492,39.2000,100
51972686459110,14:26:12.686,39.1900,100
51993382944701,14:26:33.382,39.1900,100
51995011811645,14:26:35.011,39.1800,200
52082019768380,14:28:02.019,39.1400,100
52082020509119,14:28:02.020,39.1500,25
52100950351536,14:28:20.950,39.1400,100
52105471012409,14:28:25.471,39.1400,100
52125905139009,14:28:45.905,39.1500,18
52147604834764,14:29:07.604,39.1500,100
52219218935099,14:30:19.218,39.1100,16
52220991820620,14:30:20.991,39.1200,57
52315573296835,14:31:55.573,39.0900,4
52378133329958,14:32:58.133,39.0600,100
52430613389462,14:33:50.613,39.0700,15
52563998389619,14:36:03.998,39.0500,100
52563998389619,14:36:03.998,39.0500,47
52572401845714,14:36:12.401,39.0300,100
52572401845714,14:36:12.401,39.0300,100
52578270031281,14:36:18.270,39.0200,100
52579107497324,14:36:19.107,39.0300,100
52580073972834,14:36:20.073,39.0300,15
52580073972834,14:36:20.073,39.0300,100
52645802141891,14:37:25.802,39.0400,100
52647934343944,14:37:27.934,39.0500,100
52701264625956,14:38:21.264,39.0600,10
52701264625956,14:38:21.264,39.0600,48
52701762176475,14:38:21.762,39.0800,20
52711297342903,14:38:31.297,39.0700,100
52720018824376,14:38:40.018,39.0700,400
52720018824376,14:38:40.018,39.0700,100
52720018824376,14:38:40.018,39.0700,15
52729460529732,14:38:49.460,39.0900,100
52743079431735,14:39:03.079,39.0800,100
52743079431735,14:39:03.079,39.0800,100
52755005829805,14:39:15.005,39.0700,4
52755005829805,14:39:15.005,39.0700,100
52915643727930,14:41:55.643,39.0500,100
52918780305765,14:41:58.780,39.0700,100
52985537462077,14:43:05.537,39.0600,13
52985537462077,14:43:05.537,39.0600,100
52985539941284,14:43:05.539,39.0500,100
53034655007284,14:43:54.655,39.0500,100
53090286105483,14:44:50.286,39.0800,65
53097221438442,14:44:57.221,39.0900,100
53111134701305,14:45:11.134,39.0800,100
53123501776431,14:45:23.501,39.0700,100
53123504102864,14:45:23.504,39.0800,100
53189256551010,14:46:29.256,39.0800,5
53189260269825,14:46:29.260,39.0800,5
53189310550846,14:46:29.310,39.0800,90
53205582977398,14:46:45.582,39.1000,5
53252527104495,14:47:32.527,39.1000,200
53352252567921,14:49:12.252,39.0700,100
53360331286298,14:49:20.331,39.0700,25
53360331726902,14:49:20.331,39.0800,100
53389350760877,14:49:49.350,39.0800,100
53389350807667,14:49:49.350,39.0800,200
53389350807667,14:49:49.350,39.0800,100
53392522012269,14:49:52.522,39.0800,100
53392522012269,14:49:52.522,39.0800,100
53446760360528,14:50:46.760,39.0900,100
53464186087572,14:51:04.186,39.0600,49
53464186096231,14:51:04.186,39.0600,51
53464186096231,14:51:04.186,39.0600,100
53464186583211,14:51:04.186,39.0600,100
53464186583211,14:51:04.186,39.0600,100
53464186583211,14:51:04.186,39.0600,100
53464198120485,14:51:04.198,39.0700,26
53483083615885,14:51:23.083,39.0300,3
53504988534403,14:51:44.988,39.0300,131
53504988534403,14:51:44.988,39.0300,69
53504988715382,14:51:44.988,39.0300,31
53518406748804,14:51:58.406,39.0500,100
53525903736547,14:52:05.903,39.0500,58
53525903736547,14:52:05.903,39.0500,42
53525903780700,14:52:05.903,39.0500,58
53542006726935,14:52:22.006,39.0800,20
53542006726935,14:52:22.006,39.0800,100
53554627567746,14:52:34.627,39.1000,20
53571916684679,14:52:51.916,39.1000,27
53617456932009,14:53:37.456,39.0900,200
53626424239448,14:53:46.424,39.1000,126
53626426154309,14:53:46.426,39.1100,5
53626426770240,14:53:46.426,39.1200,10
53626426770240,14:53:46.426,39.1200,100
53694126117208,14:54:54.126,39.1200,100
53694126117208,14:54:54.126,39.1200,200
53725256234029,14:55:25.256,39.1100,100
53725256234029,14:55:25.256,39.1100,100
53783880764079,14:56:23.880,39.1100,100
53787798615601,14:56:27.798,39.1100,100
53788994368195,14:56:28.994,39.1200,100
53788994395505,14:56:28.994,39.1200,60
53789715152959,14:56:29.715,39.1300,20
53791020126039,14:56:31.020,39.1400,12
53791020154775,14:56:31.020,39.1400,8
53791020884197,14:56:31.020,39.1500,20
53791021730329,14:56:31.021,39.1600,20
53791021798360,14:56:31.021,39.1600,100
53791021803516,14:56:31.021,39.1600,100
53791021812976,14:56:31.021,39.1600,100
53874371713726,14:57:54.371,39.1400,4
53883587541480,14:58:03.587,39.1200,100
53918474861765,14:58:38.474,39.1400,100
53926211113823,14:58:46.211,39.1400,100
53926211206162,14:58:46.211,39.1400,100
54007207900222,15:00:07.207,39.1300,200
54007212749916,15:00:07.212,39.1350,100
54007212749916,15:00:07.212,39.1400,100
54007213143135,15:00:07.213,39.1300,100
54007213238194,15:00:07.213,39.1300,100
54007265894140,15:00:07.265,39.1400,100
54059152172723,15:00:59.152,39.1400,100
54112782352630,15:01:52.782,39.1400,100
54125502856980,15:02:05.502,39.1300,100
54125502856980,15:02:05.502,39.1300,225
54197160687053,15:03:17.160,39.1300,100
54197160687053,15:03:17.160,39.1300,100
54197160687053,15:03:17.160,39.1300,100
54200824534708,15:03:20.824,39.1300,100
54246386128545,15:04:06.386,39.1100,4
54270408587772,15:04:30.408,39.1000,100
54270408587772,15:04:30.408,39.1000,100
54270408587772,15:04:30.408,39.1000,100
54270553883892,15:04:30.553,39.1100,100
54304298186292,15:05:04.298,39.1100,1
54304298238522,15:05:04.298,39.1100,74
54325027550918,15:05:25.027,39.1100,100
54325029015448,15:05:25.029,39.1200,5
54339852187932,15:05:39.852,39.1300,100
54383246745326,15:06:23.246,39.1200,100
54405752919735,15:06:45.752,39.1200,100
54410214611018,15:06:50.214,39.1200,100
54433957246573,15:07:13.957,39.1100,100
54433957246573,15:07:13.957,39.1100,18
54433958059851,15:07:13.958,39.1000,100
54433958065815,15:07:13.958,39.1000,100
54437754380277,15:07:17.754,39.1000,88
54437754380277,15:07:17.754,39.1000,100
54451061487014,15:07:31.061,39.1200,299
54451061489892,15:07:31.061,39.1200,101
54461013771061,15:07:41.013,39.1300,6
54470536953548,15:07:50.536,39.1300,99
54470536982925,15:07:50.536,39.1300,1
54483016476304,15:08:03.016,39.1500,20
54483016476304,15:08:03.016,39.1500,80
54483016577980,15:08:03.016,39.1500,12
54544429589361,15:09:04.429,39.1400,100
54544429589361,15:09:04.429,39.1400,13
54635787614559,15:10:35.787,39.0800,100
54635787614559,15:10:35.787,39.0800,100
54662194722167,15:11:02.194,39.0700,100
54689061217027,15:11:29.061,39.0700,100
54689061217027,15:11:29.061,39.0700,100
54689061217027,15:11:29.061,39.0700,88
54689061270235,15:11:29.061,39.0700,150
54689063930570,15:11:29.063,39.0700,162
54689071461545,15:11:29.071,39.0800,100
54727917260110,15:12:07.917,39.0800,100
54734625438204,15:12:14.625,39.0500,100
54739827107475,15:12:19.827,39.0600,5
54739827112965,15:12:19.827,39.0600,95
54806930422808,15:13:26.930,39.0900,10
54829622314315,15:13:49.622,39.1100,10
54853121434980,15:14:13.121,39.1100,100
54853121434980,15:14:13.121,39.1100,83
54853989323887,15:14:13.989,39.1200,36
54853989323887,15:14:13.989,39.1200,14
54853989323887,15:14:13.989,39.1200,50
54856868767670,15:14:16.868,39.1200,50
54856868767670,15:14:16.868,39.1200,50
54921900236691,15:15:21.900,39.1400,20
54921900236691,15:15:21.900,39.1400,14
54921900236691,15:15:21.900,39.1400,10
54922234034002,15:15:22.234,39.1500,3
54922323695021,15:15:22.323,39.1500,100
54922323695021,15:15:22.323,39.1500,100
54922324727470,15:15:22.324,39.1500,100
54922324727470,15:15:22.324,39.1500,100
54981872676963,15:16:21.872,39.1500,100
54981872676963,15:16:21.872,39.1500,18
54981872676963,15:16:21.872,39.1500,82
54981874317943,15:16:21.874,39.1500,18
54990981823435,15:16:30.981,39.1300,100
54990981823435,15:16:30.981,39.1300,7
54990981829644,15:16:30.981,39.1300,93
54991092200359,15:16:31.092,39.1200,100
54991092735912,15:16:31.092,39.1200,100
54991092735912,15:16:31.092,39.1200,100
55052497680806,15:17:32.497,39.1200,27
55058405137547,15:17:38.405,39.1200,100
55089573046834,15:18:09.573,39.0900,4
55099889570350,15:18:19.889,39.1000,100
55099889570350,15:18:19.889,39.1000,100
55174082041785,15:19:34.082,39.1100,88
55183492814553,15:19:43.492,39.1300,20
55270151544048,15:21:10.151,39.1400,20
55270151544048,15:21:10.151,39.1400,36
55270151548158,15:21:10.151,39.1400,99
55270151548158,15:21:10.151,39.1400,51
55270160013987,15:21:10.160,39.1400,7
55285731846253,15:21:25.731,39.1300,100
55285731846253,15:21:25.731,39.1300,100
55285735313359,15:21:25.735,39.1200,100
55310722705992,15:21:50.722,39.1100,100
55318409855759,15:21:58.409,39.1100,100
55367299170605,15:22:47.299,39.0900,100
55378056609619,15:22:58.056,39.0800,100
55394013107461,15:23:14.013,39.0900,100
55400160666677,15:23:20.160,39.1000,100
55452810663487,15:24:12.810,39.0700,100
55464009051209,15:24:24.009,39.0700,100
55476623834093,15:24:36.623,39.0800,100
55493685299903,15:24:53.685,39.0700,100
55501016971208,15:25:01.016,39.0600,17
55523833899280,15:25:23.833,39.0500,100
55523833899280,15:25:23.833,39.0500,100
55523835494141,15:25:23.835,39.0500,100
55540866987450,15:25:40.866,39.0650,400
55542838988770,15:25:42.838,39.0650,200
55570405480563,15:26:10.405,39.0600,100
55570405480563,15:26:10.405,39.0600,100
55578741853925,15:26:18.741,39.0600,100
55578741853925,15:26:18.741,39.0600,100
55578741853925,15:26:18.741,39.0600,121
55625320436311,15:27:05.320,39.0500,100
55626554763503,15:27:06.554,39.0500,100
55656381101802,15:27:36.381,39.0500,1
55673123386750,15:27:53.123,39.0600,100
55676467467530,15:27:56.467,39.0700,100
55676467467530,15:27:56.467,39.0700,100
55676467467530,15:27:56.467,39.0700,100
55676474477943,15:27:56.474,39.0800,100
55676474477943,15:27:56.474,39.0800,100
55676474873428,15:27:56.474,39.0800,100
55676474873428,15:27:56.474,39.0800,100
55676474873428,15:27:56.474,39.0800,100
55676600140730,15:27:56.600,39.0800,100
55677069156632,15:27:57.069,39.0800,5
55695871784563,15:28:15.871,39.0900,20
55741134358727,15:29:01.134,39.0800,100
55741134358727,15:29:01.134,39.0800,100
55753077075313,15:29:13.077,39.0700,100
55753077075313,15:29:13.077,39.0700,100
55800691172697,15:30:00.691,39.0700,100
55802556850391,15:30:02.556,39.0600,100
55802556850391,15:30:02.556,39.0600,17
55802556850391,15:30:02.556,39.0600,100
55803201014589,15:30:03.201,39.0500,100
55803522878847,15:30:03.522,39.0400,100
55803522878847,15:30:03.522,39.0400,100
55805575010200,15:30:05.575,39.0500,100
55806271017559,15:30:06.271,39.0500,100
55812709897601,15:30:12.709,39.0500,100
55812710292929,15:30:12.710,39.0500,100
55823539708309,15:30:23.539,39.0400,5
55823539708309,15:30:23.539,39.0400,100
55824531752918,15:30:24.531,39.0500,106
55825967431914,15:30:25.967,39.0600,100
55828015843578,15:30:28.015,39.0700,100
55832808256332,15:30:32.808,39.0800,200
55832814710354,15:30:32.814,39.0900,200
55870573406341,15:31:10.573,39.0900,100
55870573481123,15:31:10.573,39.0900,32
55870574925411,15:31:10.574,39.0900,68
55873296159190,15:31:13.296,39.1000,100
55873296159190,15:31:13.296,39.1000,100
55874188392123,15:31:14.188,39.1100,100
55874188392123,15:31:14.188,39.1100,10
55874188392123,15:31:14.188,39.1100,10
55905014288965,15:31:45.014,39.1000,98
55905014508185,15:31:45.014,39.1000,2
55913013508840,15:31:53.013,39.1000,3
55917813824017,15:31:57.813,39.1000,100
55917813870362,15:31:57.813,39.1000,70
55923216723008,15:32:03.216,39.1000,100
55933776085497,15:32:13.776,39.1000,100
55946443676246,15:32:26.443,39.1000,100
55962919186158,15:32:42.919,39.1000,100
55962919186158,15:32:42.919,39.1000,100
55962919186158,15:32:42.919,39.1000,100
55965011444384,15:32:45.011,39.1100,100
55992919438747,15:33:12.919,39.0900,99
55992919474688,15:33:12.919,39.0900,1
55992919474688,15:33:12.919,39.0900,100
56000659985807,15:33:20.659,39.0800,100
56002512392137,15:33:22.512,39.0700,100
56004555092947,15:33:24.555,39.0700,4
56007419103479,15:33:27.419,39.0700,5
56007419104970,15:33:27.419,39.0700,95
56007419110720,15:33:27.419,39.0700,8
56029390442719,15:33:49.390,39.0700,100
56037607873429,15:33:57.607,39.0500,100
56038003848347,15:33:58.003,39.0400,100
56071904737022,15:34:31.904,39.0500,100
56085184495646,15:34:45.184,39.0500,100
56101905180436,15:35:01.905,39.0400,100
56101905180436,15:35:01.905,39.0400,100
56125525450958,15:35:25.525,39.0500,100
56125525450958,15:35:25.525,39.0500,100
56125525483543,15:35:25.525,39.0500,100
56168726218716,15:36:08.726,39.0500,15
56168850702501,15:36:08.850,39.0500,1
56210427594857,15:36:50.427,39.0500,100
56210427594857,15:36:50.427,39.0500,100
56225580537436,15:37:05.580,39.0600,100
56240726566291,15:37:20.726,39.0400,100
56323496536312,15:38:43.496,39.0300,100
56323496536312,15:38:43.496,39.0300,30
56323496539677,15:38:43.496,39.0300,70
56323496539677,15:38:43.496,39.0300,29
56323496548782,15:38:43.496,39.0300,71
56323496548782,15:38:43.496,39.0300,29
56323496596281,15:38:43.496,39.0300,71
56323510157539,15:38:43.510,39.0350,100
56323525938398,15:38:43.525,39.0400,100
56334005426461,15:38:54.005,39.0500,45
56334127787243,15:38:54.127,39.0500,3
56335727127996,15:38:55.727,39.0500,52
56342933099904,15:39:02.933,39.0500,100
56350628589523,15:39:10.628,39.0400,100
56355282019604,15:39:15.282,39.0200,100
56358394719669,15:39:18.394,39.0200,100
56380677825091,15:39:40.677,39.0300,11
56380677829148,15:39:40.677,39.0300,89
56392605719026,15:39:52.605,39.0300,100
56392605719026,15:39:52.605,39.0300,100
56435271683785,15:40:35.271,39.0000,100
56435271683785,15:40:35.271,39.0000,100
56435274691363,15:40:35.274,39.0100,200
56435274691363,15:40:35.274,39.0100,100
56435274691363,15:40:35.274,39.0100,100
56435278787101,15:40:35.278,39.0100,84
56435278958203,15:40:35.278,39.0100,200
56435278958203,15:40:35.278,39.0100,311
56435279406974,15:40:35.279,39.0100,100
56435279487905,15:40:35.279,39.0100,100
56435279590629,15:40:35.279,39.0100,200
56435279590629,15:40:35.279,39.0100,400
56441708018728,15:40:41.708,39.0100,100
56452003427726,15:40:52.003,39.0300,100
56452003427726,15:40:52.003,39.0300,82
56457466246251,15:40:57.466,39.0300,100
56457466246251,15:40:57.466,39.0300,100
56463190927216,15:41:03.190,39.0200,100
56463301422330,15:41:03.301,39.0200,100
56463665227059,15:41:03.665,39.0200,100
56474709597965,15:41:14.709,39.0300,100
56480481820564,15:41:20.481,39.0300,5
56480483076515,15:41:20.483,39.0300,95
56480483076515,15:41:20.483,39.0300,100
56486998461003,15:41:26.998,39.0200,100
56498862796790,15:41:38.862,39.0000,100
56499029837891,15:41:39.029,38.9800,100
56499051636921,15:41:39.051,38.9700,103
56499051669162,15:41:39.051,38.9700,97
56499051669162,15:41:39.051,38.9700,100
56499051669162,15:41:39.051,38.9700,100
56499051669162,15:41:39.051,38.9700,100
56499053285244,15:41:39.053,38.9800,100
56499638210596,15:41:39.638,38.9800,100
56505917401875,15:41:45.917,38.9900,100
56515598954593,15:41:55.598,39.0200,100
56524201462062,15:42:04.201,39.0200,100
56524201491895,15:42:04.201,39.0200,100
56524201491895,15:42:04.201,39.0200,127
56536684862559,15:42:16.684,39.0300,100
56544547792902,15:42:24.547,39.0300,100
56544548133698,15:42:24.548,39.0300,100
56544549101136,15:42:24.549,39.0300,100
56554709502997,15:42:34.709,39.0400,10
56561441051137,15:42:41.441,39.0500,15
56561441051137,15:42:41.441,39.0500,4
56561441051137,15:42:41.441,39.0500,20
56572165649995,15:42:52.165,39.0600,50
56572165649995,15:42:52.165,39.0600,100
56572165649995,15:42:52.165,39.0600,50
56572165684187,15:42:52.165,39.0600,50
56575763700851,15:42:55.763,39.0700,10
56575763700851,15:42:55.763,39.0700,100
56575764200719,15:42:55.764,39.0800,45
56575764203231,15:42:55.764,39.0800,55
56575764203231,15:42:55.764,39.0800,45
56586877865811,15:43:06.877,39.0900,100
56596117111854,15:43:16.117,39.0800,100
56596117111854,15:43:16.117,39.0800,100
56596117111854,15:43:16.117,39.0800,99
56596117116564,15:43:16.117,39.0800,1
56606347909463,15:43:26.347,39.0700,10
56606347974645,15:43:26.347,39.0700,90
56606347974645,15:43:26.347,39.0700,100
56617838963476,15:43:37.838,39.0800,200
56617838963476,15:43:37.838,39.0800,100
56618705224628,15:43:38.705,39.0800,100
56619794453229,15:43:39.794,39.0800,100
56640336254093,15:44:00.336,39.0800,100
56650396746514,15:44:10.396,39.0800,100
56664755162754,15:44:24.755,39.0700,100
56664755196323,15:44:24.755,39.0700,99
56664755229893,15:44:24.755,39.0700,61
56664755258064,15:44:24.755,39.0700,40
56670281988034,15:44:30.281,39.0600,200
56670282018395,15:44:30.282,39.0600,100
56670460699451,15:44:30.460,39.0650,100
56670460699451,15:44:30.460,39.0600,100
56670460699451,15:44:30.460,39.0600,42
56671448293176,15:44:31.448,39.0600,100
56697710330144,15:44:57.710,39.0700,100
56700410625107,15:45:00.410,39.0700,100
56701780325272,15:45:01.780,39.0700,1
56701786632899,15:45:01.786,39.0700,99
56702969118056,15:45:02.969,39.0850,100
56708365989859,15:45:08.365,39.0800,100
56708365989859,15:45:08.365,39.0800,10
56708366027104,15:45:08.366,39.0800,90
56708366027104,15:45:08.366,39.0800,100
56709848647836,15:45:09.848,39.0600,100
56713603469908,15:45:13.603,39.0550,5
56719708818882,15:45:19.708,39.0700,100
56728561935031,15:45:28.561,39.0700,100
56737257974219,15:45:37.257,39.0800,100
56737257977956,15:45:37.257,39.0800,100
56737297059476,15:45:37.297,39.0900,100
56761316038498,15:46:01.316,39.0900,100
56761316038498,15:46:01.316,39.0900,100
56761316379389,15:46:01.316,39.0800,40
56761316379389,15:46:01.316,39.0800,37
56761566873319,15:46:01.566,39.0800,5
56761691680174,15:46:01.691,39.0800,200
56761691680174,15:46:01.691,39.0800,95
56761691710591,15:46:01.691,39.0800,5
56778717014458,15:46:18.717,39.0700,100
56787339509621,15:46:27.339,39.0700,100
56787339509621,15:46:27.339,39.0700,200
56817708162684,15:46:57.708,39.0700,8
56817708230723,15:46:57.708,39.0700,92
56817708230723,15:46:57.708,39.0700,8
56817708285186,15:46:57.708,39.0700,120
56817708285186,15:46:57.708,39.0700,160
56817708285186,15:46:57.708,39.0700,200
56826968261593,15:47:06.968,39.0800,100
56826968261593,15:47:06.968,39.0800,1
56826968270045,15:47:06.968,39.0800,91
56826968274647,15:47:06.968,39.0800,8
56826968274647,15:47:06.968,39.0800,91
56826968337730,15:47:06.968,39.0800,9
56826968337730,15:47:06.968,39.0800,91
56826968342629,15:47:06.968,39.0800,9
56827367238790,15:47:07.367,39.0900,200
56827367268152,15:47:07.367,39.0900,100
56852243534998,15:47:32.243,39.0800,100
56852243534998,15:47:32.243,39.0800,100
56852243534998,15:47:32.243,39.0800,99
56852243536089,15:47:32.243,39.0800,99
56852243547491,15:47:32.243,39.0800,2
56853740946242,15:47:33.740,39.0700,100
56853740946242,15:47:33.740,39.0700,100
56858698716751,15:47:38.698,39.0500,5
56858698764353,15:47:38.698,39.0500,95
56877501141221,15:47:57.501,39.0500,71
56877501142861,15:47:57.501,39.0500,29
56877501142861,15:47:57.501,39.0500,100
56884118992854,15:48:04.118,39.0400,15
56884118992854,15:48:04.118,39.0400,100
56884118992854,15:48:04.118,39.0400,100
56886082917383,15:48:06.082,39.0300,100
56899261943433,15:48:19.261,39.0400,7
56906796853599,15:48:26.796,39.0300,100
56912481986403,15:48:32.481,39.0200,100
56933415155938,15:48:53.415,39.0200,100
56933415155938,15:48:53.415,39.0200,100
56933415155938,15:48:53.415,39.0200,99
56933415168044,15:48:53.415,39.0200,1
56934219547305,15:48:54.219,39.0300,100
56934221810769,15:48:54.221,39.0300,100
56934239831286,15:48:54.239,39.0300,100
56934397912914,15:48:54.397,39.0300,100
56934398213193,15:48:54.398,39.0300,100
56934399584320,15:48:54.399,39.0300,100
56934400316994,15:48:54.400,39.0300,100
56934408771507,15:48:54.408,39.0300,100
56934986089525,15:48:54.986,39.0300,100
56934986124894,15:48:54.986,39.0300,100
56937502085451,15:48:57.502,39.0400,100
56937502872160,15:48:57.502,39.0400,48
56937502872160,15:48:57.502,39.0400,100
56937502872160,15:48:57.502,39.0400,100
56937502872160,15:48:57.502,39.0400,100
56937502872160,15:48:57.502,39.0400,152
56937728548487,15:48:57.728,39.0400,100
56946735091268,15:49:06.735,39.0500,100
56946735115790,15:49:06.735,39.0500,100
56946735124640,15:49:06.735,39.0500,200
56946735124640,15:49:06.735,39.0500,111
56946735124640,15:49:06.735,39.0500,100
56946735124640,15:49:06.735,39.0500,100
56949227898063,15:49:09.227,39.0500,200
56949230627934,15:49:09.230,39.0400,89
56949231266147,15:49:09.231,39.0400,100
56949231924360,15:49:09.231,39.0400,100
57001333986483,15:50:01.333,39.0350,200
57004177912161,15:50:04.177,39.0300,100
57004177912161,15:50:04.177,39.0300,200
57006172283883,15:50:06.172,39.0200,100
57007439017782,15:50:07.439,39.0200,100
57007439091293,15:50:07.439,39.0250,200
57012156344040,15:50:12.156,39.0200,99
57012156349779,15:50:12.156,39.0200,1
57012651402056,15:50:12.651,39.0100,100
57016302297826,15:50:16.302,39.0100,200
57016302352071,15:50:16.302,39.0100,205
57016318834516,15:50:16.318,39.0200,100
57019100572484,15:50:19.100,39.0300,70
57051082512938,15:50:51.082,39.0200,100
57059939299618,15:50:59.939,39.0200,100
57059939339519,15:50:59.939,39.0200,100
57059939339519,15:50:59.939,39.0200,100
57059939362199,15:50:59.939,39.0200,100
57059939506789,15:50:59.939,39.0200,100
57085587735904,15:51:25.587,39.0200,100
57085587735904,15:51:25.587,39.0200,100
57104395227155,15:51:44.395,39.0200,100
57104395227155,15:51:44.395,39.0200,300
57104395227155,15:51:44.395,39.0200,100
57118252444322,15:51:58.252,39.0200,100
57118252444322,15:51:58.252,39.0200,100
57118252444322,15:51:58.252,39.0200,100
57118254258586,15:51:58.254,39.0150,17
57130519101277,15:52:10.519,39.0100,100
57130519101277,15:52:10.519,39.0100,100
57152671927906,15:52:32.671,39.0000,100
57152671927906,15:52:32.671,39.0000,100
57152671958313,15:52:32.671,39.0000,100
57152671958313,15:52:32.671,39.0000,100
57152671958313,15:52:32.671,39.0000,12
57152672391209,15:52:32.672,39.0000,48
57153751256884,15:52:33.751,39.0000,100
57153751286596,15:52:33.751,39.0000,100
57153751286596,15:52:33.751,39.0000,400
57155029699573,15:52:35.029,39.0100,100
57155676249180,15:52:35.676,39.0100,363
57156352738492,15:52:36.352,39.0100,86
57162130616188,15:52:42.130,39.0000,100
57190659802088,15:53:10.659,39.0000,98
57190659807881,15:53:10.659,39.0000,2
57190659807881,15:53:10.659,39.0000,97
57193704188917,15:53:13.704,39.0000,3
57193704188917,15:53:13.704,39.0000,200
57203961109692,15:53:23.961,39.0000,100
57203961109692,15:53:23.961,39.0000,100
57205514610070,15:53:25.514,39.0000,100
57270733692223,15:54:30.733,39.0000,5
57270733695802,15:54:30.733,39.0000,95
57270761594607,15:54:30.761,39.0000,100
57270761594607,15:54:30.761,39.0000,42
57270761625143,15:54:30.761,39.0000,138
57283519975187,15:54:43.519,39.0000,100
57283519975187,15:54:43.519,39.0000,100
57283519975187,15:54:43.519,39.0000,91
57283519975187,15:54:43.519,39.0000,100
57295980156694,15:54:55.980,39.0000,100
57295980806054,15:54:55.980,39.0000,100
57295980806054,15:54:55.980,39.0000,100
57300034633427,15:55:00.034,39.0100,100
57300034633427,15:55:00.034,39.0100,100
57300943940834,15:55:00.943,39.0200,100
57310136987929,15:55:10.136,39.0300,100
57310183804580,15:55:10.183,39.0400,100
57311705557576,15:55:11.705,39.0600,20
57318880927985,15:55:18.880,39.0600,200
57318880927985,15:55:18.880,39.0600,100
57351424838770,15:55:51.424,39.0600,100
57351424838770,15:55:51.424,39.0600,100
57351425632151,15:55:51.425,39.0600,100
57369795033725,15:56:09.795,39.0700,5
57369795033725,15:56:09.795,39.0700,100
57386097417490,15:56:26.097,39.0700,100
57386097417490,15:56:26.097,39.0700,100
57386097417490,15:56:26.097,39.0700,4
57386097417490,15:56:26.097,39.0700,100
57391499948030,15:56:31.499,39.0700,100
57404519908519,15:56:44.519,39.0700,100
57404519947768,15:56:44.519,39.0700,100
57404519947768,15:56:44.519,39.0700,100
57404519947768,15:56:44.519,39.0700,159
57404521452541,15:56:44.521,39.0700,100
57405041521622,15:56:45.041,39.0700,100
57406893610172,15:56:46.893,39.0700,100
57417519437044,15:56:57.519,39.0600,200
57417519437044,15:56:57.519,39.0600,15
57417519437044,15:56:57.519,39.0600,100
57417519437044,15:56:57.519,39.0600,17
57417519437044,15:56:57.519,39.0600,62
57417519437044,15:56:57.519,39.0600,100
57420519646262,15:57:00.519,39.0500,100
57420519646262,15:57:00.519,39.0500,300
57420519646262,15:57:00.519,39.0500,100
57438391572184,15:57:18.391,39.0400,100
57447168771219,15:57:27.168,39.0400,92
57447222221361,15:57:27.222,39.0350,15
57449515028467,15:57:29.515,39.0300,100
57449515069512,15:57:29.515,39.0300,26
57466518017543,15:57:46.518,39.0300,100
57466518017543,15:57:46.518,39.0300,100
57466518017543,15:57:46.518,39.0300,100
57469517571924,15:57:49.517,39.0200,32
57472519170580,15:57:52.519,39.0100,100
57480171142523,15:58:00.171,39.0000,98
57480171157337,15:58:00.171,39.0000,2
57480171157337,15:58:00.171,39.0000,3
57480174366037,15:58:00.174,39.0000,100
57480174937910,15:58:00.174,39.0000,200
57480177286880,15:58:00.177,39.0000,197
57481193515969,15:58:01.193,39.0100,300
57481193515969,15:58:01.193,39.0100,100
57481193515969,15:58:01.193,39.0100,100
57481193515969,15:58:01.193,39.0100,100
57481193936401,15:58:01.193,39.0100,100
57481193936401,15:58:01.193,39.0100,100
57494572559952,15:58:14.572,39.0300,100
57507324675200,15:58:27.324,39.0400,100
57507324675200,15:58:27.324,39.0400,20
57507324675200,15:58:27.324,39.0400,22
57526122082230,15:58:46.122,39.0600,20
57554641062679,15:59:14.641,39.0700,100
57554641143834,15:59:14.641,39.0700,100
57574039342413,15:59:34.039,39.0800,1
57580482522981,15:59:40.482,39.0750,67
57590122767755,15:59:50.122,39.0700,16
57596016600663,15:59:56.016,39.0700,36
57600312046998,16:00:00.312,0.0000,0
