timestamp,time,price,volume
34199428886908,09:29:59.428,25.0900,100
34200392333405,09:30:00.392,24.9900,3383
34516761654598,09:35:16.761,24.8600,55
34516761654598,09:35:16.761,24.8700,45
34517276181827,09:35:17.276,24.8500,7
34518843343474,09:35:18.843,24.8500,193
34518843343474,09:35:18.843,24.8600,7
34518843504590,09:35:18.843,24.8600,93
34518843504590,09:35:18.843,24.8600,7
34518843530858,09:35:18.843,24.8600,93
34518843891335,09:35:18.843,24.9000,100
34526807651693,09:35:26.807,24.8500,67
34526807667755,09:35:26.807,24.8500,33
34526807673700,09:35:26.807,24.8600,33
34526807989421,09:35:26.807,24.8600,67
34529804368515,09:35:29.804,24.8400,100
34529804747404,09:35:29.804,24.8300,75
34529804747404,09:35:29.804,24.8300,100
34584903258222,09:36:24.903,24.7900,6
34586784514367,09:36:26.784,24.8000,35
34586784514367,09:36:26.784,24.8100,65
34586784946363,09:36:26.784,24.8100,35
34616923449354,09:36:56.923,24.8100,100
34616923455096,09:36:56.923,24.8000,100
34616923535662,09:36:56.923,24.8100,100
34637071877699,09:37:17.071,24.8100,100
34637071944916,09:37:17.071,24.8100,100
34773390413256,09:39:33.390,24.9400,31
35273418989484,09:47:53.418,24.7600,100
35273419015656,09:47:53.419,24.7600,100
35273419188940,09:47:53.419,24.7600,100
35273419612906,09:47:53.419,24.7300,100
35273419612906,09:47:53.419,24.7300,100
35273469300441,09:47:53.469,24.7200,100
35273549743389,09:47:53.549,24.7150,100
35273549743389,09:47:53.549,24.7150,100
35275131408401,09:47:55.131,24.7150,32
35280180997745,09:48:00.180,24.7100,1
35287891309107,09:48:07.891,24.7100,67
35287891309107,09:48:07.891,24.7100,100
35292193777117,09:48:12.193,24.6800,100
35292193777117,09:48:12.193,24.6800,100
35705164995202,09:55:05.164,24.7000,91
35705164995202,09:55:05.164,24.7000,9
35707581134539,09:55:07.581,24.7000,91
35711262988624,09:55:11.262,24.7100,100
35711263092961,09:55:11.263,24.7100,100
35728326072587,09:55:28.326,24.7400,100
35755445752388,09:55:55.445,24.7100,100
35756256658607,09:55:56.256,24.6600,100
35820183108252,09:57:00.183,24.6300,100
35860378068005,09:57:40.378,24.6500,100
36314953689566,10:05:14.953,24.6000,100
36314953689566,10:05:14.953,24.6000,46
36314953716226,10:05:14.953,24.6000,54
36314954491025,10:05:14.954,24.5800,100
36355387647348,10:05:55.387,24.6000,200
36355387647348,10:05:55.387,24.6000,100
36355387647348,10:05:55.387,24.6000,100
36651681871171,10:10:51.681,24.6700,34
36651681871171,10:10:51.681,24.6700,66
36651682220497,10:10:51.682,24.6700,34
36651682245379,10:10:51.682,24.6700,66
36652451377015,10:10:52.451,24.6800,100
36652451405175,10:10:52.451,24.6800,34
36685182406323,10:11:25.182,24.7100,100
36717339501524,10:11:57.339,24.7300,100
36733981659943,10:12:13.981,24.7200,100
36733982938983,10:12:13.982,24.7600,100
36735176691270,10:12:15.176,24.7600,100
36934569471682,10:15:34.569,24.7400,100
36944280927383,10:15:44.280,24.7400,100
37205181794191,10:20:05.181,24.8100,100
37217212165263,10:20:17.212,24.8400,100
37227408230730,10:20:27.408,24.8600,100
37227452333333,10:20:27.452,24.8900,100
37241463565310,10:20:41.463,24.8300,100
37246653394065,10:20:46.653,24.8300,100
37248848435035,10:20:48.848,24.8200,100
37248848495389,10:20:48.848,24.8200,100
37255180818759,10:20:55.180,24.8600,100
37427415186021,10:23:47.415,24.9000,100
37430182006350,10:23:50.182,24.9000,100
37710818031216,10:28:30.818,24.9700,38
37718132176216,10:28:38.132,24.9000,100
37738404184455,10:28:58.404,24.9000,100
37873677984889,10:31:13.677,24.9000,100
38339270150715,10:38:59.270,24.9000,100
38399748051429,10:39:59.748,24.9000,100
38405291748398,10:40:05.291,24.9000,100
38497954710224,10:41:37.954,24.8900,100
38497954814683,10:41:37.954,24.8900,100
38497955091220,10:41:37.955,24.8800,67
38497955095229,10:41:37.955,24.8800,33
38497955424510,10:41:37.955,24.8800,100
38498955491775,10:41:38.955,24.8800,100
38506865034468,10:41:46.865,24.8700,100
38647386212074,10:44:07.386,24.8800,100
38647386212074,10:44:07.386,24.8800,70
38647386212074,10:44:07.386,24.8800,30
38647386447531,10:44:07.386,24.8800,70
38649665798898,10:44:09.665,24.9000,100
38652050748287,10:44:12.050,24.9000,100
38653656233684,10:44:13.656,24.9000,100
38654178164657,10:44:14.178,24.9000,100
38655089739361,10:44:15.089,24.9000,100
38656488086353,10:44:16.488,24.9000,100
38658498470091,10:44:18.498,24.9000,200
38660821155008,10:44:20.821,24.9000,100
38660821179820,10:44:20.821,24.9000,100
38692890347614,10:44:52.890,24.9000,100
38693321815192,10:44:53.321,24.9100,100
38695989545855,10:44:55.989,24.9200,100
39074673225999,10:51:14.673,24.9100,100
39074673225999,10:51:14.673,24.9100,100
39074673503384,10:51:14.673,24.9000,100
39074673503384,10:51:14.673,24.9000,59
39074673504886,10:51:14.673,24.9000,41
39074673962159,10:51:14.673,24.8900,100
39103113507419,10:51:43.113,24.8800,100
39103113944562,10:51:43.113,24.8700,100
39109646326548,10:51:49.646,24.8600,100
39109646326548,10:51:49.646,24.8600,100
39109646326548,10:51:49.646,24.8600,100
39114248576181,10:51:54.248,24.8600,100
39114248576181,10:51:54.248,24.8600,100
39114248576181,10:51:54.248,24.8600,100
39114248576181,10:51:54.248,24.8600,200
39114249275181,10:51:54.249,24.8500,100
39114249275181,10:51:54.249,24.8500,100
39125547222661,10:52:05.547,24.8800,100
39153007175821,10:52:33.007,24.9000,100
39166918119481,10:52:46.918,24.9000,100
39333817852337,10:55:33.817,24.9000,100
39333817916326,10:55:33.817,24.9000,100
39333817950455,10:55:33.817,24.9000,100
39333817984356,10:55:33.817,24.9100,100
39333818249492,10:55:33.818,24.9100,100
39333818683747,10:55:33.818,24.9200,100
39333823907991,10:55:33.823,24.9000,100
39333828564299,10:55:33.828,24.9000,100
39333828564299,10:55:33.828,24.9000,100
39333828564299,10:55:33.828,24.9000,119
39333828564299,10:55:33.828,24.9000,81
39333828592385,10:55:33.828,24.9000,119
39333829822196,10:55:33.829,24.9000,100
39344307076191,10:55:44.307,24.9200,100
39344309261249,10:55:44.309,24.9200,100
39344802053334,10:55:44.802,24.9200,89
39347690914016,10:55:47.690,24.9400,11
39350194610050,10:55:50.194,24.9400,15
39354627525635,10:55:54.627,24.9200,98
39354627767511,10:55:54.627,24.9200,2
39355052689872,10:55:55.052,24.9200,100
39388718465976,10:56:28.718,24.9600,100
39388926792085,10:56:28.926,24.9600,15
39411802199569,10:56:51.802,24.9900,100
39411802199569,10:56:51.802,25.0000,100
39411802199569,10:56:51.802,25.0000,100
39416366123763,10:56:56.366,25.0000,81
39416368753925,10:56:56.368,25.0300,19
39416368779725,10:56:56.368,25.0300,81
39475669003698,10:57:55.669,25.0200,32
39479705795168,10:57:59.705,25.0500,200
39568487314577,10:59:28.487,25.0600,100
39609825560485,11:00:09.825,25.0400,90
39637280098846,11:00:37.280,25.0600,100
39637280594251,11:00:37.280,25.0600,100
39663513005508,11:01:03.513,25.1000,100
39672967031669,11:01:12.967,25.0900,100
39730166679214,11:02:10.166,25.1300,100
39730166799219,11:02:10.166,25.1000,80
39780399717221,11:03:00.399,25.1300,100
39857740831518,11:04:17.740,25.1300,100
39864737055464,11:04:24.737,25.1300,100
39883568891873,11:04:43.568,25.1300,100
39911159251474,11:05:11.159,25.1300,100
39939606618037,11:05:39.606,25.1100,100
39939606652267,11:05:39.606,25.1100,2
39939606652267,11:05:39.606,25.1100,100
39939606652267,11:05:39.606,25.1100,100
39957435531878,11:05:57.435,25.1100,31
39957437084151,11:05:57.437,25.1100,69
39964913496387,11:06:04.913,25.1300,100
39964917468264,11:06:04.917,25.1100,100
40026335801213,11:07:06.335,25.1400,10
40195628463022,11:09:55.628,25.1100,91
40195632590935,11:09:55.632,25.1100,100
40195633015660,11:09:55.633,25.1100,100
40195633390663,11:09:55.633,25.1200,100
40195633794644,11:09:55.633,25.1300,100
40195635224404,11:09:55.635,25.1300,100
40195635290925,11:09:55.635,25.1200,100
40195635521832,11:09:55.635,25.1200,10
40195635766783,11:09:55.635,25.1100,100
40195635849262,11:09:55.635,25.1100,31
40195635897471,11:09:55.635,25.1100,69
40195779927865,11:09:55.779,25.1000,100
40195834926380,11:09:55.834,25.0800,100
40195834948893,11:09:55.834,25.0800,100
40196056052200,11:09:56.056,25.0750,100
40196056052200,11:09:56.056,25.0750,100
40196100942859,11:09:56.100,25.0700,100
40196101607674,11:09:56.101,25.0700,100
40198272503712,11:09:58.272,25.0500,100
40198272503712,11:09:58.272,25.0500,100
40202366156208,11:10:02.366,25.0500,100
40208274708849,11:10:08.274,25.0500,110
40225687498413,11:10:25.687,25.0500,90
40316271853800,11:11:56.271,25.0400,100
40351282507197,11:12:31.282,25.0500,100
40351282507197,11:12:31.282,25.0500,100
40440158458461,11:14:00.158,25.0600,100
40448091190295,11:14:08.091,25.0500,100
40507983218746,11:15:07.983,25.0300,1
40510024482822,11:15:10.024,25.0300,100
40602281229111,11:16:42.281,25.0300,100
40614047627954,11:16:54.047,25.0300,100
40647180223458,11:17:27.180,25.0200,100
40737352443318,11:18:57.352,25.0300,100
40737352443318,11:18:57.352,25.0300,100
40737352469387,11:18:57.352,25.0300,100
40737352520157,11:18:57.352,25.0300,100
40987980743817,11:23:07.980,25.0200,100
40987998725444,11:23:07.998,25.0050,36
41036003041346,11:23:56.003,25.0000,2
41071184464764,11:24:31.184,25.0100,100
41298728863248,11:28:18.728,24.9900,50
41583771654399,11:33:03.771,25.0200,100
41760525030697,11:36:00.525,25.0150,100
41832044961744,11:37:12.044,25.0200,100
41935828342391,11:38:55.828,25.0000,100
41935828342391,11:38:55.828,25.0000,100
41935862445033,11:38:55.862,25.0000,100
41936839914371,11:38:56.839,25.0000,100
41936841233876,11:38:56.841,24.9900,100
41936841233876,11:38:56.841,24.9900,100
41936841233876,11:38:56.841,24.9900,100
41936841276218,11:38:56.841,24.9900,100
41936841276218,11:38:56.841,24.9900,100
41936841276218,11:38:56.841,24.9900,100
41936841409932,11:38:56.841,24.9900,100
41936842667922,11:38:56.842,25.0000,100
41936843482785,11:38:56.843,25.0000,100
41998055074018,11:39:58.055,24.9800,5
41998055100744,11:39:58.055,24.9800,95
42117962741663,11:41:57.962,25.0000,54
42117962741663,11:41:57.962,25.0000,46
42117963360069,11:41:57.963,25.0000,100
42117963723015,11:41:57.963,25.0000,100
42117964378227,11:41:57.964,25.0000,100
42125229028534,11:42:05.229,25.0000,100
42135419395250,11:42:15.419,25.0000,100
42174622972734,11:42:54.622,25.0000,100
42174622972734,11:42:54.622,25.0100,59
42185835580989,11:43:05.835,25.0000,100
42199418656292,11:43:19.418,25.0000,100
42207154887242,11:43:27.154,25.0000,100
42252685680953,11:44:12.685,24.9900,100
42252685680953,11:44:12.685,24.9900,10
42252685680953,11:44:12.685,24.9900,100
42252715780589,11:44:12.715,24.9800,40
42421824543374,11:47:01.824,25.0000,100
42421824571066,11:47:01.824,25.0100,41
42421824571066,11:47:01.824,25.0100,54
42421826554197,11:47:01.826,25.0000,100
42555126731097,11:49:15.126,25.0100,100
42555129455459,11:49:15.129,25.0100,100
42555137194178,11:49:15.137,25.0000,60
42555429614393,11:49:15.429,25.0000,100
42670229264626,11:51:10.229,25.0400,2
42880299638058,11:54:40.299,25.0200,100
42880300805213,11:54:40.300,25.0200,100
42880300805213,11:54:40.300,25.0200,100
42902456470658,11:55:02.456,25.0200,100
43203213417389,12:00:03.213,25.0300,100
43203213844345,12:00:03.213,25.0300,48
43210960623529,12:00:10.960,25.0200,100
43210960628329,12:00:10.960,25.0100,93
43210960630260,12:00:10.960,25.0100,7
43210960630260,12:00:10.960,25.0100,100
43210961456356,12:00:10.961,25.0100,100
43210962832469,12:00:10.962,25.0050,100
43227327836905,12:00:27.327,25.0000,100
43227327862278,12:00:27.327,25.0000,100
43227759854759,12:00:27.759,25.0000,52
43227759854759,12:00:27.759,25.0000,100
43227759854759,12:00:27.759,25.0000,48
43227759915623,12:00:27.759,25.0000,52
43402554343178,12:03:22.554,25.0100,100
43435484816850,12:03:55.484,25.0100,100
43435485381855,12:03:55.485,25.0000,100
43480970329146,12:04:40.970,25.0000,100
43480970329146,12:04:40.970,25.0000,85
43584668566727,12:06:24.668,24.9900,95
43584668566727,12:06:24.668,24.9900,200
43584668724605,12:06:24.668,24.9800,40
43584671435950,12:06:24.671,24.9900,2
43926499086091,12:12:06.499,25.0000,100
43926499149491,12:12:06.499,25.0000,100
44080344368585,12:14:40.344,25.0100,100
44080344499393,12:14:40.344,25.0100,70
44173116431857,12:16:13.116,25.0100,100
44180025685546,12:16:20.025,25.0100,100
44211320539292,12:16:51.320,25.0100,70
44211698465734,12:16:51.698,25.0200,100
44211699836761,12:16:51.699,25.0200,100
44220345402292,12:17:00.345,25.0200,100
44220345449736,12:17:00.345,25.0200,200
44222586203417,12:17:02.586,25.0200,100
44225019051553,12:17:05.019,25.0200,100
44230768146195,12:17:10.768,25.0100,100
44230768146195,12:17:10.768,25.0100,11
44230768173511,12:17:10.768,25.0100,89
44230768173511,12:17:10.768,25.0100,100
44230768189175,12:17:10.768,25.0100,100
44301654506578,12:18:21.654,25.0100,100
44301662363047,12:18:21.662,25.0100,100
44327652449146,12:18:47.652,25.0100,100
44330660756261,12:18:50.660,25.0100,100
44330660984771,12:18:50.660,25.0100,100
44452275002807,12:20:52.275,25.0100,100
44456653937672,12:20:56.653,25.0100,100
44456653937672,12:20:56.653,25.0100,100
44459163008496,12:20:59.163,25.0100,100
44524959791211,12:22:04.959,25.0100,100
44533488837715,12:22:13.488,25.0200,100
44533489048491,12:22:13.489,25.0200,100
44533496502236,12:22:13.496,25.0200,100
44533496502236,12:22:13.496,25.0200,100
44535711599918,12:22:15.711,25.0300,100
44535711599918,12:22:15.711,25.0300,100
44535992018531,12:22:15.992,25.0300,100
44535992018531,12:22:15.992,25.0300,10
44535994314878,12:22:15.994,25.0200,100
44535994366270,12:22:15.994,25.0200,100
44540028114739,12:22:20.028,25.0300,100
44540028335576,12:22:20.028,25.0300,100
44545868669180,12:22:25.868,25.0300,100
44547192986051,12:22:27.192,25.0300,100
44547193713473,12:22:27.193,25.0300,100
44548246556689,12:22:28.246,25.0300,100
44550255658590,12:22:30.255,25.0300,100
44552258852951,12:22:32.258,25.0300,100
44554277900017,12:22:34.277,25.0300,200
44558033123700,12:22:38.033,25.0300,100
44563384325926,12:22:43.384,25.0300,100
44563384325926,12:22:43.384,25.0300,100
44563384325926,12:22:43.384,25.0300,100
44565174905552,12:22:45.174,25.0200,100
44565176120301,12:22:45.176,25.0200,100
44566655547457,12:22:46.655,25.0200,4
44566655547457,12:22:46.655,25.0200,96
44572066534148,12:22:52.066,25.0100,100
44572066534148,12:22:52.066,25.0100,100
44574791171814,12:22:54.791,25.0100,100
44575972998505,12:22:55.972,25.0100,100
44576131164398,12:22:56.131,25.0000,100
44588649769859,12:23:08.649,25.0000,100
44590009029336,12:23:10.009,25.0000,100
44683545582892,12:24:43.545,24.9900,100
44706641798904,12:25:06.641,24.9900,100
44711941635650,12:25:11.941,24.9900,100
44711941659913,12:25:11.941,24.9900,100
44765021974336,12:26:05.021,24.9900,100
44860044832780,12:27:40.044,25.0000,100
44860044832780,12:27:40.044,25.0000,30
44860725268013,12:27:40.725,25.0100,200
44860725268013,12:27:40.725,25.0100,100
44865433019211,12:27:45.433,25.0050,100
44865939998657,12:27:45.939,25.0050,100
45050849038600,12:30:50.849,25.0000,100
45051451253708,12:30:51.451,25.0100,100
45051453224645,12:30:51.453,25.0100,100
45070377382095,12:31:10.377,25.0100,100
45089268752501,12:31:29.268,25.0100,300
45089269143449,12:31:29.269,25.0200,100
45089269143449,12:31:29.269,25.0200,100
45089269143449,12:31:29.269,25.0200,100
45098043899556,12:31:38.043,25.0300,100
45098043899556,12:31:38.043,25.0300,100
45098043899556,12:31:38.043,25.0300,77
45098043952738,12:31:38.043,25.0300,74
45101996972365,12:31:41.996,25.0300,100
45101997307634,12:31:41.997,25.0400,100
45142736325839,12:32:22.736,25.0300,100
45144049473566,12:32:24.049,25.0300,100
45144049473566,12:32:24.049,25.0300,4
45144049475801,12:32:24.049,25.0300,51
45144049481748,12:32:24.049,25.0300,45
45144049481748,12:32:24.049,25.0300,100
45144049481748,12:32:24.049,25.0300,11
45144049486391,12:32:24.049,25.0300,51
45144049488847,12:32:24.049,25.0300,38
45144049488847,12:32:24.049,25.0300,13
45144049521895,12:32:24.049,25.0300,87
45144049521895,12:32:24.049,25.0300,13
45144049544157,12:32:24.049,25.0300,87
45144049582787,12:32:24.049,25.0300,87
45144049599646,12:32:24.049,25.0300,26
45144049599646,12:32:24.049,25.0300,74
45146181819644,12:32:26.181,25.0300,200
45146181819644,12:32:26.181,25.0300,100
45146181819644,12:32:26.181,25.0300,13
45150389655486,12:32:30.389,25.0300,100
45150391225243,12:32:30.391,25.0300,87
45169093937804,12:32:49.093,25.0400,100
45169093937804,12:32:49.093,25.0400,100
45169093937804,12:32:49.093,25.0400,21
45170914362840,12:32:50.914,25.0500,300
45170922015826,12:32:50.922,25.0500,200
45171361871749,12:32:51.361,25.0500,100
45171858555593,12:32:51.858,25.0700,100
45171858555593,12:32:51.858,25.0700,100
45243215505969,12:34:03.215,25.1000,100
45259837857267,12:34:19.837,25.1000,100
45263441471197,12:34:23.441,25.0900,51
45269724070524,12:34:29.724,25.0900,149
45269724070524,12:34:29.724,25.0900,51
45328453339668,12:35:28.453,25.1000,100
45501773695748,12:38:21.773,25.0800,100
45545235131114,12:39:05.235,25.0600,5
45606321474709,12:40:06.321,25.0900,100
45617637416499,12:40:17.637,25.1000,100
45618244821108,12:40:18.244,25.1000,100
45620606432855,12:40:20.606,25.1000,100
45633834405691,12:40:33.834,25.1000,100
45636314931836,12:40:36.314,25.1000,100
45638322837739,12:40:38.322,25.1000,100
45640331939351,12:40:40.331,25.1000,100
45644517776827,12:40:44.517,25.0900,100
45644517776827,12:40:44.517,25.0900,100
45644517776827,12:40:44.517,25.0900,100
45644527178940,12:40:44.527,25.0900,100
45648083678586,12:40:48.083,25.1000,100
45663336173160,12:41:03.336,25.1000,100
45675657261765,12:41:15.657,25.1000,200
45675657261765,12:41:15.657,25.1000,100
45677763025140,12:41:17.763,25.1000,100
45678590592870,12:41:18.590,25.1000,200
45693838084138,12:41:33.838,25.1000,100
45702087517951,12:41:42.087,25.1000,100
45704153202017,12:41:44.153,25.1000,100
45729526685347,12:42:09.526,25.1000,100
45729526803500,12:42:09.526,25.1000,100
45729750576624,12:42:09.750,25.1000,100
45771176908760,12:42:51.176,25.1000,100
45823288053941,12:43:43.288,25.1000,100
45825259590459,12:43:45.259,25.1000,100
45830987700462,12:43:50.987,25.1000,100
45843727821970,12:44:03.727,25.1000,100
45843735627106,12:44:03.735,25.1000,100
45851267689359,12:44:11.267,25.0900,67
45851267715696,12:44:11.267,25.0900,33
45851267715696,12:44:11.267,25.0900,100
45851267741701,12:44:11.267,25.0900,67
45851269151133,12:44:11.269,25.0900,48
46048814262989,12:47:28.814,25.1000,200
46048814736913,12:47:28.814,25.1000,200
46048814870954,12:47:28.814,25.1100,72
46048814980227,12:47:28.814,25.1000,128
46050820122481,12:47:30.820,25.1000,100
46053146096326,12:47:33.146,25.1000,100
46055150477835,12:47:35.150,25.1000,100
46057491272138,12:47:37.491,25.1000,300
46073012277032,12:47:53.012,25.0900,100
46073012277032,12:47:53.012,25.0900,100
46073012277032,12:47:53.012,25.0900,100
46093347305114,12:48:13.347,25.1000,100
46093349671520,12:48:13.349,25.1000,100
46093349671520,12:48:13.349,25.1000,100
46145033560884,12:49:05.033,25.1000,11
46145079552679,12:49:05.079,25.1000,100
46150996572929,12:49:10.996,25.1000,100
46150997052684,12:49:10.997,25.1100,3
46150997158931,12:49:10.997,25.1100,3
46150997446152,12:49:10.997,25.1100,3
46150998225035,12:49:10.998,25.1100,3
46151001658864,12:49:11.001,25.1000,100
46151316347760,12:49:11.316,25.1000,100
46152238548974,12:49:12.238,25.1100,16
46152238548974,12:49:12.238,25.1100,53
46152238638116,12:49:12.238,25.1100,47
46156355111850,12:49:16.355,25.1100,100
46156480524703,12:49:16.480,25.1100,100
46156491032522,12:49:16.491,25.1100,100
46157201896903,12:49:17.201,25.1100,100
46157551446396,12:49:17.551,25.1100,100
46191466611599,12:49:51.466,25.1200,30
46209610271134,12:50:09.610,25.1250,100
46241177572094,12:50:41.177,25.1150,100
46243377402960,12:50:43.377,25.1100,100
46243377630529,12:50:43.377,25.1100,100
46243377633430,12:50:43.377,25.1100,100
46243377655816,12:50:43.377,25.1100,2
46243377656290,12:50:43.377,25.1100,51
46243377744564,12:50:43.377,25.1100,100
46243377791103,12:50:43.377,25.1200,100
46243627817271,12:50:43.627,25.1100,30
46245649689319,12:50:45.649,25.1100,17
46247682382074,12:50:47.682,25.1000,100
46248489885878,12:50:48.489,25.1000,100
46248489912667,12:50:48.489,25.1000,100
46256232541430,12:50:56.232,25.1000,100
46256232854043,12:50:56.232,25.1000,100
46275183697886,12:51:15.183,25.1000,100
46275319896438,12:51:15.319,25.1000,100
46276291309149,12:51:16.291,25.1050,100
46280402424842,12:51:20.402,25.1050,100
46286514233468,12:51:26.514,25.1100,100
46286515299694,12:51:26.515,25.1100,100
46387827754229,12:53:07.827,25.1100,100
46389382762675,12:53:09.382,25.1100,100
46462254469127,12:54:22.254,25.1000,4
46462254469127,12:54:22.254,25.1000,13
46462254475901,12:54:22.254,25.1000,51
46474246360956,12:54:34.246,25.1000,36
46535013846727,12:55:35.013,25.0900,5
46535013846727,12:55:35.013,25.0900,95
46535013991877,12:55:35.013,25.0900,100
46535015321313,12:55:35.015,25.0900,200
46535015362123,12:55:35.015,25.0900,5
46535369959247,12:55:35.369,25.0800,1
46535369959247,12:55:35.369,25.0800,100
46535369959247,12:55:35.369,25.0800,100
46535371012158,12:55:35.371,25.0750,100
46535409369852,12:55:35.409,25.0700,4
46535409369852,12:55:35.409,25.0700,5
46535409369852,12:55:35.409,25.0700,91
46535409409586,12:55:35.409,25.0700,9
46535409428363,12:55:35.409,25.0700,9
46560066133505,12:56:00.066,25.0700,100
46794431908064,12:59:54.431,25.0900,100
46794432251514,12:59:54.432,25.0900,100
47118580014586,13:05:18.580,25.1000,100
47118580014586,13:05:18.580,25.1100,100
47131268333480,13:05:31.268,25.1100,100
47131268333480,13:05:31.268,25.1100,100
47131776668102,13:05:31.776,25.1100,100
47131778079287,13:05:31.778,25.1200,100
47133604369597,13:05:33.604,25.1400,100
47134342915072,13:05:34.342,25.1600,86
47134342915072,13:05:34.342,25.1600,14
47134344242597,13:05:34.344,25.1600,86
47134922043833,13:05:34.922,25.1800,100
47134922043833,13:05:34.922,25.1800,100
47134922043833,13:05:34.922,25.1800,100
47141714965362,13:05:41.714,25.1800,6
47141714965362,13:05:41.714,25.1800,100
47141714965362,13:05:41.714,25.1800,100
47141714965362,13:05:41.714,25.1800,100
47141714965362,13:05:41.714,25.1800,94
47141715024470,13:05:41.715,25.1800,6
47142803994768,13:05:42.803,25.2000,400
47143816161438,13:05:43.816,25.1800,100
47143818535239,13:05:43.818,25.1700,96
47150938279475,13:05:50.938,25.1400,10
47156056493793,13:05:56.056,25.1300,100
47156145893005,13:05:56.145,25.1300,100
47156351564823,13:05:56.351,25.1300,100
47158903434233,13:05:58.903,25.1700,100
47161626993735,13:06:01.626,25.1900,300
47161752323916,13:06:01.752,25.1800,100
47161832656646,13:06:01.832,25.1800,100
47161984511607,13:06:01.984,25.1800,100
47162105740215,13:06:02.105,25.1700,100
47162247643760,13:06:02.247,25.1600,100
47162492759394,13:06:02.492,25.1900,124
47162492759394,13:06:02.492,25.1900,100
47166207993511,13:06:06.207,25.1900,200
47177968355244,13:06:17.968,25.1700,100
47178130195398,13:06:18.130,25.1600,1
47178130195398,13:06:18.130,25.1600,99
47178248506965,13:06:18.248,25.1600,1
47178248506965,13:06:18.248,25.1500,99
47179482061476,13:06:19.482,25.1500,100
47179654390840,13:06:19.654,25.1400,10
47179654390840,13:06:19.654,25.1350,90
47179768258626,13:06:19.768,25.1350,10
47179768258626,13:06:19.768,25.1350,90
47179880454307,13:06:19.880,25.1350,10
47179880454307,13:06:19.880,25.1350,90
47179976346504,13:06:19.976,25.1350,10
47179976346504,13:06:19.976,25.1300,10
47179976425053,13:06:19.976,25.1100,80
47275971932849,13:07:55.971,25.1700,100
47286511036679,13:08:06.511,25.1600,100
47399601586359,13:09:59.601,25.2100,100
47399601588093,13:09:59.601,25.2100,100
47402786843951,13:10:02.786,25.2100,50
47414181713120,13:10:14.181,25.2100,123
47414181713120,13:10:14.181,25.2300,7
47414181740422,13:10:14.181,25.2300,93
47414181740422,13:10:14.181,25.2300,30
47445945213270,13:10:45.945,25.2700,100
47445945239256,13:10:45.945,25.2700,11
47497967383933,13:11:37.967,25.3100,100
47497967383933,13:11:37.967,25.3100,102
47566992233071,13:12:46.992,25.3600,100
47591585360883,13:13:11.585,25.3700,200
47592733534678,13:13:12.733,25.3700,100
47594111897757,13:13:14.111,25.4000,100
47642809777981,13:14:02.809,25.4000,100
47644749389757,13:14:04.749,25.4000,100
47645752402939,13:14:05.752,25.4000,79
47658924028869,13:14:18.924,25.4100,300
47747032536151,13:15:47.032,25.4600,100
47774948586429,13:16:14.948,25.4000,100
47774948586429,13:16:14.948,25.4000,100
47774949059493,13:16:14.949,25.3900,95
47774949140088,13:16:14.949,25.3900,5
47787591637512,13:16:27.591,25.3700,100
47790252055928,13:16:30.252,25.3700,100
47790252429974,13:16:30.252,25.3700,70
47790270684379,13:16:30.270,25.3700,30
47790270684379,13:16:30.270,25.3500,70
47790271012124,13:16:30.271,25.3500,5
47794980705380,13:16:34.980,25.3500,25
47794980705380,13:16:34.980,25.3500,75
47800318432854,13:16:40.318,25.3500,100
47802550545640,13:16:42.550,25.3500,100
47802550545640,13:16:42.550,25.3500,100
47808331297659,13:16:48.331,25.3500,100
47810486712415,13:16:50.486,25.3500,100
47810486738861,13:16:50.486,25.3500,100
47888710518883,13:18:08.710,25.3700,100
47888710518883,13:18:08.710,25.3700,100
47888710580272,13:18:08.710,25.3700,14
47888710634250,13:18:08.710,25.3700,86
47936385614959,13:18:56.385,25.3700,100
47936387494266,13:18:56.387,25.3600,100
47936387520253,13:18:56.387,25.3600,100
47982751887264,13:19:42.751,25.3600,100
47982751887264,13:19:42.751,25.3600,100
47982753514230,13:19:42.753,25.3500,100
47997029940504,13:19:57.029,25.3500,93
48046781379039,13:20:46.781,25.4300,100
48046781379039,13:20:46.781,25.4300,100
48061241093630,13:21:01.241,25.3700,100
48102709074370,13:21:42.709,25.4000,100
48102709074370,13:21:42.709,25.4000,100
48102709074370,13:21:42.709,25.4000,10
48102712568944,13:21:42.712,25.4200,200
48102712628304,13:21:42.712,25.4200,100
48115209005310,13:21:55.209,25.4550,16
48119368980265,13:21:59.368,25.4550,1
48128182501536,13:22:08.182,25.4550,76
48139216973822,13:22:19.216,25.4600,100
48162321696722,13:22:42.321,25.4800,100
48192142233691,13:23:12.142,25.5100,100
48192142301928,13:23:12.142,25.5200,100
48192142909853,13:23:12.142,25.5300,126
48192443092720,13:23:12.443,25.5300,874
48192443459587,13:23:12.443,25.5300,2
48192622665299,13:23:12.622,25.5100,100
48195213511578,13:23:15.213,25.4800,100
48198129134126,13:23:18.129,25.5100,100
48199904425460,13:23:19.904,25.4800,100
48199904838106,13:23:19.904,25.4700,100
48233958714491,13:23:53.958,25.5400,100
48234020122425,13:23:54.020,25.5500,50
48234020122425,13:23:54.020,25.5500,50
48235148181741,13:23:55.148,25.5100,8
48245014838884,13:24:05.014,25.5600,2
48245014838884,13:24:05.014,25.5600,22
48245014838884,13:24:05.014,25.5700,76
48245248735520,13:24:05.248,25.5700,24
48245248735520,13:24:05.248,25.5800,100
48245248735520,13:24:05.248,25.5900,76
48260334555675,13:24:20.334,25.5900,100
48262367462198,13:24:22.367,25.5700,100
48262367463482,13:24:22.367,25.5600,100
48266904051676,13:24:26.904,25.5600,200
48266907520689,13:24:26.907,25.5800,65
48266907907812,13:24:26.907,25.5800,35
48295341426552,13:24:55.341,25.5700,93
48350552101649,13:25:50.552,25.5800,100
48365810015336,13:26:05.810,25.6100,20
48365810015336,13:26:05.810,25.6300,16
48365810015336,13:26:05.810,25.6300,4
48365810015336,13:26:05.810,25.6400,20
48385314328675,13:26:25.314,25.6000,300
48385314353121,13:26:25.314,25.6000,200
48385314589749,13:26:25.314,25.5900,1
48385314589749,13:26:25.314,25.5900,1
48385314957370,13:26:25.314,25.5900,1
48462712245427,13:27:42.712,25.6000,100
48462712245427,13:27:42.712,25.6000,100
48462712245427,13:27:42.712,25.6000,200
48478865627136,13:27:58.865,25.6000,100
48478865688217,13:27:58.865,25.5900,100
48481385677449,13:28:01.385,25.5800,100
48498420363216,13:28:18.420,25.5600,100
48520927157765,13:28:40.927,25.5400,100
48587575525967,13:29:47.575,25.5300,100
48657027833977,13:30:57.027,25.5400,70
48657027859110,13:30:57.027,25.5400,30
48657027859110,13:30:57.027,25.5400,100
48675583186307,13:31:15.583,25.5000,13
48675583210841,13:31:15.583,25.5000,87
48675583212280,13:31:15.583,25.5000,87
48724609530625,13:32:04.609,25.4800,100
48737211568393,13:32:17.211,25.5400,100
48755536409066,13:32:35.536,25.5500,55
48755536409066,13:32:35.536,25.5500,90
48755536409066,13:32:35.536,25.5500,10
48780889047267,13:33:00.889,25.5800,5
48780889047267,13:33:00.889,25.5800,90
48780889047267,13:33:00.889,25.5800,5
48798191302411,13:33:18.191,25.5800,100
48814258615554,13:33:34.258,25.5800,100
48830333765616,13:33:50.333,25.5800,100
48831270715192,13:33:51.270,25.5400,100
48847576835572,13:34:07.576,25.5400,100
48847576835572,13:34:07.576,25.5300,100
48847577070037,13:34:07.577,25.5300,90
48847577083670,13:34:07.577,25.5300,10
48895445081589,13:34:55.445,25.5300,70
48936900183767,13:35:36.900,25.5800,100
49002187816969,13:36:42.187,25.5800,100
49002235852836,13:36:42.235,25.5800,300
49022293862478,13:37:02.293,25.5800,100
49025333556154,13:37:05.333,25.5800,100
49049100287510,13:37:29.100,25.5800,95
49049100287510,13:37:29.100,25.5900,5
49071203047711,13:37:51.203,25.5900,100
49074569114064,13:37:54.569,25.5900,100
49074569191415,13:37:54.569,25.5900,36
49074569191415,13:37:54.569,25.5900,64
49074569523641,13:37:54.569,25.6000,100
49074569523641,13:37:54.569,25.6100,41
49353226009893,13:42:33.226,25.5500,100
49397104140467,13:43:17.104,25.6000,100
49397104185219,13:43:17.104,25.5900,100
49397104185219,13:43:17.104,25.6000,36
49408087902260,13:43:28.087,25.6100,59
49408087902260,13:43:28.087,25.6100,41
49452252879107,13:44:12.252,25.6100,54
49452252879107,13:44:12.252,25.6200,46
49455296700954,13:44:15.296,25.6200,54
49455296781107,13:44:15.296,25.6400,100
49455296781107,13:44:15.296,25.6500,20
49455296781107,13:44:15.296,25.6500,91
49575757161147,13:46:15.757,25.6600,100
49575757161147,13:46:15.757,25.6600,7
49575757161147,13:46:15.757,25.6600,100
49575757476845,13:46:15.757,25.6700,10
49575757476845,13:46:15.757,25.6800,10
49575757476845,13:46:15.757,25.6900,10
49654136210374,13:47:34.136,25.6100,100
49654140414401,13:47:34.140,25.6100,100
49738812824703,13:48:58.812,25.5900,100
49738813611137,13:48:58.813,25.5800,100
49752719929566,13:49:12.719,25.5800,100
49889870808805,13:51:29.870,25.6000,100
50029592210340,13:53:49.592,25.6500,100
50029596107907,13:53:49.596,25.6600,10
50029600627575,13:53:49.600,25.6600,100
50116539946378,13:55:16.539,25.6100,5
50116539946378,13:55:16.539,25.6000,100
50116539946378,13:55:16.539,25.6000,95
50116540025950,13:55:16.540,25.6000,5
50116540025950,13:55:16.540,25.6000,100
50116540025950,13:55:16.540,25.6000,95
50116542662232,13:55:16.542,25.6300,100
50154664675450,13:55:54.664,25.6000,96
50155071741500,13:55:55.071,25.5800,70
50171145464168,13:56:11.145,25.6100,95
50171145464168,13:56:11.145,25.6100,5
50171462347848,13:56:11.462,25.5900,100
50171462407515,13:56:11.462,25.5900,100
50186244573429,13:56:26.244,25.5800,100
50225485395526,13:57:05.485,25.6400,100
50226803665035,13:57:06.803,25.6200,100
50282259083377,13:58:02.259,25.6500,27
50284350704952,13:58:04.350,25.6500,100
50407816835083,14:00:07.816,25.6800,5
50407816835083,14:00:07.816,25.6800,15
50407817108545,14:00:07.817,25.6900,5
50407817108545,14:00:07.817,25.6900,95
50407817184864,14:00:07.817,25.6900,5
50407817741908,14:00:07.817,25.7100,27
50408813094980,14:00:08.813,25.7100,73
50410053177332,14:00:10.053,25.7400,10
50410053177332,14:00:10.053,25.7400,10
50410055095486,14:00:10.055,25.7500,10
50441017822841,14:00:41.017,25.7500,100
50442178850004,14:00:42.178,25.7600,100
50463642805442,14:01:03.642,25.7700,100
50486920790500,14:01:26.920,25.7000,100
50486920790500,14:01:26.920,25.7000,100
50486920790500,14:01:26.920,25.7000,100
50486920943862,14:01:26.920,25.6900,100
50486921356685,14:01:26.921,25.6800,10
50486921519493,14:01:26.921,25.6800,50
50486921589185,14:01:26.921,25.6800,10
50486922013131,14:01:26.922,25.6800,30
50487072818619,14:01:27.072,25.6800,100
50625626128783,14:03:45.626,25.6500,100
50635639039118,14:03:55.639,25.6400,100
50635639063168,14:03:55.639,25.6300,100
50635639097899,14:03:55.639,25.6300,100
50635640018593,14:03:55.640,25.6100,100
50635640077175,14:03:55.640,25.6100,100
50635642915943,14:03:55.642,25.6000,100
50635642976293,14:03:55.642,25.6000,100
50639674177580,14:03:59.674,25.5900,55
50690319439279,14:04:50.319,25.6500,31
50703268549760,14:05:03.268,25.6800,100
50710699532518,14:05:10.699,25.6900,68
50710699532518,14:05:10.699,25.7000,32
50718002616484,14:05:18.002,25.7100,100
50718522987349,14:05:18.522,25.7100,31
50741470361832,14:05:41.470,25.7000,100
50821139592554,14:07:01.139,25.7500,100
50831721311853,14:07:11.721,25.7600,100
50831721820908,14:07:11.721,25.7600,100
50831721820908,14:07:11.721,25.7600,100
50867640100205,14:07:47.640,25.7100,100
50868614904892,14:07:48.614,25.7100,20
50921270969395,14:08:41.270,25.6900,100
50921270969395,14:08:41.270,25.6800,100
50921271028331,14:08:41.271,25.6800,100
50922816640236,14:08:42.816,25.7000,80
50935312837914,14:08:55.312,25.7000,100
51004211389983,14:10:04.211,25.6700,100
51011240371181,14:10:11.240,25.6500,100
51086968681025,14:11:26.968,25.7000,100
51086969225032,14:11:26.969,25.7000,100
51086969274507,14:11:26.969,25.7000,100
51129054743379,14:12:09.054,25.6900,100
51129088163813,14:12:09.088,25.6900,100
51275820561393,14:14:35.820,25.8000,100
51280061973650,14:14:40.061,25.7600,100
51402634696009,14:16:42.634,25.7800,100
51530983492197,14:18:50.983,25.7600,90
51538113116570,14:18:58.113,25.7600,10
51538113116570,14:18:58.113,25.7600,20
51544895477966,14:19:04.895,25.7400,100
51581090935959,14:19:41.090,25.7300,100
51581090983349,14:19:41.090,25.7200,100
51581091006982,14:19:41.091,25.7100,100
51581094340182,14:19:41.094,25.7100,2
51583911727610,14:19:43.911,25.7100,100
51583911727610,14:19:43.911,25.7100,100
51583911727610,14:19:43.911,25.7100,100
51583950770338,14:19:43.950,25.7200,100
51584187080400,14:19:44.187,25.7300,100
51584187124035,14:19:44.187,25.7300,100
51618873466769,14:20:18.873,25.7200,45
51655482425274,14:20:55.482,25.7500,100
51783889342142,14:23:03.889,25.7800,100
51784940820514,14:23:04.940,25.7800,100
51789722158843,14:23:09.722,25.7800,100
51789725827075,14:23:09.725,25.7800,100
51789725827075,14:23:09.725,25.7800,100
51796219854874,14:23:16.219,25.7700,40
51841043076892,14:24:01.043,25.8100,100
51861026151062,14:24:21.026,25.8000,100
51861257593578,14:24:21.257,25.8000,100
51869474842155,14:24:29.474,25.7900,100
51879133525231,14:24:39.133,25.7700,100
51909896301054,14:25:09.896,25.7700,98
51912350880359,14:25:12.350,25.7700,100
52036604736256,14:27:16.604,25.7600,100
52036638099406,14:27:16.638,25.7800,100
52106231987818,14:28:26.231,25.7300,100
52106231987818,14:28:26.231,25.7300,100
52106235347597,14:28:26.235,25.7100,100
52115800731675,14:28:35.800,25.7100,100
52115802607385,14:28:35.802,25.7100,100
52135992961644,14:28:55.992,25.7000,42
52140996515317,14:29:00.996,25.7000,1
52158370378592,14:29:18.370,25.7200,100
52158370470351,14:29:18.370,25.7200,100
52167911605425,14:29:27.911,25.7200,100
52200052055783,14:30:00.052,25.7900,66
52200052296112,14:30:00.052,25.7900,34
52200271807160,14:30:00.271,25.7300,20
52200271807160,14:30:00.271,25.7200,40
52263694315654,14:31:03.694,25.7100,100
52286261315283,14:31:26.261,25.7200,100
52286261315283,14:31:26.261,25.7200,100
52286261315283,14:31:26.261,25.7200,100
52286261315283,14:31:26.261,25.7200,100
52286262214816,14:31:26.262,25.7100,1
52286262214816,14:31:26.262,25.7100,4
52286262214816,14:31:26.262,25.6900,4
52286262214816,14:31:26.262,25.6900,91
52312585204783,14:31:52.585,25.7200,15
52312585230122,14:31:52.585,25.7200,85
52312586404481,14:31:52.586,25.6900,85
52412335126401,14:33:32.335,25.7000,100
52412335126401,14:33:32.335,25.6900,94
52517280828101,14:35:17.280,25.7500,15
52517280828101,14:35:17.280,25.7500,100
52517281642506,14:35:17.281,25.7500,100
52517281680692,14:35:17.281,25.7600,100
52517301942882,14:35:17.301,25.7800,100
52517301942882,14:35:17.301,25.7800,100
52572370521782,14:36:12.370,25.7600,20
52572370521782,14:36:12.370,25.7500,180
52572370590411,14:36:12.370,25.7500,20
52572381192576,14:36:12.381,25.7300,76
52572494262227,14:36:12.494,25.7500,100
52572848039798,14:36:12.848,25.7200,100
52572848039798,14:36:12.848,25.7200,100
52572898002109,14:36:12.898,25.7400,100
52578590003848,14:36:18.590,25.7500,100
52578590003848,14:36:18.590,25.7500,100
52578590003848,14:36:18.590,25.7500,100
52579293507052,14:36:19.293,25.7500,100
52579382571809,14:36:19.382,25.7500,20
52728183176095,14:38:48.183,25.8000,100
52728183176095,14:38:48.183,25.8000,100
52728189729347,14:38:48.189,25.8000,100
52853816997204,14:40:53.816,25.7700,100
52853816997204,14:40:53.816,25.7700,100
52853816997204,14:40:53.816,25.7600,200
52853816997204,14:40:53.816,25.7600,100
52853816997204,14:40:53.816,25.7600,400
52853816997204,14:40:53.816,25.7600,400
52939695823398,14:42:19.695,25.8000,100
52939695823398,14:42:19.695,25.8000,100
52939695823398,14:42:19.695,25.8000,100
53039212428231,14:43:59.212,25.8400,100
53067386840709,14:44:27.386,25.8400,100
53067386840709,14:44:27.386,25.8400,100
53068312137024,14:44:28.312,25.8700,100
53068312248032,14:44:28.312,25.8900,100
53068432512681,14:44:28.432,25.8400,100
53093613935842,14:44:53.613,25.8100,100
53093613935842,14:44:53.613,25.8000,100
53093613935842,14:44:53.613,25.8000,100
53093618690183,14:44:53.618,25.8000,100
53100045939021,14:45:00.045,25.8500,100
53100045939021,14:45:00.045,25.8700,100
53187107699888,14:46:27.107,25.8700,100
53187118714588,14:46:27.118,25.8300,100
53190101765610,14:46:30.101,25.8300,100
53190101765610,14:46:30.101,25.8200,100
53190101765610,14:46:30.101,25.8200,100
53240229871989,14:47:20.229,25.8800,124
53240229871989,14:47:20.229,25.8800,76
53240230009346,14:47:20.230,25.8800,24
53240230009346,14:47:20.230,25.8800,100
53240230009346,14:47:20.230,25.8800,100
53240260209382,14:47:20.260,25.8800,15
53245380508608,14:47:25.380,25.8700,100
53245384054763,14:47:25.384,25.8600,100
53245384159201,14:47:25.384,25.8600,100
53245384838646,14:47:25.384,25.8700,100
53245384912350,14:47:25.384,25.8700,100
53245385023363,14:47:25.385,25.8600,100
53246720292110,14:47:26.720,25.8700,100
53246720292110,14:47:26.720,25.8700,12
53330388522687,14:48:50.388,25.7900,100
53330388522687,14:48:50.388,25.7900,100
53330388522687,14:48:50.388,25.7900,100
53341681184074,14:49:01.681,25.8200,100
53341681275593,14:49:01.681,25.8300,100
53341707267842,14:49:01.707,25.8000,100
53341707267842,14:49:01.707,25.8000,99
53347539806115,14:49:07.539,25.8400,100
53347539806115,14:49:07.539,25.8400,100
53389554156963,14:49:49.554,25.8000,100
53485981121050,14:51:25.981,25.8100,100
53485981813468,14:51:25.981,25.8000,10
53485982171221,14:51:25.982,25.8000,90
53485982171221,14:51:25.982,25.7700,100
53485982171221,14:51:25.982,25.7700,9
53526674658639,14:52:06.674,25.8300,100
53526674658639,14:52:06.674,25.8300,100
53562122782035,14:52:42.122,25.8800,53
53562122782035,14:52:42.122,25.8800,47
53562122897786,14:52:42.122,25.8900,53
53583262148507,14:53:03.262,25.9200,10
53590375078983,14:53:10.375,25.9400,20
53590375078983,14:53:10.375,25.9400,80
53590375078983,14:53:10.375,25.9400,100
53639647500738,14:53:59.647,25.8800,100
53639647500738,14:53:59.647,25.8800,100
53639647500738,14:53:59.647,25.8800,100
53639647724379,14:53:59.647,25.8700,200
53639647724379,14:53:59.647,25.8600,94
53661188598880,14:54:21.188,25.8600,100
53720386038754,14:55:20.386,25.8400,100
53720386038754,14:55:20.386,25.8300,100
53720386038754,14:55:20.386,25.8300,100
53720386128795,14:55:20.386,25.8500,100
53720386128795,14:55:20.386,25.8600,100
53720386128795,14:55:20.386,25.8700,100
53720388732343,14:55:20.388,25.8400,100
53722095856955,14:55:22.095,25.8700,100
53722098988433,14:55:22.098,25.8700,100
53722098988433,14:55:22.098,25.8700,100
53722101194134,14:55:22.101,25.8700,38
53769813464509,14:56:09.813,25.8700,200
53769813464509,14:56:09.813,25.8700,100
53820957823405,14:57:00.957,25.9100,100
53828285561733,14:57:08.285,25.8700,100
53828285796800,14:57:08.285,25.8700,73
53828285803425,14:57:08.285,25.8700,27
53883132332329,14:58:03.132,25.9600,100
53974459956293,14:59:34.459,25.9700,49
53974459956293,14:59:34.459,25.9900,20
53981405663721,14:59:41.405,25.9700,100
53981405750827,14:59:41.405,25.9900,100
53981410616333,14:59:41.410,26.0000,21
53981410616333,14:59:41.410,26.0000,10
53981410616333,14:59:41.410,26.0000,69
53981410673984,14:59:41.410,26.0000,10
53981429561709,14:59:41.429,26.0000,21
54000051388592,15:00:00.051,26.0500,100
54000051388592,15:00:00.051,26.0500,100
54066743886223,15:01:06.743,25.9300,1
54066744555701,15:01:06.744,25.9300,15
54066744555701,15:01:06.744,25.9300,15
54073229285366,15:01:13.229,25.9100,2
54073229310343,15:01:13.229,25.9100,98
54073229311541,15:01:13.229,25.9100,98
54073229351197,15:01:13.229,25.9100,1
54073231807428,15:01:13.231,25.9050,70
54073232150115,15:01:13.232,25.9050,30
54073232150115,15:01:13.232,25.9050,1
54073232150115,15:01:13.232,25.9050,9
54149580479324,15:02:29.580,25.9500,100
54149580951282,15:02:29.580,25.9600,41
54158614725406,15:02:38.614,25.9300,100
54158614803098,15:02:38.614,25.9500,100
54158615107928,15:02:38.615,25.9400,59
54300957095526,15:05:00.957,25.9800,100
54300957095526,15:05:00.957,25.9900,100
54397227633345,15:06:37.227,25.9200,100
54397228746474,15:06:37.228,25.9500,100
54397255407195,15:06:37.255,25.9700,100
54397255407195,15:06:37.255,25.9800,100
54397255407195,15:06:37.255,25.9800,100
54397255407195,15:06:37.255,25.9800,21
54425307063789,15:07:05.307,25.9300,200
54425309997166,15:07:05.309,25.9200,200
54425322611741,15:07:05.322,25.9000,100
54426432790962,15:07:06.432,25.9200,100
54438543882889,15:07:18.543,25.9300,100
54486021591632,15:08:06.021,25.9300,100
54500512391970,15:08:20.512,25.9300,100
54500512502065,15:08:20.512,25.9300,42
54500512502065,15:08:20.512,25.9300,1
54500512502065,15:08:20.512,25.9300,6
54539647614708,15:08:59.647,25.9100,100
54585693560700,15:09:45.693,25.9000,100
54668798770870,15:11:08.798,25.8500,100
54668798770870,15:11:08.798,25.8500,100
54669100790184,15:11:09.100,25.8400,100
54669100790184,15:11:09.100,25.8400,100
54669101448305,15:11:09.101,25.8400,100
54669101448305,15:11:09.101,25.8400,100
54669101455984,15:11:09.101,25.8400,200
54669101763001,15:11:09.101,25.8400,100
54669101857245,15:11:09.101,25.8500,100
54669101935610,15:11:09.101,25.8400,55
54669101959847,15:11:09.101,25.8400,45
54669157223554,15:11:09.157,25.8600,13
54695866393321,15:11:35.866,25.8800,100
54695866988969,15:11:35.866,25.8400,200
54697786858855,15:11:37.786,25.8800,100
54713449960981,15:11:53.449,25.8600,100
54713449986884,15:11:53.449,25.8600,100
54713539960005,15:11:53.539,25.8800,100
54780570762540,15:13:00.570,25.8300,4
54780570762540,15:13:00.570,25.8300,96
54819803325142,15:13:39.803,25.8700,100
54819803325142,15:13:39.803,25.8700,100
54819803325142,15:13:39.803,25.8700,100
54820384212236,15:13:40.384,25.8800,100
54877290457061,15:14:37.290,25.9000,100
54877290610219,15:14:37.290,25.9000,200
54877290610219,15:14:37.290,25.9100,200
54877949490611,15:14:37.949,25.8800,100
54880978503252,15:14:40.978,25.8700,100
54940813992566,15:15:40.813,25.8900,100
55020244709715,15:17:00.244,25.8900,100
55020244709715,15:17:00.244,25.8900,100
55021437163029,15:17:01.437,25.9000,200
55021437163029,15:17:01.437,25.9000,100
55035903174114,15:17:15.903,25.9100,100
55035903408950,15:17:15.903,25.9100,100
55036912457221,15:17:16.912,25.8900,100
55037021164180,15:17:17.021,25.8700,200
55176040907879,15:19:36.040,25.8700,100
55176040907879,15:19:36.040,25.8700,100
55176040907879,15:19:36.040,25.8700,200
55176040907879,15:19:36.040,25.8700,100
55176040907879,15:19:36.040,25.8700,100
55177474753127,15:19:37.474,25.8700,7
55177474778092,15:19:37.474,25.8700,93
55182135511626,15:19:42.135,25.8700,100
55182135511626,15:19:42.135,25.8700,100
55183274811055,15:19:43.274,25.8700,100
55189450778852,15:19:49.450,25.8800,100
55189450778852,15:19:49.450,25.8800,100
55189450778852,15:19:49.450,25.8800,100
55211377951438,15:20:11.377,25.9000,100
55217941225306,15:20:17.941,25.9100,100
55217976433887,15:20:17.976,25.9000,120
55217976458860,15:20:17.976,25.9000,80
55218476957490,15:20:18.476,25.8900,300
55218476957490,15:20:18.476,25.8900,100
55218476957490,15:20:18.476,25.8900,100
55218476993176,15:20:18.476,25.8900,90
55218477507226,15:20:18.477,25.8900,100
55218480903967,15:20:18.480,25.8900,100
55218481095124,15:20:18.481,25.8900,100
55219062296396,15:20:19.062,25.8900,100
55219063923540,15:20:19.063,25.8900,100
55219063923540,15:20:19.063,25.8900,110
55219501487841,15:20:19.501,25.8700,100
55264204577850,15:21:04.204,25.8900,100
55264204577850,15:21:04.204,25.8900,100
55264204599531,15:21:04.204,25.8900,200
55267352535185,15:21:07.352,25.8900,100
55301446851939,15:21:41.446,25.8700,1
55432929417883,15:23:52.929,25.8200,100
55432929443479,15:23:52.929,25.8200,100
55435365233225,15:23:55.365,25.8500,100
55465216110503,15:24:25.216,25.8300,200
55465216110503,15:24:25.216,25.8300,100
55469747594455,15:24:29.747,25.8500,100
55469747594455,15:24:29.747,25.8500,100
55469747594455,15:24:29.747,25.8500,100
55481078424768,15:24:41.078,25.8500,100
55490803773532,15:24:50.803,25.8600,100
55490803873014,15:24:50.803,25.8600,100
55490803873014,15:24:50.803,25.8600,100
55500139560945,15:25:00.139,25.8600,1
55672172246620,15:27:52.172,25.8800,100
55672172246620,15:27:52.172,25.8800,7
55672172246620,15:27:52.172,25.8800,100
55672172246620,15:27:52.172,25.8800,100
55672205500895,15:27:52.205,25.8500,100
55673176884192,15:27:53.176,25.8700,7
55674803004060,15:27:54.803,25.8800,100
55674803004060,15:27:54.803,25.8800,100
55675055828273,15:27:55.055,25.8700,52
55717649066254,15:28:37.649,25.8600,100
55745431108469,15:29:05.431,25.8450,1
55809871611389,15:30:09.871,25.8300,100
55809871611389,15:30:09.871,25.8300,200
55809871611389,15:30:09.871,25.8300,200
55832965845369,15:30:32.965,25.8400,100
55832965845369,15:30:32.965,25.8400,63
55832965846883,15:30:32.965,25.8400,37
55832965846883,15:30:32.965,25.8400,12
55832965847639,15:30:32.965,25.8400,88
55832969892796,15:30:32.969,25.8500,100
55832983249302,15:30:32.983,25.8500,8
55844997937845,15:30:44.997,25.8300,100
55844997937845,15:30:44.997,25.8300,200
55845385724523,15:30:45.385,25.8500,100
55855136029914,15:30:55.136,25.8400,11
55937596730501,15:32:17.596,25.8400,54
56045178549064,15:34:05.178,25.8200,99
56045178552794,15:34:05.178,25.8200,58
56045178634374,15:34:05.178,25.8200,120
56045178634374,15:34:05.178,25.8200,200
56045178634374,15:34:05.178,25.8200,200
56045178634374,15:34:05.178,25.8200,165
56045178634374,15:34:05.178,25.8200,140
56063030971398,15:34:23.030,25.8000,100
56064395707544,15:34:24.395,25.8000,100
56064395707544,15:34:24.395,25.8000,100
56134385990202,15:35:34.385,25.8100,99
56134385993947,15:35:34.385,25.8100,1
56134385993947,15:35:34.385,25.8100,49
56134385999982,15:35:34.385,25.8100,51
56134385999982,15:35:34.385,25.8100,49
56134386007820,15:35:34.386,25.8100,51
56134386007820,15:35:34.386,25.8100,100
56134390464113,15:35:34.390,25.8100,200
56143869263763,15:35:43.869,25.8100,41
56143869263763,15:35:43.869,25.8000,100
56143869263763,15:35:43.869,25.8000,60
56143869998014,15:35:43.869,25.8000,1
56143871188963,15:35:43.871,25.7900,100
56143871213860,15:35:43.871,25.7900,100
56143871222762,15:35:43.871,25.7900,100
56143882374675,15:35:43.882,25.7850,100
56143882374675,15:35:43.882,25.7850,100
56145237537210,15:35:45.237,25.7850,100
56145238036729,15:35:45.238,25.7900,64
56145238117520,15:35:45.238,25.7900,136
56145392902300,15:35:45.392,25.7900,100
56187686136555,15:36:27.686,25.7900,100
56187686136555,15:36:27.686,25.7900,99
56187686145419,15:36:27.686,25.7900,1
56187686145419,15:36:27.686,25.7900,48
56187686151533,15:36:27.686,25.7900,52
56187686151533,15:36:27.686,25.7900,48
56264277395089,15:37:44.277,25.8000,1
56281969062915,15:38:01.969,25.8000,100
56281969062915,15:38:01.969,25.8000,100
56301275585722,15:38:21.275,25.8000,1
56301275585722,15:38:21.275,25.8000,41
56305865337966,15:38:25.865,25.8000,58
56305865337966,15:38:25.865,25.8000,42
56321101842756,15:38:41.101,25.8100,100
56321101907237,15:38:41.101,25.8100,100
56325388733341,15:38:45.388,25.8200,100
56329347313405,15:38:49.347,25.8300,100
56336068275126,15:38:56.068,25.8300,100
56336068839860,15:38:56.068,25.8300,100
56374646711745,15:39:34.646,25.8100,1
56379366802809,15:39:39.366,25.8100,100
56379366802809,15:39:39.366,25.8100,100
56379366916324,15:39:39.366,25.8100,32
56379366932354,15:39:39.366,25.8100,68
56379366932354,15:39:39.366,25.8100,100
56395390398724,15:39:55.390,25.8100,100
56395390424367,15:39:55.390,25.8100,100
56407337521088,15:40:07.337,25.8000,32
56407337523716,15:40:07.337,25.8000,50
56407350249929,15:40:07.350,25.8000,18
56409297026309,15:40:09.297,25.8100,100
56409297026309,15:40:09.297,25.8100,100
56409297026309,15:40:09.297,25.8100,10
56409297026309,15:40:09.297,25.8100,200
56409297026309,15:40:09.297,25.8100,200
56409297026309,15:40:09.297,25.8100,100
56409297026309,15:40:09.297,25.8100,100
56419558340174,15:40:19.558,25.8000,1
56419558340174,15:40:19.558,25.8000,200
56419558340174,15:40:19.558,25.8000,99
56431316214101,15:40:31.316,25.8000,200
56482405065436,15:41:22.405,25.8000,200
56482407448276,15:41:22.407,25.8000,32
56482407543550,15:41:22.407,25.8000,68
56482407543550,15:41:22.407,25.8000,32
56482407636052,15:41:22.407,25.8000,68
56482407636052,15:41:22.407,25.8000,32
56482407666407,15:41:22.407,25.8000,68
56482407666407,15:41:22.407,25.8000,32
56482407704512,15:41:22.407,25.8000,68
56482407704512,15:41:22.407,25.8000,32
56482407843032,15:41:22.407,25.8000,68
56482407843032,15:41:22.407,25.8000,32
56482407865568,15:41:22.407,25.8000,68
56482722308485,15:41:22.722,25.7900,100
56482722338662,15:41:22.722,25.7900,100
56482726110373,15:41:22.726,25.7800,100
56502931400018,15:41:42.931,25.7700,100
56547127251523,15:42:27.127,25.7600,100
56547127251523,15:42:27.127,25.7600,100
56547428439732,15:42:27.428,25.7600,56
56547428439732,15:42:27.428,25.7600,100
56547428439732,15:42:27.428,25.7600,44
56549176565747,15:42:29.176,25.7600,56
56551696940974,15:42:31.696,25.7600,100
56552519010630,15:42:32.519,25.7500,100
56552519010630,15:42:32.519,25.7500,11
56575509465344,15:42:55.509,25.7600,100
56575509465344,15:42:55.509,25.7600,100
56575509857327,15:42:55.509,25.7600,100
56575509874212,15:42:55.509,25.7600,15
56575509928461,15:42:55.509,25.7600,85
56575509928461,15:42:55.509,25.7600,15
56575509963386,15:42:55.509,25.7600,15
56580183578423,15:43:00.183,25.7600,100
56580197312201,15:43:00.197,25.7500,89
56580197312201,15:43:00.197,25.7500,100
56580197312201,15:43:00.197,25.7500,100
56580197312201,15:43:00.197,25.7500,100
56581667955016,15:43:01.667,25.7600,100
56581667955016,15:43:01.667,25.7600,100
56590025311700,15:43:10.025,25.7600,100
56590025451934,15:43:10.025,25.7600,99
56600452648481,15:43:20.452,25.7700,100
56600452648481,15:43:20.452,25.7700,45
56600452750267,15:43:20.452,25.7700,155
56600452750267,15:43:20.452,25.7700,10
56600452750267,15:43:20.452,25.7700,1
56632537849905,15:43:52.537,25.7800,200
56632538081299,15:43:52.538,25.7800,71
56632538081299,15:43:52.538,25.7800,100
56652267912587,15:44:12.267,25.7800,100
56652268144889,15:44:12.268,25.7800,100
56652268153335,15:44:12.268,25.7800,100
56652268153335,15:44:12.268,25.7800,33
56652268157186,15:44:12.268,25.7800,100
56652268163478,15:44:12.268,25.7800,49
56654749503618,15:44:14.749,25.7800,100
56654749588134,15:44:14.749,25.7900,45
56690910537245,15:44:50.910,25.8000,22
56709651912019,15:45:09.651,25.7900,19
56723772343603,15:45:23.772,25.7800,1
56723772343603,15:45:23.772,25.7700,100
56723772343603,15:45:23.772,25.7700,100
56723772343603,15:45:23.772,25.7700,100
56723772343603,15:45:23.772,25.7700,300
56723772343603,15:45:23.772,25.7700,300
56723772343603,15:45:23.772,25.7600,100
56723772343603,15:45:23.772,25.7600,100
56723772343603,15:45:23.772,25.7600,100
56725069671570,15:45:25.069,25.7300,100
56750268325465,15:45:50.268,25.7400,100
56750392095906,15:45:50.392,25.7500,100
56750392095906,15:45:50.392,25.7500,100
56750392114457,15:45:50.392,25.7500,100
56751037035530,15:45:51.037,25.7600,32
56751037064516,15:45:51.037,25.7600,68
56751037064516,15:45:51.037,25.7600,100
56781244795387,15:46:21.244,25.7700,34
56781244795387,15:46:21.244,25.7700,10
56781244795387,15:46:21.244,25.7700,50
56781244795387,15:46:21.244,25.7700,6
56781244932505,15:46:21.244,25.7700,94
56781245735963,15:46:21.245,25.7700,50
56781347913394,15:46:21.347,25.7700,1
56815394223129,15:46:55.394,25.7500,1
56816951956341,15:46:56.951,25.7400,12
56835887787455,15:47:15.887,25.7300,100
56835994889451,15:47:15.994,25.7300,100
56848327527517,15:47:28.327,25.7200,100
56853292262716,15:47:33.292,25.7200,100
56859019721934,15:47:39.019,25.7300,6
56859059256925,15:47:39.059,25.7300,5
56859059256925,15:47:39.059,25.7300,100
56859066419476,15:47:39.066,25.7300,85
56859066496609,15:47:39.066,25.7300,15
56859224278688,15:47:39.224,25.7300,100
56864238417271,15:47:44.238,25.7500,56
56864238444050,15:47:44.238,25.7500,44
56864238444050,15:47:44.238,25.7500,34
56864238444050,15:47:44.238,25.7500,100
56866158779780,15:47:46.158,25.7600,100
56930972135023,15:48:50.972,25.7300,1
56930972135023,15:48:50.972,25.7300,100
56930972135023,15:48:50.972,25.7200,104
56930972135023,15:48:50.972,25.7200,100
56930972135023,15:48:50.972,25.7200,200
56930972135023,15:48:50.972,25.7200,100
56930972135023,15:48:50.972,25.7100,122
56930972135023,15:48:50.972,25.6900,22
56931341993325,15:48:51.341,25.7300,5
56931381706052,15:48:51.381,25.7300,10
56931810697983,15:48:51.810,25.7300,90
56931810697983,15:48:51.810,25.7300,10
56931811418655,15:48:51.811,25.7400,100
56931811418655,15:48:51.811,25.7400,100
56931811418655,15:48:51.811,25.7400,100
56931811520255,15:48:51.811,25.7400,100
56933470144114,15:48:53.470,25.7400,8
56962285780982,15:49:22.285,25.7400,10
56962285780982,15:49:22.285,25.7400,5
57003563482694,15:50:03.563,25.7200,1
57022007235587,15:50:22.007,25.6900,100
57041454497624,15:50:41.454,25.6800,4
57041457461078,15:50:41.457,25.6800,3
57043196627686,15:50:43.196,25.6900,100
57043496783433,15:50:43.496,25.6900,32
57043627014278,15:50:43.627,25.6900,262
57043627014278,15:50:43.627,25.6900,138
57043627078324,15:50:43.627,25.6900,40
57043644452251,15:50:43.644,25.6900,100
57043730227975,15:50:43.730,25.6900,100
57044695862693,15:50:44.695,25.6900,1
57044695862693,15:50:44.695,25.6900,99
57049635451091,15:50:49.635,25.7000,100
57049635487578,15:50:49.635,25.7000,100
57049635487578,15:50:49.635,25.7000,100
57053181580253,15:50:53.181,25.6900,1
57053181580253,15:50:53.181,25.6900,4
57076560371862,15:51:16.560,25.7100,100
57076560452904,15:51:16.560,25.7100,100
57076560452904,15:51:16.560,25.7100,73
57076560478655,15:51:16.560,25.7100,27
57076560478655,15:51:16.560,25.7100,4
57076560845762,15:51:16.560,25.7100,94
57076560845762,15:51:16.560,25.7100,100
57076560845762,15:51:16.560,25.7100,100
57076560845762,15:51:16.560,25.7100,6
57087403929597,15:51:27.403,25.7000,100
57087403929597,15:51:27.403,25.7000,100
57087404002273,15:51:27.404,25.7000,100
57087405074053,15:51:27.405,25.7000,100
57087405074053,15:51:27.405,25.7000,100
57087407006439,15:51:27.407,25.7000,100
57087407043430,15:51:27.407,25.7000,100
57087408647431,15:51:27.408,25.7000,100
57087506680115,15:51:27.506,25.7000,100
57089141309036,15:51:29.141,25.7000,6
57089141309036,15:51:29.141,25.7000,100
57092105069387,15:51:32.105,25.7100,100
57092105654899,15:51:32.105,25.7100,56
57092625815542,15:51:32.625,25.7050,100
57095397360988,15:51:35.397,25.7100,44
57095397360988,15:51:35.397,25.7100,100
57095397360988,15:51:35.397,25.7100,56
57095397391102,15:51:35.397,25.7100,44
57095397705263,15:51:35.397,25.7100,100
57095397731994,15:51:35.397,25.7100,100
57097606111220,15:51:37.606,25.7200,100
57097606111220,15:51:37.606,25.7200,5
57097608405156,15:51:37.608,25.7200,195
57097608405156,15:51:37.608,25.7200,100
57099412672101,15:51:39.412,25.7100,100
57143030310791,15:52:23.030,25.7300,100
57143030310791,15:52:23.030,25.7300,14
57143030335189,15:52:23.030,25.7300,26
57143031031465,15:52:23.031,25.7300,160
57143031031465,15:52:23.031,25.7300,300
57143031031465,15:52:23.031,25.7300,100
57143031031465,15:52:23.031,25.7300,100
57166115806117,15:52:46.115,25.7200,1
57166764591021,15:52:46.764,25.7100,100
57166764591021,15:52:46.764,25.7100,200
57184909333255,15:53:04.909,25.7200,6
57191127395574,15:53:11.127,25.7200,100
57191127395574,15:53:11.127,25.7200,31
57191127474841,15:53:11.127,25.7200,11
57201304414914,15:53:21.304,25.7200,20
57201718885592,15:53:21.718,25.7200,14
57201718885592,15:53:21.718,25.7200,86
57208743580335,15:53:28.743,25.7200,14
57208743580335,15:53:28.743,25.7200,86
57208744037920,15:53:28.744,25.7200,14
57215767995255,15:53:35.767,25.7200,100
57215767995255,15:53:35.767,25.7200,100
57217194624618,15:53:37.194,25.7200,100
57239207329490,15:53:59.207,25.7200,49
57244108119308,15:54:04.108,25.7300,100
57248131965487,15:54:08.131,25.7300,90
57248132053265,15:54:08.132,25.7300,10
57248132053265,15:54:08.132,25.7300,22
57254156709911,15:54:14.156,25.7300,84
57254156709911,15:54:14.156,25.7300,35
57263202449935,15:54:23.202,25.7300,100
57263208552458,15:54:23.208,25.7300,3
57263208552458,15:54:23.208,25.7300,13
57273472081658,15:54:33.472,25.7300,2
57280668729850,15:54:40.668,25.7200,51
57280668729850,15:54:40.668,25.7200,100
57280668729850,15:54:40.668,25.7200,100
57280668729850,15:54:40.668,25.7200,2
57280668729850,15:54:40.668,25.7200,200
57280668729850,15:54:40.668,25.7200,200
57280668729850,15:54:40.668,25.7200,100
57280668729850,15:54:40.668,25.7200,84
57280668729850,15:54:40.668,25.7200,1163
57280668848396,15:54:40.668,25.7200,100
57280668964417,15:54:40.668,25.7200,48
57280669041771,15:54:40.669,25.7200,52
57280669041771,15:54:40.669,25.7200,41
57280669042480,15:54:40.669,25.7200,59
57280669042480,15:54:40.669,25.7200,38
57280669044462,15:54:40.669,25.7200,48
57280670308950,15:54:40.670,25.7200,100
57280670533504,15:54:40.670,25.7200,2
57280672254633,15:54:40.672,25.7200,12
57280672254633,15:54:40.672,25.7200,200
57280672254633,15:54:40.672,25.7200,88
57280672310817,15:54:40.672,25.7200,100
57280674165231,15:54:40.674,25.7200,200
57280674165231,15:54:40.674,25.7200,34
57280678176577,15:54:40.678,25.7200,85
57280797452053,15:54:40.797,25.7200,100
57280826004811,15:54:40.826,25.7200,15
57280826004811,15:54:40.826,25.7200,185
57282861916952,15:54:42.861,25.7200,15
57282861916952,15:54:42.861,25.7200,85
57283518464398,15:54:43.518,25.7100,100
57286646530949,15:54:46.646,25.7050,45
57286647121494,15:54:46.647,25.7050,55
57299601047556,15:54:59.601,25.7200,100
57300113708579,15:55:00.113,25.6900,100
57300113708579,15:55:00.113,25.6900,32
57300113708579,15:55:00.113,25.6800,1
57300113708579,15:55:00.113,25.6800,200
57300113708579,15:55:00.113,25.6800,100
57300113708579,15:55:00.113,25.6800,100
57300113708579,15:55:00.113,25.6800,100
57300113713687,15:55:00.113,25.6400,100
57300113713687,15:55:00.113,25.6400,600
57300114192932,15:55:00.114,25.6900,100
57300684723979,15:55:00.684,25.6900,100
57304061962326,15:55:04.061,25.6500,100
57304061962326,15:55:04.061,25.6500,100
57304103683668,15:55:04.103,25.6500,100
57304103683668,15:55:04.103,25.6400,100
57312205081309,15:55:12.205,25.6600,800
57312205081309,15:55:12.205,25.6600,100
57312205081309,15:55:12.205,25.6500,100
57312205081309,15:55:12.205,25.6500,100
57312205081309,15:55:12.205,25.6400,100
57312205081309,15:55:12.205,25.6400,200
57312207520181,15:55:12.207,25.6500,100
57312207597432,15:55:12.207,25.6500,100
57312207597432,15:55:12.207,25.6500,100
57312210536037,15:55:12.210,25.6500,100
57312210536037,15:55:12.210,25.6500,100
57312210536037,15:55:12.210,25.6400,100
57312728746647,15:55:12.728,25.6400,100
57312729834850,15:55:12.729,25.6300,200
57312730062237,15:55:12.730,25.6300,50
57312730522016,15:55:12.730,25.6300,49
57313359034580,15:55:13.359,25.6300,1
57313359034580,15:55:13.359,25.6300,800
57313359034580,15:55:13.359,25.6200,84
57317257989345,15:55:17.257,25.6250,200
57317461354300,15:55:17.461,25.6100,7
57318370526520,15:55:18.370,25.6100,400
57318734868923,15:55:18.734,25.6100,393
57319775049745,15:55:19.775,25.6000,100
57319775049745,15:55:19.775,25.6000,100
57319775049745,15:55:19.775,25.6000,200
57319945505192,15:55:19.945,25.6000,100
57319945505192,15:55:19.945,25.6000,100
57319945505192,15:55:19.945,25.6000,100
57323405971708,15:55:23.405,25.6200,3
57325119631587,15:55:25.119,25.6300,100
57327409584886,15:55:27.409,25.6000,100
57336631667792,15:55:36.631,25.6200,100
57337425463867,15:55:37.425,25.6000,100
57337425463867,15:55:37.425,25.5900,600
57337613646292,15:55:37.613,25.5900,200
57337613646292,15:55:37.613,25.5900,100
57337613646292,15:55:37.613,25.5900,100
57337747684849,15:55:37.747,25.5900,100
57337749313003,15:55:37.749,25.5900,100
57337789167762,15:55:37.789,25.5900,100
57340838849473,15:55:40.838,25.5800,10
57364556308380,15:56:04.556,25.6100,100
57372295483328,15:56:12.295,25.5900,15
57375404501526,15:56:15.404,25.5900,10
57375406016536,15:56:15.406,25.5900,75
57375406016536,15:56:15.406,25.5900,15
57382417406160,15:56:22.417,25.5900,85
57382417406160,15:56:22.417,25.5900,15
57384294746560,15:56:24.294,25.5900,15
57384910941802,15:56:24.910,25.5900,70
57384910941802,15:56:24.910,25.5900,200
57384911522571,15:56:24.911,25.5800,200
57384911522571,15:56:24.911,25.5800,192
57384911613943,15:56:24.911,25.5800,8
57384911613943,15:56:24.911,25.5800,100
57384911613943,15:56:24.911,25.5800,100
57384911613943,15:56:24.911,25.5800,100
57384911613943,15:56:24.911,25.5800,100
57384911613943,15:56:24.911,25.5800,1100
57385008993112,15:56:25.008,25.5900,22
57385009015901,15:56:25.009,25.5900,32
57385009189913,15:56:25.009,25.5900,46
57385342870706,15:56:25.342,25.5700,42
57386545232401,15:56:26.545,25.5600,300
57389197760060,15:56:29.197,25.5600,100
57389325759708,15:56:29.325,25.5900,100
57389325759708,15:56:29.325,25.6000,15
57389325759708,15:56:29.325,25.6000,85
57389326438758,15:56:29.326,25.6000,15
57389326468173,15:56:29.326,25.6000,100
57389988962454,15:56:29.988,25.5700,100
57396296573078,15:56:36.296,25.5700,15
57397251040641,15:56:37.251,25.5700,85
57397251040641,15:56:37.251,25.5700,15
57398735407473,15:56:38.735,25.5700,9
57400869030322,15:56:40.869,25.5600,100
57402810744734,15:56:42.810,25.5600,100
57405025920904,15:56:45.025,25.5800,50
57405025920904,15:56:45.025,25.5900,65
57405025998176,15:56:45.025,25.5800,50
57405806420047,15:56:45.806,25.5800,54
57407068312975,15:56:47.068,25.5800,46
57407068312975,15:56:47.068,25.5600,147
57407068720594,15:56:47.068,25.5800,35
57415186392439,15:56:55.186,25.5800,25
57415738436435,15:56:55.738,25.5600,51
57420298922471,15:57:00.298,25.5600,15
57427660264382,15:57:07.660,25.5800,35
57427660264382,15:57:07.660,25.5900,15
57427660264382,15:57:07.660,25.5900,50
57427661540052,15:57:07.661,25.5800,30
57427661762070,15:57:07.661,25.5800,70
57427663044698,15:57:07.663,25.5800,30
57427665725691,15:57:07.665,25.5800,3
57427682605642,15:57:07.682,25.5800,97
57427691596184,15:57:07.691,25.5900,150
57427691596184,15:57:07.691,25.5900,4
57427691596184,15:57:07.691,25.5900,46
57427691825498,15:57:07.691,25.5900,50
57427691828867,15:57:07.691,25.5900,4
57427691991489,15:57:07.691,25.5900,100
57428184575163,15:57:08.184,25.6000,31
57429068650836,15:57:09.068,25.6000,269
57432052104159,15:57:12.052,25.6100,13
57432300289395,15:57:12.300,25.5900,15
57434488658069,15:57:14.488,25.6000,15
57458019699847,15:57:38.019,25.6200,100
57458020207149,15:57:38.020,25.6400,15
57458020622478,15:57:38.020,25.6400,36
57458020740221,15:57:38.020,25.6200,100
57458420030262,15:57:38.420,25.6300,5
57458439733529,15:57:38.439,25.6300,100
57458440376123,15:57:38.440,25.6400,64
57458440376123,15:57:38.440,25.6400,100
57458440376123,15:57:38.440,25.6400,100
57458440505558,15:57:38.440,25.6300,1
57458449746328,15:57:38.449,25.6300,17
57477478534067,15:57:57.478,25.6300,2
57480305081786,15:58:00.305,25.6100,15
57486789778397,15:58:06.789,25.6400,15
57486789778397,15:58:06.789,25.6400,58
57486789778397,15:58:06.789,25.6400,132
57486790129474,15:58:06.790,25.6400,31
57487156217070,15:58:07.156,25.6300,266
57487156217070,15:58:07.156,25.6300,900
57487156217070,15:58:07.156,25.6300,100
57487170822117,15:58:07.170,25.6300,100
57487170822117,15:58:07.170,25.6300,200
57487171430180,15:58:07.171,25.6300,500
57487175004404,15:58:07.175,25.6300,500
57489224697411,15:58:09.224,25.6300,100
57494123938728,15:58:14.123,25.6100,85
57494123938728,15:58:14.123,25.6100,100
57494123938728,15:58:14.123,25.6100,1200
57494123938728,15:58:14.123,25.6100,100
57494123938728,15:58:14.123,25.6100,100
57494123938728,15:58:14.123,25.6100,1100
57494123938728,15:58:14.123,25.6100,100
57494123938728,15:58:14.123,25.6100,266
57494123938728,15:58:14.123,25.6100,100
57494123938728,15:58:14.123,25.6100,100
57494123938728,15:58:14.123,25.6100,100
57494123938728,15:58:14.123,25.6100,600
57494123938728,15:58:14.123,25.6100,100
57494123938728,15:58:14.123,25.6100,900
57494123938728,15:58:14.123,25.6000,100
57494123938728,15:58:14.123,25.6000,100
57494123938728,15:58:14.123,25.6000,100
57494123938728,15:58:14.123,25.6000,100
57494123938728,15:58:14.123,25.6000,1000
57494123938728,15:58:14.123,25.6000,1300
57494123938728,15:58:14.123,25.6000,600
57494123938728,15:58:14.123,25.6000,54
57494127304518,15:58:14.127,25.6000,6
57495417055731,15:58:15.417,25.6000,100
57495417055731,15:58:15.417,25.6100,100
57495417055731,15:58:15.417,25.6100,200
57495417055731,15:58:15.417,25.6100,1897
57495417188341,15:58:15.417,25.6100,7
57495417212345,15:58:15.417,25.6100,32
57495417287219,15:58:15.417,25.6100,100
57495417293911,15:58:15.417,25.6100,51
57496250980206,15:58:16.250,25.5900,100
57496762149248,15:58:16.762,25.5900,100
57497258422343,15:58:17.258,25.5900,33
57497258422343,15:58:17.258,25.5900,67
57497690727347,15:58:17.690,25.5900,33
57497690727347,15:58:17.690,25.5900,67
57498122345196,15:58:18.122,25.5900,67
57498122345196,15:58:18.122,25.5900,33
57498393616163,15:58:18.393,25.5900,67
57498396618681,15:58:18.396,25.5800,42
57498397113283,15:58:18.397,25.5900,15
57499770684874,15:58:19.770,25.5900,100
57501769980073,15:58:21.769,25.5900,31
57504314010930,15:58:24.314,25.5900,15
57507120369885,15:58:27.120,25.6000,10
57507150350282,15:58:27.150,25.6100,100
57507150350282,15:58:27.150,25.6100,90
57507150818563,15:58:27.150,25.6100,3393
57507150818563,15:58:27.150,25.6100,7
57507150893758,15:58:27.150,25.6100,93
57507150893758,15:58:27.150,25.6100,100
57507150893758,15:58:27.150,25.6100,100
57510093641082,15:58:30.093,25.6100,100
57510093641082,15:58:30.093,25.6100,600
57510093641082,15:58:30.093,25.6100,244
57510093641082,15:58:30.093,25.6100,56
57510093672755,15:58:30.093,25.6100,19
57510291972522,15:58:30.291,25.6000,171
57510291972522,15:58:30.291,25.6000,100
57510291972522,15:58:30.291,25.6000,5
57510291972522,15:58:30.291,25.6000,95
57510291972522,15:58:30.291,25.6000,100
57510291972522,15:58:30.291,25.6000,100
57510291972522,15:58:30.291,25.6000,329
57510292681023,15:58:30.292,25.6000,95
57510293009813,15:58:30.293,25.6000,5
57510293009813,15:58:30.293,25.6000,100
57510293009813,15:58:30.293,25.6000,95
57510478558102,15:58:30.478,25.6100,100
57510478558102,15:58:30.478,25.6000,100
57510478558102,15:58:30.478,25.6000,100
57510478558102,15:58:30.478,25.6000,100
57510478558102,15:58:30.478,25.6000,100
57511126381278,15:58:31.126,25.6000,100
57511126381278,15:58:31.126,25.6000,100
57511126381278,15:58:31.126,25.6000,100
57511126381278,15:58:31.126,25.6000,300
57511126910195,15:58:31.126,25.6000,100
57511126910195,15:58:31.126,25.6000,300
57513298427564,15:58:33.298,25.6000,3
57514777991877,15:58:34.777,25.6000,10
57524226659159,15:58:44.226,25.6200,15
57524226659159,15:58:44.226,25.6200,85
57528067730100,15:58:48.067,25.6200,58
57528067730100,15:58:48.067,25.6200,10
57528067792117,15:58:48.067,25.6200,290
57528067792117,15:58:48.067,25.6200,309
57528067904132,15:58:48.067,25.6200,147
57530301436415,15:58:50.301,25.6200,100
57535905048432,15:58:55.905,25.6100,100
57535922803770,15:58:55.922,25.6100,42
57535922803770,15:58:55.922,25.6100,48
57537501726734,15:58:57.501,25.6200,100
57540388833022,15:59:00.388,25.6100,52
57540388833022,15:59:00.388,25.6100,48
57540390381356,15:59:00.390,25.6100,29
57540628195606,15:59:00.628,25.6150,100
57543511666532,15:59:03.511,25.6150,48
57543902737203,15:59:03.902,25.6150,10
57546441677695,15:59:06.441,25.6150,42
57546671013974,15:59:06.671,25.6100,23
57546671013974,15:59:06.671,25.6100,100
57546671013974,15:59:06.671,25.6100,264
57546671013974,15:59:06.671,25.6100,1100
57546671013974,15:59:06.671,25.6100,100
57546671013974,15:59:06.671,25.6100,500
57546671013974,15:59:06.671,25.6100,100
57546671013974,15:59:06.671,25.6100,125
57546671013974,15:59:06.671,25.6100,100
57546671013974,15:59:06.671,25.6100,200
57546671013974,15:59:06.671,25.6100,200
57546671013974,15:59:06.671,25.6100,100
57546671893971,15:59:06.671,25.6100,12
57546672927951,15:59:06.672,25.6000,142
57546672927951,15:59:06.672,25.6000,892
57546706631426,15:59:06.706,25.6100,30
57546706657135,15:59:06.706,25.6100,130
57546714962930,15:59:06.714,25.6200,30
57546716032088,15:59:06.716,25.6200,70
57546716032088,15:59:06.716,25.6200,10
57546821576769,15:59:06.821,25.6100,100
57549745444690,15:59:09.745,25.6000,100
57550547936305,15:59:10.547,25.6000,100
57551188207405,15:59:11.188,25.6000,100
57551245427995,15:59:11.245,25.6000,91
57551245427995,15:59:11.245,25.6000,9
57555492810399,15:59:15.492,25.6000,9
57557100724319,15:59:17.100,25.6150,100
57557100724319,15:59:17.100,25.6200,100
57557752845624,15:59:17.752,25.6000,100
57559135571947,15:59:19.135,25.6000,82
57559135571947,15:59:19.135,25.6000,6
57559135571947,15:59:19.135,25.6000,91
57559136844438,15:59:19.136,25.5900,171
57559136844438,15:59:19.136,25.5900,100
57559137390690,15:59:19.137,25.5900,100
57559137991583,15:59:19.137,25.5800,78
57559137991583,15:59:19.137,25.5800,100
57559138814808,15:59:19.138,25.5800,31
57559138814808,15:59:19.138,25.5700,171
57559138814808,15:59:19.138,25.5700,100
57559138814808,15:59:19.138,25.5700,100
57559138814808,15:59:19.138,25.5700,70
57559138906562,15:59:19.138,25.6000,9
57561548051271,15:59:21.548,25.5900,22
57561548051271,15:59:21.548,25.5800,78
57564354391412,15:59:24.354,25.5800,55
57565494660748,15:59:25.494,25.5800,9
57565922425104,15:59:25.922,25.5800,10
57567623997001,15:59:27.623,25.6000,100
57567626441611,15:59:27.626,25.6000,100
57567634904983,15:59:27.634,25.6000,64
57567634904983,15:59:27.634,25.6000,48
57567634932605,15:59:27.634,25.6000,52
57567634932605,15:59:27.634,25.6000,300
57568756137447,15:59:28.756,25.6000,100
57569515155097,15:59:29.515,25.6100,200
57569515155097,15:59:29.515,25.6100,7
57569629446465,15:59:29.629,25.6200,9
57569629446465,15:59:29.629,25.6200,216
57569629446465,15:59:29.629,25.6200,282
57570234354955,15:59:30.234,25.6200,74
57570234354955,15:59:30.234,25.6200,26
57570236517262,15:59:30.236,25.6200,100
57570246925847,15:59:30.246,25.6200,100
57570300789107,15:59:30.300,25.6200,100
57570302235910,15:59:30.302,25.6200,100
57572294697704,15:59:32.294,25.6100,66
57572301730875,15:59:32.301,25.6200,3268
57572303319555,15:59:32.303,25.6200,100
57572548505458,15:59:32.548,25.6100,100
57572752066545,15:59:32.752,25.6200,180
57572756225831,15:59:32.756,25.6200,21
57573742872595,15:59:33.742,25.6100,100
57573775519655,15:59:33.775,25.6200,50
57573952681961,15:59:33.952,25.6200,16
57573952707067,15:59:33.952,25.6200,447
57575505429607,15:59:35.505,25.6100,9
57576074994193,15:59:36.074,25.6100,100
57577501840975,15:59:37.501,25.6200,100
57577553949354,15:59:37.553,25.6100,100
57579148522578,15:59:39.148,25.6100,55
57579148522578,15:59:39.148,25.6100,27
57579148522578,15:59:39.148,25.6100,18
57580513436352,15:59:40.513,25.6100,9
57581952302532,15:59:41.952,25.6100,161
57583547715496,15:59:43.547,25.6100,100
57585514647099,15:59:45.514,25.6100,9
57590149077149,15:59:50.149,25.6100,100
57590254156517,15:59:50.254,25.6100,18
57590515316597,15:59:50.515,25.6100,9
57591306472995,15:59:51.306,25.6100,94
57593824621054,15:59:53.824,25.6200,33
57594060277468,15:59:54.060,25.6200,23
57594437711954,15:59:54.437,25.6200,100
57595127623389,15:59:55.127,25.6100,322
57595168972185,15:59:55.168,25.6200,1
57595742086682,15:59:55.742,25.6200,12
57595823391802,15:59:55.823,25.6100,9
57595862715846,15:59:55.862,25.6200,15
57597052503286,15:59:57.052,25.6200,80
57597052688339,15:59:57.052,25.6200,400
57597052759390,15:59:57.052,25.6200,20
57597274721410,15:59:57.274,25.6300,1
57597672368526,15:59:57.672,25.6300,1
57597672392821,15:59:57.672,25.6300,398
57598034519477,15:59:58.034,25.6600,100
57598034519477,15:59:58.034,25.6600,100
57598034519477,15:59:58.034,25.6600,200
57599107948439,15:59:59.107,25.6300,400
57599107948439,15:59:59.107,25.6300,100
57599700413846,15:59:59.700,25.6200,9
57600759709451,16:00:00.759,25.6200,276907
58900494259763,16:21:40.494,22.6500,1
58900494259763,16:21:40.494,22.0000,200
59044096890276,16:24:04.096,22.0000,5
59061464442127,16:24:21.464,22.2400,1
59103255501725,16:25:03.255,21.6000,4
59238192327265,16:27:18.192,22.0600,200
59280937641971,16:28:00.937,22.2300,100
59282742871484,16:28:02.742,22.2300,2600
59283226283795,16:28:03.226,22.1200,10
59283236287167,16:28:03.236,22.1100,10
59343228875319,16:29:03.228,22.1300,22
59343236191722,16:29:03.236,22.1300,27
59494484074757,16:31:34.484,22.2400,2
59494484074757,16:31:34.484,22.1800,10
59494484074757,16:31:34.484,22.1400,10
59494484074757,16:31:34.484,22.1100,178
59494484819780,16:31:34.484,22.1100,400
60135309461857,16:42:15.309,23.0000,103
60145091159053,16:42:25.091,23.0000,30
60183335217488,16:43:03.335,23.0000,1
60183356092862,16:43:03.356,23.0000,1
