timestamp,time,price,volume
34200894411812,09:30:00.894,31.2100,401
34579969086950,09:36:19.969,31.4100,2
34744777311118,09:39:04.777,31.4100,2
35255371995453,09:47:35.371,31.3500,3
35426054151962,09:50:26.054,31.1900,100
35426054227546,09:50:26.054,31.1900,28
35426054227546,09:50:26.054,31.1900,72
35426054236249,09:50:26.054,31.1900,28
35538887776456,09:52:18.887,31.2800,3
35539034299935,09:52:19.034,31.2000,7
35854268244416,09:57:34.268,31.2000,3
36136107162100,10:02:16.107,31.2200,3
36182383657989,10:03:02.383,31.0400,100
36182383657989,10:03:02.383,31.0300,100
36461203569508,10:07:41.203,31.2000,3
36751382029919,10:12:31.382,31.2100,3
37055137083198,10:17:35.137,31.2100,3
37329210109798,10:22:09.210,31.0500,5
37356754344469,10:22:36.754,31.2000,3
37457367194424,10:24:17.367,31.0500,16
37654705297348,10:27:34.705,31.2000,2
37956974022550,10:32:36.974,31.2000,3
38240975688647,10:37:20.975,31.1900,3
38435268137184,10:40:35.268,31.0600,5
38449513280486,10:40:49.513,31.0600,5
38550921648674,10:42:30.921,31.1900,3
38840226929551,10:47:20.226,31.1900,3
39158768901070,10:52:38.768,31.1500,3
39441176905155,10:57:21.176,31.1500,3
39540319094038,10:59:00.319,31.0600,5
39606089481840,11:00:06.089,31.1500,20
39606089481840,11:00:06.089,31.1600,5
39606089481840,11:00:06.089,31.1600,100
39606089481840,11:00:06.089,31.1600,100
39606089481840,11:00:06.089,31.1700,100
39606089481840,11:00:06.089,31.1700,175
39615016878711,11:00:15.016,31.1700,100
39615016878711,11:00:15.016,31.1700,100
39615016905572,11:00:15.016,31.1700,100
39615016952388,11:00:15.016,31.1700,100
39615017764374,11:00:15.017,31.1700,100
39615081370406,11:00:15.081,31.2000,100
39690017066543,11:01:30.017,31.2100,100
39690017066543,11:01:30.017,31.2200,5
39690017094164,11:01:30.017,31.2200,95
39690017094164,11:01:30.017,31.2200,5
39690017510849,11:01:30.017,31.2500,24
39690017515966,11:01:30.017,31.2500,62
39690017528060,11:01:30.017,31.2500,14
39739334722358,11:02:19.334,31.3400,3
40063567468120,11:07:43.567,31.3200,3
40198251180655,11:09:58.251,31.2000,1
40343495874030,11:12:23.495,31.2700,3
40416210453519,11:13:36.210,31.2500,162
40416210458193,11:13:36.210,31.2500,62
40416210488279,11:13:36.210,31.2500,62
40416210492724,11:13:36.210,31.2500,34
40645383649438,11:17:25.383,31.2800,3
40911702836481,11:21:51.702,31.2000,1
40911702836481,11:21:51.702,31.2000,99
40911702885775,11:21:51.702,31.2000,1
40911702885775,11:21:51.702,31.2000,1
40911702885775,11:21:51.702,31.2000,98
40911702907396,11:21:51.702,31.2000,2
40911703458247,11:21:51.703,31.1900,100
40946347589759,11:22:26.347,31.1900,3
41258969483031,11:27:38.969,31.1900,3
41564774389805,11:32:44.774,31.2000,3
41568222499625,11:32:48.222,31.0800,5
41855255864203,11:37:35.255,31.1900,3
42144111495715,11:42:24.111,31.2000,3
42454164176718,11:47:34.164,31.1900,3
42456081454982,11:47:36.081,31.1200,100
42456087880903,11:47:36.087,31.1100,94
42456087930165,11:47:36.087,31.1100,6
42456137908640,11:47:36.137,31.0900,58
42456138573868,11:47:36.138,31.0900,42
42456138573868,11:47:36.138,31.0900,23
42456138573868,11:47:36.138,31.0900,35
42456138613068,11:47:36.138,31.0900,65
42457407157798,11:47:37.407,31.0600,100
42739488172324,11:52:19.488,31.1200,3
42746453306961,11:52:26.453,31.1300,100
42856471664518,11:54:16.471,31.1400,100
43065921262221,11:57:45.921,31.1400,3
43187975089284,11:59:47.975,31.1400,96
43187975129781,11:59:47.975,31.1400,1
43187975145845,11:59:47.975,31.1700,100
43187975145845,11:59:47.975,31.1700,51
43187975199178,11:59:47.975,31.1700,49
43344971800081,12:02:24.971,31.1800,3
43347225427954,12:02:27.225,31.1100,100
43640450797050,12:07:20.450,31.1700,3
43831967568739,12:10:31.967,31.1800,2
43831967568739,12:10:31.967,31.1800,5
43860085523481,12:11:00.085,31.1600,100
43965643517864,12:12:45.643,31.1900,3
43965667815890,12:12:45.667,31.1900,97
43965677294698,12:12:45.677,31.2200,27
43965677659730,12:12:45.677,31.2200,73
44172217706221,12:16:12.217,31.2800,100
44251246963505,12:17:31.246,31.2800,3
44565359906962,12:22:45.359,31.2800,3
44854167604939,12:27:34.167,31.2500,64
44861008175203,12:27:41.008,31.2900,2
45139878104212,12:32:19.878,31.2900,3
45221154557470,12:33:41.154,31.2600,100
45221155208277,12:33:41.155,31.2400,58
45221155214936,12:33:41.155,31.2400,5
45221155224481,12:33:41.155,31.2400,35
45221155300139,12:33:41.155,31.2400,2
45221185624797,12:33:41.185,31.2300,10
45221185624797,12:33:41.185,31.2300,43
45221185653359,12:33:41.185,31.2300,57
45226687777391,12:33:46.687,31.2200,1
45226687803247,12:33:46.687,31.2200,4
45226943923922,12:33:46.943,31.2100,2
45228749993151,12:33:48.749,31.1900,2
45228749993151,12:33:48.749,31.1800,10
45236998075424,12:33:56.998,31.1700,5
45332119276774,12:35:32.119,31.1600,5
45460956930297,12:37:40.956,31.2100,3
45574267583483,12:39:34.267,31.1600,14
45574268153129,12:39:34.268,31.1600,86
45758814352318,12:42:38.814,31.1900,3
45990246635960,12:46:30.246,31.1100,5
46040354275646,12:47:20.354,31.1800,3
46362217505827,12:52:42.217,31.1800,3
46550154019939,12:55:50.154,31.1100,51
46560249929126,12:56:00.249,31.1100,2
46645874533774,12:57:25.874,31.1500,3
46673811765258,12:57:53.811,31.1100,100
46912494523298,13:01:52.494,31.1200,5
46944987463280,13:02:24.987,31.1500,3
47177315057383,13:06:17.315,31.1200,40
47241400558837,13:07:21.400,31.1500,3
47556036614678,13:12:36.036,31.1600,3
47556036641865,13:12:36.036,31.1600,90
47556036960550,13:12:36.036,31.1600,7
47556036960550,13:12:36.036,31.1600,93
47556036963595,13:12:36.036,31.1600,7
47556036963595,13:12:36.036,31.1600,10
47556036963595,13:12:36.036,31.1600,85
47556037048235,13:12:36.037,31.1600,15
47556037280582,13:12:36.037,31.1600,100
47556037688977,13:12:36.037,31.1700,100
47556037724086,13:12:36.037,31.1900,2
47556037756596,13:12:36.037,31.1800,96
47556037780164,13:12:36.037,31.1800,2
47556037811837,13:12:36.037,31.1500,30
47556037890387,13:12:36.037,31.1700,30
47563708812710,13:12:43.708,31.1500,100
47625074366990,13:13:45.074,31.1500,1
47821702653654,13:17:01.702,31.1400,100
47821702653654,13:17:01.702,31.1400,8
47821702653654,13:17:01.702,31.1400,100
47821733081991,13:17:01.733,31.1100,42
47821733429521,13:17:01.733,31.1000,5
47821733429521,13:17:01.733,31.1000,5
47822515832897,13:17:02.515,31.1000,100
47822515900862,13:17:02.515,31.0900,72
47822515927926,13:17:02.515,31.0900,28
47822515927926,13:17:02.515,31.0900,10
48197699823759,13:23:17.699,31.0800,100
48346580376517,13:25:46.580,31.0900,100
48443731819276,13:27:23.731,31.0900,3
48756049789399,13:32:36.049,31.1200,3
49065801812567,13:37:45.801,31.1300,3
49363406228568,13:42:43.406,31.1200,3
49365021361539,13:42:45.021,31.0800,10
49639085836254,13:47:19.085,31.1300,3
49793271213155,13:49:53.271,31.0700,4
49793271213155,13:49:53.271,31.0700,12
49793271213155,13:49:53.271,31.0700,4
49793271213155,13:49:53.271,31.0700,23
49793271296461,13:49:53.271,31.0700,77
49800110639076,13:50:00.110,31.0600,1
49959984546599,13:52:39.984,31.0900,3
50053647028771,13:54:13.647,31.1000,100
50053647028771,13:54:13.647,31.1000,77
50064660041108,13:54:24.660,31.1000,23
50064660041108,13:54:24.660,31.1000,77
50108592325224,13:55:08.592,31.1000,100
50258727475435,13:57:38.727,31.1100,3
50402721825030,14:00:02.721,31.0800,100
50402721825030,14:00:02.721,31.0800,22
50402759590614,14:00:02.759,31.0600,1
50402759590614,14:00:02.759,31.0600,1
50409148309322,14:00:09.148,31.1000,100
50413031037962,14:00:13.031,31.1000,5
50413031037962,14:00:13.031,31.1100,95
50413031095563,14:00:13.031,31.1100,2
50413031095563,14:00:13.031,31.1100,98
50413031115652,14:00:13.031,31.1100,2
50548639390609,14:02:28.639,31.2300,3
50759256244923,14:05:59.256,31.1800,100
50762656679435,14:06:02.656,31.2500,100
50862900465715,14:07:42.900,31.2500,3
50930260973965,14:08:50.260,31.1900,100
50930261030848,14:08:50.261,31.1900,27
50930262124827,14:08:50.262,31.1800,100
50930262381300,14:08:50.262,31.2000,1
50938749474287,14:08:58.749,31.1400,20
51264768595140,14:14:24.768,31.2300,5
51434677625802,14:17:14.677,31.2700,3
51749034732310,14:22:29.034,31.2600,2
51754010464370,14:22:34.010,31.2100,100
52039856796634,14:27:19.856,31.2500,3
52057891218506,14:27:37.891,31.2000,100
52057891447288,14:27:37.891,31.1900,100
52057891447288,14:27:37.891,31.1900,79
52057891454938,14:27:37.891,31.1900,21
52057892375723,14:27:37.892,31.2100,5
52057892385957,14:27:37.892,31.2100,95
52083064105261,14:28:03.064,31.2000,200
52513474122994,14:35:13.474,31.2500,10
52513474122994,14:35:13.474,31.2500,10
52535466772483,14:35:35.466,31.2000,100
52535466807459,14:35:35.466,31.2000,1
52535472569319,14:35:35.472,31.1900,100
52663013424603,14:37:43.013,31.2500,3
52955133814931,14:42:35.133,31.2400,3
53033023758056,14:43:53.023,31.2400,100
53216324720615,14:46:56.324,31.2500,100
53216327286175,14:46:56.327,31.2500,30
53216327304423,14:46:56.327,31.2500,70
53216379664037,14:46:56.379,31.2500,16
53248910858945,14:47:28.910,31.2600,3
53367146004867,14:49:27.146,31.2000,1
53521768865020,14:52:01.768,31.1500,100
53524382736752,14:52:04.382,31.1700,100
53542156300522,14:52:22.156,31.2000,100
53542390072989,14:52:22.390,31.2000,100
53561037466536,14:52:41.037,31.2300,3
54150662760433,15:02:30.662,31.2100,3
54521724717068,15:08:41.724,31.1700,15
54545771496291,15:09:05.771,31.1700,100
54552123244508,15:09:12.123,31.1700,100
54552123244508,15:09:12.123,31.1700,100
54612750751143,15:10:12.750,31.1700,100
54647149272299,15:10:47.149,31.1700,200
54647149525355,15:10:47.149,31.1600,30
54647149525924,15:10:47.149,31.1600,70
54647149530495,15:10:47.149,31.1500,1
54677881222500,15:11:17.881,31.1500,100
54734707905959,15:12:14.707,31.2000,3
54826170588318,15:13:46.170,31.1400,100
55057166579953,15:17:37.166,31.2100,3
55251384928161,15:20:51.384,31.1600,100
55251384928161,15:20:51.384,31.1500,1
55325225626734,15:22:05.225,31.1350,100
55325225675422,15:22:05.225,31.1300,78
55338837458667,15:22:18.837,31.1500,3
55790924551328,15:29:50.924,31.1400,3
56139015723310,15:35:39.015,31.1200,5
56139015723310,15:35:39.015,31.1300,100
56139015723310,15:35:39.015,31.1300,95
56139016101893,15:35:39.016,31.1300,5
56139016101893,15:35:39.016,31.1300,1
56139018489552,15:35:39.018,31.1400,100
56139022056450,15:35:39.022,31.1400,23
56139235967532,15:35:39.235,31.1500,100
56739613199524,15:45:39.613,31.1900,10
56739613199524,15:45:39.613,31.1900,90
56743794014039,15:45:43.794,31.1900,4
56747949339509,15:45:47.949,31.1900,6
56747949339509,15:45:47.949,31.1900,8
56899128351394,15:48:19.128,31.2000,100
56899128923113,15:48:19.128,31.1900,8
56899128933374,15:48:19.128,31.1900,30
56899128948185,15:48:19.128,31.1900,30
56899128955107,15:48:19.128,31.1900,32
56914324570128,15:48:34.324,31.1650,20
57011458764518,15:50:11.458,31.1600,100
57011458793707,15:50:11.458,31.1600,25
57011458821300,15:50:11.458,31.1600,75
57011459193830,15:50:11.459,31.1500,26
57011459288752,15:50:11.459,31.1500,26
57011459583701,15:50:11.459,31.1500,22
57011459615845,15:50:11.459,31.1500,4
57011459650296,15:50:11.459,31.1500,18
57162441936723,15:52:42.441,31.1600,100
57247314283095,15:54:07.314,31.1500,200
57247314283095,15:54:07.314,31.1500,100
57247314283095,15:54:07.314,31.1500,100
57247314847189,15:54:07.314,31.1400,20
57248588806426,15:54:08.588,31.1200,10
57292628460541,15:54:52.628,31.1100,3
57292628460541,15:54:52.628,31.1100,29
57292628460541,15:54:52.628,31.1100,68
57292628552268,15:54:52.628,31.1100,2
57331323332299,15:55:31.323,31.0900,31
57367305474439,15:56:07.305,31.0900,44
57469902163079,15:57:49.902,31.1000,73
57469902163079,15:57:49.902,31.1000,27
57469902794013,15:57:49.902,31.1000,44
57480271246506,15:58:00.271,31.1000,100
57533523441038,15:58:53.523,31.1100,100
57533523441038,15:58:53.523,31.1100,100
57533523441038,15:58:53.523,31.1100,14
57533523441038,15:58:53.523,31.1100,48
57533523441038,15:58:53.523,31.1100,38
57533524530639,15:58:53.524,31.1100,6
57533524530639,15:58:53.524,31.1100,88
57551449923384,15:59:11.449,31.1200,60
57555134727039,15:59:15.134,31.1200,40
57555134727039,15:59:15.134,31.1200,60
57555134812936,15:59:15.134,31.1200,40
57555134812936,15:59:15.134,31.1200,20
57559114211248,15:59:19.114,31.1400,14
57596699671224,15:59:56.699,31.1200,115
57596699671224,15:59:56.699,31.1200,85
57600355321499,16:00:00.355,31.1300,10778
