timestamp,time,price,volume
34200830872757,09:30:00.830,0.0000,0
34201139476123,09:30:01.139,50.5800,100
34210004202585,09:30:10.004,50.5500,39
34219606212405,09:30:19.606,50.5200,55
34230000528003,09:30:30.000,50.5100,100
34230000528003,09:30:30.000,50.5100,100
34230001640812,09:30:30.001,50.5000,500
34230001732508,09:30:30.001,50.5000,1100
34230002516425,09:30:30.002,50.5000,100
34230002608853,09:30:30.002,50.5100,100
34230030808214,09:30:30.030,50.5200,98
34230851644952,09:30:30.851,50.5300,100
34230851644952,09:30:30.851,50.5300,100
34254970512239,09:30:54.970,50.5400,100
34254970512239,09:30:54.970,50.5400,100
34254970519102,09:30:54.970,50.5400,100
34262544937098,09:31:02.544,50.5500,100
34266389400809,09:31:06.389,50.5400,100
34266389400809,09:31:06.389,50.5400,100
34266389400809,09:31:06.389,50.5400,82
34266389403013,09:31:06.389,50.5400,536
34266389428938,09:31:06.389,50.5400,388
34266390003672,09:31:06.390,50.5400,994
34266396184166,09:31:06.396,50.5400,100
34266396184166,09:31:06.396,50.5400,100
34266646187342,09:31:06.646,50.5400,100
34269200362805,09:31:09.200,50.5400,100
34269200362805,09:31:09.200,50.5400,100
34283863958398,09:31:23.863,50.5400,200
34291997023580,09:31:31.997,50.5500,100
34291997023580,09:31:31.997,50.5500,100
34291997023580,09:31:31.997,50.5500,100
34292021193799,09:31:32.021,50.5500,500
34292021193799,09:31:32.021,50.5500,700
34292030318047,09:31:32.030,50.5500,100
34292137894193,09:31:32.137,50.5500,156
34292137925516,09:31:32.137,50.5500,28
34293081252510,09:31:33.081,50.5500,600
34293081252510,09:31:33.081,50.5500,100
34308524535488,09:31:48.524,50.5400,200
34308524535488,09:31:48.524,50.5400,37
34309238892923,09:31:49.238,50.5400,363
34309238892923,09:31:49.238,50.5400,100
34315707175013,09:31:55.707,50.5400,72
34315707199726,09:31:55.707,50.5400,128
34315707199726,09:31:55.707,50.5400,267
34317212165500,09:31:57.212,50.5300,100
34317212165500,09:31:57.212,50.5300,22
34317212165500,09:31:57.212,50.5300,17
34317212165500,09:31:57.212,50.5300,22
34317216088728,09:31:57.216,50.5300,200
34317216088728,09:31:57.216,50.5300,800
34317216088728,09:31:57.216,50.5300,1700
34317216088728,09:31:57.216,50.5300,200
34317216088728,09:31:57.216,50.5300,300
34317216088728,09:31:57.216,50.5300,100
34317216088728,09:31:57.216,50.5300,100
34317216088728,09:31:57.216,50.5300,700
34317216306403,09:31:57.216,50.5300,1
34317216331809,09:31:57.216,50.5300,99
34317216331809,09:31:57.216,50.5300,800
34317216331809,09:31:57.216,50.5300,700
34320247923242,09:32:00.247,50.5400,100
34320247923242,09:32:00.247,50.5400,100
34320247923242,09:32:00.247,50.5400,100
34323950982718,09:32:03.950,50.5500,100
34323950982718,09:32:03.950,50.5500,100
34323950982718,09:32:03.950,50.5500,700
34323950982718,09:32:03.950,50.5500,600
34323954807240,09:32:03.954,50.5500,100
34323961182963,09:32:03.961,50.5500,400
34327059829043,09:32:07.059,50.5800,2
34327502460424,09:32:07.502,50.5800,21
34327504560690,09:32:07.504,50.5800,100
34327515199943,09:32:07.515,50.5800,1
34329580949765,09:32:09.580,50.5700,900
34337320566364,09:32:17.320,50.5700,100
34337966084831,09:32:17.966,50.5700,900
34345861204488,09:32:25.861,50.5600,100
34346362153724,09:32:26.362,50.5600,100
34346872330166,09:32:26.872,50.5600,200
34346872330166,09:32:26.872,50.5600,1000
34346872330166,09:32:26.872,50.5600,1500
34346881624610,09:32:26.881,50.5600,100
34347803667765,09:32:27.803,50.5700,200
34347803667765,09:32:27.803,50.5700,900
34352565327063,09:32:32.565,50.5900,100
34352565366430,09:32:32.565,50.5900,200
34370011722317,09:32:50.011,50.5800,1000
34370858853527,09:32:50.858,50.5900,100
34371361063720,09:32:51.361,50.5900,1000
34371361417140,09:32:51.361,50.5900,100
34371361541930,09:32:51.361,50.5900,271
34371361958562,09:32:51.361,50.5900,829
34371362069148,09:32:51.362,50.5900,100
34377334012054,09:32:57.334,50.5900,1100
34382946935324,09:33:02.946,50.5900,300
34389068020455,09:33:09.068,50.5950,100
34391185019668,09:33:11.185,50.5950,100
34391929029502,09:33:11.929,50.5950,200
34392560739869,09:33:12.560,50.5900,1100
34392560793108,09:33:12.560,50.5900,512
34392560793108,09:33:12.560,50.5900,100
34392560793108,09:33:12.560,50.5900,100
34398836808571,09:33:18.836,50.5800,1000
34401064271475,09:33:21.064,50.5800,325
34401064307254,09:33:21.064,50.5800,775
34407588770098,09:33:27.588,50.5800,100
34431665293517,09:33:51.665,50.5700,100
34434176807665,09:33:54.176,50.5700,97
34434176807665,09:33:54.176,50.5700,45
34434176913408,09:33:54.176,50.5700,16
34443376137223,09:34:03.376,50.5600,1100
34443376137223,09:34:03.376,50.5600,300
34443399069808,09:34:03.399,50.5600,200
34445034193400,09:34:05.034,50.5700,300
34445034398209,09:34:05.034,50.5700,500
34445037522091,09:34:05.037,50.5700,100
34445037646573,09:34:05.037,50.5700,200
34445037665098,09:34:05.037,50.5700,200
34445037665098,09:34:05.037,50.5700,100
34445037665098,09:34:05.037,50.5700,100
34445037665098,09:34:05.037,50.5700,100
34445038365383,09:34:05.038,50.5700,200
34445038568001,09:34:05.038,50.5700,200
34445038628664,09:34:05.038,50.5700,100
34445038681440,09:34:05.038,50.5700,200
34445039049589,09:34:05.039,50.5700,300
34445041891921,09:34:05.041,50.5700,300
34445042251858,09:34:05.042,50.5700,100
34445042251858,09:34:05.042,50.5700,100
34445042451879,09:34:05.042,50.5700,200
34445042489107,09:34:05.042,50.5700,152
34445042567883,09:34:05.042,50.5700,300
34445042578082,09:34:05.042,50.5700,148
34445042578082,09:34:05.042,50.5700,52
34445042792462,09:34:05.042,50.5700,48
34445042792462,09:34:05.042,50.5700,100
34445042792462,09:34:05.042,50.5700,52
34445042883066,09:34:05.042,50.5700,100
34445043070949,09:34:05.043,50.5700,100
34445043170601,09:34:05.043,50.5700,100
34445043230251,09:34:05.043,50.5700,48
34445043230251,09:34:05.043,50.5700,52
34445043243793,09:34:05.043,50.5700,100
34445043657565,09:34:05.043,50.5700,100
34445043789088,09:34:05.043,50.5700,48
34445043789088,09:34:05.043,50.5700,52
34445043950720,09:34:05.043,50.5700,48
34445043950720,09:34:05.043,50.5700,52
34445044105650,09:34:05.044,50.5700,100
34445044129914,09:34:05.044,50.5700,200
34445044137401,09:34:05.044,50.5700,100
34445044272766,09:34:05.044,50.5700,200
34445044401029,09:34:05.044,50.5700,200
34445044485860,09:34:05.044,50.5700,100
34445044730902,09:34:05.044,50.5700,200
34445045052309,09:34:05.045,50.5700,248
34445045052309,09:34:05.045,50.5700,152
34445045060515,09:34:05.045,50.5700,748
34445045060515,09:34:05.045,50.5700,100
34445045060515,09:34:05.045,50.5700,100
34445045060515,09:34:05.045,50.5700,600
34445045060515,09:34:05.045,50.5700,100
34445045060515,09:34:05.045,50.5700,100
34445045060515,09:34:05.045,50.5700,400
34469693946948,09:34:29.693,50.5600,1200
34495905799961,09:34:55.905,50.5600,1200
34495905799961,09:34:55.905,50.5600,83
34495905819728,09:34:55.905,50.5600,217
34497265959435,09:34:57.265,50.5600,300
34497265959435,09:34:57.265,50.5600,400
34497265959435,09:34:57.265,50.5600,174
34497267202699,09:34:57.267,50.5600,300
34497268681536,09:34:57.268,50.5600,100
34500930938974,09:35:00.930,50.5650,3
34500932474333,09:35:00.932,50.5650,100
34500933822846,09:35:00.933,50.5650,100
34503037632251,09:35:03.037,50.5700,300
34503037632251,09:35:03.037,50.5700,300
34507012101035,09:35:07.012,50.5700,1000
34507012501029,09:35:07.012,50.5700,624
34507012502775,09:35:07.012,50.5700,300
34507012518178,09:35:07.012,50.5700,76
34507012518178,09:35:07.012,50.5700,1021
34507012518178,09:35:07.012,50.5700,3
34507012523699,09:35:07.012,50.5700,200
34507012530270,09:35:07.012,50.5700,100
34507012539805,09:35:07.012,50.5700,200
34507012565981,09:35:07.012,50.5700,400
34509825344136,09:35:09.825,50.5700,2100
34509825344136,09:35:09.825,50.5700,1300
34509825385251,09:35:09.825,50.5700,400
34509825471302,09:35:09.825,50.5700,1000
34509826133199,09:35:09.826,50.5700,900
34509826134669,09:35:09.826,50.5700,100
34509826134669,09:35:09.826,50.5700,997
34509826623744,09:35:09.826,50.5700,40
34509827764070,09:35:09.827,50.5700,263
34509827764070,09:35:09.827,50.5700,300
34509827764070,09:35:09.827,50.5700,37
34509828597624,09:35:09.828,50.5700,463
34509828597624,09:35:09.828,50.5700,137
34509828877663,09:35:09.828,50.5700,100
34509832121833,09:35:09.832,50.5700,63
34509832121833,09:35:09.832,50.5700,200
34509832121833,09:35:09.832,50.5700,100
34509832637619,09:35:09.832,50.5700,636
34509837472514,09:35:09.837,50.5700,364
34509837472514,09:35:09.837,50.5700,432
34509837482541,09:35:09.837,50.5700,797
34509837603512,09:35:09.837,50.5700,571
34509837603512,09:35:09.837,50.5700,1500
34509837603512,09:35:09.837,50.5700,1300
34509838865861,09:35:09.838,50.5700,100
34515846611223,09:35:15.846,50.5600,1100
34516186162807,09:35:16.186,50.5600,100
34522196050976,09:35:22.196,50.5600,100
34532057904025,09:35:32.057,50.5500,800
34536620296208,09:35:36.620,50.5400,1
34551663092744,09:35:51.663,50.5400,400
34551663092744,09:35:51.663,50.5400,1500
34558088603659,09:35:58.088,50.5300,700
34560427985480,09:36:00.427,50.5300,1700
34560427985480,09:36:00.427,50.5300,700
34563074112781,09:36:03.074,50.5400,500
34563074112781,09:36:03.074,50.5400,300
34574926544266,09:36:14.926,50.5300,1056
34574926560107,09:36:14.926,50.5300,254
34574926617108,09:36:14.926,50.5300,200
34574926621243,09:36:14.926,50.5300,500
34583306425069,09:36:23.306,50.5400,768
34583306489100,09:36:23.306,50.5400,1132
34593861606165,09:36:33.861,50.5300,300
34637863121562,09:37:17.863,50.5700,1337
34637863179714,09:37:17.863,50.5700,163
34639802716100,09:37:19.802,50.5700,500
34639802716100,09:37:19.802,50.5700,400
34639802717770,09:37:19.802,50.5700,2000
34639802717770,09:37:19.802,50.5700,1500
34651246407950,09:37:31.246,50.5700,400
34651246407950,09:37:31.246,50.5700,400
34651246407950,09:37:31.246,50.5700,100
34651246407950,09:37:31.246,50.5700,300
34651246407950,09:37:31.246,50.5700,1000
34651246407950,09:37:31.246,50.5700,100
34651246490655,09:37:31.246,50.5700,1000
34651836573044,09:37:31.836,50.5600,1104
34651836590178,09:37:31.836,50.5600,624
34651836605588,09:37:31.836,50.5600,572
34651836605588,09:37:31.836,50.5600,100
34661884954375,09:37:41.884,50.5600,726
34670199986277,09:37:50.199,50.5500,400
34670199986277,09:37:50.199,50.5500,300
34670199986277,09:37:50.199,50.5500,221
34677627268581,09:37:57.627,50.5600,1100
34677627315172,09:37:57.627,50.5600,1500
34680870909887,09:38:00.870,50.5700,1500
34682459648637,09:38:02.459,50.5800,200
34682459648637,09:38:02.459,50.5800,77
34682459658552,09:38:02.459,50.5800,25
34682459687057,09:38:02.459,50.5800,300
34682474334118,09:38:02.474,50.5800,400
34682474336186,09:38:02.474,50.5800,1100
34682474336186,09:38:02.474,50.5800,1500
34693580082858,09:38:13.580,50.5750,42
34693948440885,09:38:13.948,50.5800,2800
34693948440885,09:38:13.948,50.5800,1500
34705194678581,09:38:25.194,50.5800,1000
34721549075898,09:38:41.549,50.5700,48
34721549075898,09:38:41.549,50.5700,48
34722239028316,09:38:42.239,50.5700,787
34722239097919,09:38:42.239,50.5700,213
34722239097919,09:38:42.239,50.5700,521
34722239242767,09:38:42.239,50.5700,2379
34726542464212,09:38:46.542,50.5750,200
34726542464212,09:38:46.542,50.5750,500
34726542464212,09:38:46.542,50.5750,100
34726542464212,09:38:46.542,50.5750,100
34726543932862,09:38:46.543,50.5750,100
34734111696170,09:38:54.111,50.5800,100
34734111698151,09:38:54.111,50.5800,1371
34734111852852,09:38:54.111,50.5800,29
34734124382364,09:38:54.124,50.5800,1100
34734124791686,09:38:54.124,50.5800,400
34734124791686,09:38:54.124,50.5800,981
34734124828342,09:38:54.124,50.5800,29
34734280456364,09:38:54.280,50.5800,2690
34740784356507,09:39:00.784,50.5900,200
34740784356507,09:39:00.784,50.5900,1000
34740784404451,09:39:00.784,50.5900,500
34740784404451,09:39:00.784,50.5900,1200
34740784425122,09:39:00.784,50.5900,100
34740784645615,09:39:00.784,50.5900,200
34740784645615,09:39:00.784,50.5900,1500
34740784645615,09:39:00.784,50.5900,1500
34772906382586,09:39:32.906,50.5900,100
34772906382586,09:39:32.906,50.5900,2115
34772906960380,09:39:32.906,50.5900,1048
34772907219827,09:39:32.907,50.5900,452
34772907219827,09:39:32.907,50.5900,43
34775450252578,09:39:35.450,50.5900,1059
34834362995314,09:40:34.362,50.5900,1000
34834362995314,09:40:34.362,50.5900,200
34834362995314,09:40:34.362,50.5900,1
34834363042794,09:40:34.363,50.5900,600
34834363051493,09:40:34.363,50.5900,558
34843706254100,09:40:43.706,50.5800,842
34845136939905,09:40:45.136,50.5800,100
34851405532896,09:40:51.405,50.5800,16
34851425970728,09:40:51.425,50.5800,6
34851435741940,09:40:51.435,50.5800,8
34852554860507,09:40:52.554,50.5800,359
34858551818709,09:40:58.551,50.5700,3000
34858551818709,09:40:58.551,50.5700,152
34858551818709,09:40:58.551,50.5700,88
34872869878807,09:41:12.869,50.5600,2050
34872869957351,09:41:12.869,50.5600,347
34882726402980,09:41:22.726,50.5500,2050
34906115785587,09:41:46.115,50.5400,100
34906115785587,09:41:46.115,50.5400,3700
34914302672797,09:41:54.302,50.5300,100
34914302689407,09:41:54.302,50.5300,100
34925050228210,09:42:05.050,50.5300,45
34925050277610,09:42:05.050,50.5300,570
34950887386404,09:42:30.887,50.5300,680
34957574045295,09:42:37.574,50.5300,1
34957574045295,09:42:37.574,50.5300,100
34976157720165,09:42:56.157,50.5300,800
34989630676957,09:43:09.630,50.5400,100
34998170640429,09:43:18.170,50.5400,100
35017158537539,09:43:37.158,50.5400,1000
35017158580960,09:43:37.158,50.5400,600
35017158690113,09:43:37.158,50.5400,768
35017158709495,09:43:37.158,50.5400,632
35021453470273,09:43:41.453,50.5300,1000
35021453470273,09:43:41.453,50.5300,100
35021453528413,09:43:41.453,50.5300,100
35042705925558,09:44:02.705,50.5300,100
35047802049122,09:44:07.802,50.5100,100
35047802049122,09:44:07.802,50.5100,200
35047802049122,09:44:07.802,50.5100,300
35047802049122,09:44:07.802,50.5100,100
35050079862582,09:44:10.079,50.5100,100
35076257977531,09:44:36.257,50.5100,1
35094364994410,09:44:54.364,50.5100,100
35106395050964,09:45:06.395,50.5300,164
35106395088214,09:45:06.395,50.5300,500
35106395136355,09:45:06.395,50.5300,336
35106395266310,09:45:06.395,50.5300,500
35122316319224,09:45:22.316,50.5400,1300
35128232883926,09:45:28.232,50.5400,100
35128232920810,09:45:28.232,50.5400,772
35128232925086,09:45:28.232,50.5400,1282
35171528434935,09:46:11.528,50.5300,35
35171528434935,09:46:11.528,50.5300,1960
35201756099028,09:46:41.756,50.5200,100
35207261553005,09:46:47.261,50.5200,100
35207261553005,09:46:47.261,50.5200,100
35216684556269,09:46:56.684,50.5300,100
35218139141393,09:46:58.139,50.5300,1
35245956995398,09:47:25.956,50.5200,600
35245956995398,09:47:25.956,50.5200,100
35245956995398,09:47:25.956,50.5200,100
35245956995398,09:47:25.956,50.5200,800
35245956995398,09:47:25.956,50.5200,722
35245956995398,09:47:25.956,50.5200,1500
35253674543427,09:47:33.674,50.5200,199
35276408948123,09:47:56.408,50.5100,60
35277684227612,09:47:57.684,50.5100,100
35287889649362,09:48:07.889,50.5000,100
35294535283057,09:48:14.535,50.4900,3648
35294535325108,09:48:14.535,50.4900,152
35294535325108,09:48:14.535,50.4900,900
35294535325108,09:48:14.535,50.4900,25
35303608582289,09:48:23.608,50.5000,84
35303608582289,09:48:23.608,50.5000,85
35314161070679,09:48:34.161,50.5000,1100
35314161096679,09:48:34.161,50.5000,3600
35330634439375,09:48:50.634,50.4900,100
35330634439375,09:48:50.634,50.4900,100
35330634439375,09:48:50.634,50.4900,100
35330634439375,09:48:50.634,50.4900,6
35330638461435,09:48:50.638,50.4800,1400
35330638461435,09:48:50.638,50.4800,100
35330638461435,09:48:50.638,50.4800,100
35330638461435,09:48:50.638,50.4800,100
35330638461435,09:48:50.638,50.4800,300
35330648163400,09:48:50.648,50.4800,600
35330650585203,09:48:50.650,50.4800,800
35336287710793,09:48:56.287,50.4900,100
35336287710793,09:48:56.287,50.4900,441
35349360910488,09:49:09.360,50.4900,1030
35465148361632,09:51:05.148,50.5000,100
35476340314342,09:51:16.340,50.5100,342
35476340392732,09:51:16.340,50.5100,200
35476340407429,09:51:16.340,50.5100,400
35476340486614,09:51:16.340,50.5100,600
35476340529892,09:51:16.340,50.5100,400
35476340608780,09:51:16.340,50.5100,500
35476340619820,09:51:16.340,50.5100,558
35483255641853,09:51:23.255,50.5100,100
35483255641853,09:51:23.255,50.5100,100
35498854909985,09:51:38.854,50.5000,100
35501363987654,09:51:41.363,50.5000,100
35512056254041,09:51:52.056,50.5000,133
35512056746398,09:51:52.056,50.5000,797
35512056775131,09:51:52.056,50.5000,200
35512057320162,09:51:52.057,50.5000,3670
35543534981440,09:52:23.534,50.4800,200
35560799546831,09:52:40.799,50.4700,1
35612098558537,09:53:32.098,50.4700,100
35612098562661,09:53:32.098,50.4700,100
35612098567774,09:53:32.098,50.4700,100
35616129777228,09:53:36.129,50.4700,200
35616130403569,09:53:36.130,50.4700,1500
35630622158145,09:53:50.622,50.4700,100
35704102005081,09:55:04.102,50.4850,700
35709793010467,09:55:09.793,50.4850,600
35713819559990,09:55:13.819,50.4900,100
35715011108245,09:55:15.011,50.4900,4600
35715011683633,09:55:15.011,50.4900,200
35715011683633,09:55:15.011,50.4900,1500
35742163531902,09:55:42.163,50.4900,100
35752416488185,09:55:52.416,50.4800,100
35763888246810,09:56:03.888,50.4700,100
35763888246810,09:56:03.888,50.4700,1050
35763888288806,09:56:03.888,50.4700,100
35772946643683,09:56:12.946,50.4600,100
35785037179711,09:56:25.037,50.4600,200
35806652715561,09:56:46.652,50.4600,100
35807115819773,09:56:47.115,50.4650,29
35808953320045,09:56:48.953,50.4600,200
35808953320045,09:56:48.953,50.4600,1
35863422363092,09:57:43.422,50.4500,100
35880719252372,09:58:00.719,50.4400,500
35880719252372,09:58:00.719,50.4400,869
35880719289049,09:58:00.719,50.4400,1282
35880720315591,09:58:00.720,50.4400,1283
35917983396553,09:58:37.983,50.4300,100
35917983396553,09:58:37.983,50.4300,100
35924610023041,09:58:44.610,50.4350,100
35946306919851,09:59:06.306,50.4300,1
35990049235438,09:59:50.049,50.4200,448
35990049256956,09:59:50.049,50.4200,797
35996396808032,09:59:56.396,50.4200,100
35996396808032,09:59:56.396,50.4200,500
35996396850868,09:59:56.396,50.4200,1000
35996396850868,09:59:56.396,50.4200,1000
35996397411660,09:59:56.397,50.4200,500
35996397411660,09:59:56.397,50.4200,600
35996397441053,09:59:56.397,50.4200,200
35996397527752,09:59:56.397,50.4200,500
35996399828107,09:59:56.399,50.4200,200
35996399828107,09:59:56.399,50.4200,200
35996400143959,09:59:56.400,50.4200,100
36008504517298,10:00:08.504,50.4200,100
36008504591941,10:00:08.504,50.4200,1100
36008504770378,10:00:08.504,50.4200,2600
36008504770378,10:00:08.504,50.4200,100
36010935240655,10:00:10.935,50.4100,100
36010935240655,10:00:10.935,50.4100,38
36010935240655,10:00:10.935,50.4100,1762
36027535687817,10:00:27.535,50.4200,100
36074308521832,10:01:14.308,50.4300,100
36139891955252,10:02:19.891,50.4200,848
36139891996082,10:02:19.891,50.4200,1255
36139892271932,10:02:19.892,50.4200,615
36139892642935,10:02:19.892,50.4200,1000
36139893033116,10:02:19.893,50.4200,100
36140275988230,10:02:20.275,50.4200,800
36140276542195,10:02:20.276,50.4200,1200
36147678293373,10:02:27.678,50.4200,300
36148177239660,10:02:28.177,50.4200,300
36157163333106,10:02:37.163,50.4200,200
36157163333106,10:02:37.163,50.4200,300
36157655296697,10:02:37.655,50.4200,800
36158160350177,10:02:38.160,50.4200,300
36158655260376,10:02:38.655,50.4200,800
36159155013966,10:02:39.155,50.4200,800
36159155391452,10:02:39.155,50.4200,75
36159655495949,10:02:39.655,50.4200,800
36166686642982,10:02:46.686,50.4000,800
36166686642982,10:02:46.686,50.3900,100
36166686642982,10:02:46.686,50.3900,100
36166686642982,10:02:46.686,50.3900,500
36166686642982,10:02:46.686,50.3900,100
36166686642982,10:02:46.686,50.3900,100
36166686642982,10:02:46.686,50.3900,1000
36166686642982,10:02:46.686,50.3900,1100
36166705713215,10:02:46.705,50.3900,200
36166705713215,10:02:46.705,50.3900,1863
36166888209408,10:02:46.888,50.3900,100
36166888209408,10:02:46.888,50.3900,100
36166888209408,10:02:46.888,50.3900,100
36166888209408,10:02:46.888,50.3900,100
36167640568037,10:02:47.640,50.3900,200
36169656152712,10:02:49.656,50.3800,100
36169656152712,10:02:49.656,50.3800,100
36169656152712,10:02:49.656,50.3800,200
36175706768972,10:02:55.706,50.3900,100
36181182406034,10:03:01.182,50.3900,100
36241343808582,10:04:01.343,50.3900,100
36241343890736,10:04:01.343,50.3900,100
36249505447573,10:04:09.505,50.3900,200
36249505447573,10:04:09.505,50.3900,35
36249505447573,10:04:09.505,50.3900,100
36249505447573,10:04:09.505,50.3900,100
36249505447573,10:04:09.505,50.3900,24
36267411131947,10:04:27.411,50.3800,100
36267411177238,10:04:27.411,50.3800,147
36267411177238,10:04:27.411,50.3800,153
36267411217171,10:04:27.411,50.3800,100
36267411219998,10:04:27.411,50.3800,1200
36267411251859,10:04:27.411,50.3800,951
36267411280687,10:04:27.411,50.3800,947
36267411286937,10:04:27.411,50.3800,49
36267411286937,10:04:27.411,50.3800,51
36267411343221,10:04:27.411,50.3800,49
36267411343221,10:04:27.411,50.3800,51
36267411406394,10:04:27.411,50.3800,49
36293682615725,10:04:53.682,50.3700,900
36311148182211,10:05:11.148,50.3600,100
36311148182211,10:05:11.148,50.3600,100
36311636597060,10:05:11.636,50.3600,100
36311636597060,10:05:11.636,50.3600,100
36344169122613,10:05:44.169,50.3700,1500
36344279973477,10:05:44.279,50.3700,200
36344280062383,10:05:44.280,50.3700,400
36370857013259,10:06:10.857,50.3650,200
36378609202530,10:06:18.609,50.3700,1500
36387641836671,10:06:27.641,50.3800,1200
36387641909732,10:06:27.641,50.3800,300
36421732196886,10:07:01.732,50.3800,100
36421732196886,10:07:01.732,50.3800,4300
36423098176037,10:07:03.098,50.3800,100
36423098176037,10:07:03.098,50.3800,600
36423098176037,10:07:03.098,50.3800,10000
36423098176037,10:07:03.098,50.3800,100
36423098176037,10:07:03.098,50.3800,100
36423098176037,10:07:03.098,50.3800,800
36423098176037,10:07:03.098,50.3800,6300
36423098176037,10:07:03.098,50.3800,4000
36448292660319,10:07:28.292,50.3600,300
36448293055522,10:07:28.293,50.3600,400
36448786789890,10:07:28.786,50.3600,300
36449285855673,10:07:29.285,50.3600,100
36449789319569,10:07:29.789,50.3600,100
36449789346390,10:07:29.789,50.3600,5000
36449789346390,10:07:29.789,50.3600,1
36494517757257,10:08:14.517,50.3600,100
36520598171242,10:08:40.598,50.3600,1100
36520598248565,10:08:40.598,50.3600,1600
36520598268922,10:08:40.598,50.3600,400
36520598284446,10:08:40.598,50.3600,600
36520598284446,10:08:40.598,50.3600,100
36543698786339,10:09:03.698,50.3600,200
36543698786339,10:09:03.698,50.3600,200
36546719695378,10:09:06.719,50.3600,100
36552947044248,10:09:12.947,50.3500,100
36552947044248,10:09:12.947,50.3500,100
36552947044248,10:09:12.947,50.3500,100
36559718379044,10:09:19.718,50.3500,400
36559718677295,10:09:19.718,50.3500,100
36560362955961,10:09:20.362,50.3550,200
36560362955961,10:09:20.362,50.3550,200
36560367405672,10:09:20.367,50.3550,200
36579841117395,10:09:39.841,50.3600,100
36624536167055,10:10:24.536,50.3700,1
36624536167055,10:10:24.536,50.3700,100
36635910128078,10:10:35.910,50.3600,100
36691376248895,10:11:31.376,50.3700,100
36700831529908,10:11:40.831,50.3800,200
36711325656118,10:11:51.325,50.4000,100
36711325656118,10:11:51.325,50.4000,100
36711325702115,10:11:51.325,50.4000,49
36759219113948,10:12:39.219,50.4000,700
36759219141417,10:12:39.219,50.4000,4413
36759219158945,10:12:39.219,50.4000,687
36759219158945,10:12:39.219,50.4000,544
36759219185116,10:12:39.219,50.4000,700
36759219227491,10:12:39.219,50.4000,200
36759219256849,10:12:39.219,50.4000,56
36759219876547,10:12:39.219,50.4000,200
36759221230493,10:12:39.221,50.4000,1100
36759221269464,10:12:39.221,50.4000,700
36760948336990,10:12:40.948,50.4000,100
36760948336990,10:12:40.948,50.4000,100
36760948336990,10:12:40.948,50.4000,1
36760948336990,10:12:40.948,50.4000,430
36766137067554,10:12:46.137,50.3900,1030
36766137067554,10:12:46.137,50.3900,100
36766137067554,10:12:46.137,50.3900,100
36766137067554,10:12:46.137,50.3900,36
36780807078939,10:13:00.807,50.3900,100
36780807078939,10:13:00.807,50.3900,100
36785063522590,10:13:05.063,50.3900,100
36785063522590,10:13:05.063,50.3900,100
36794682277028,10:13:14.682,50.3900,50
36815428466006,10:13:35.428,50.3900,535
36815428548250,10:13:35.428,50.3900,500
36815428548250,10:13:35.428,50.3900,754
36815428589697,10:13:35.428,50.3900,526
36815428611070,10:13:35.428,50.3900,2100
36815428642901,10:13:35.428,50.3900,320
36911311215815,10:15:11.311,50.3900,1200
36911311232061,10:15:11.311,50.3900,900
36911311264583,10:15:11.311,50.3900,300
36911311438609,10:15:11.311,50.3900,400
36911311930306,10:15:11.311,50.3900,973
36911312238582,10:15:11.312,50.3900,127
36911312238582,10:15:11.312,50.3900,1
36911312238582,10:15:11.312,50.3900,100
36934495897634,10:15:34.495,50.3800,100
36934495897634,10:15:34.495,50.3800,7000
36934495897634,10:15:34.495,50.3800,968
36934495897634,10:15:34.495,50.3800,500
36934495897634,10:15:34.495,50.3800,200
36934495897634,10:15:34.495,50.3800,100
36940258716187,10:15:40.258,50.3800,200
36943522300200,10:15:43.522,50.3900,100
36943522300200,10:15:43.522,50.3900,100
36956199903325,10:15:56.199,50.3900,6300
36956199903325,10:15:56.199,50.3900,1700
36956199915039,10:15:56.199,50.3900,2019
36956199934558,10:15:56.199,50.3900,1254
36956199948952,10:15:56.199,50.3900,1255
36956199965306,10:15:56.199,50.3900,400
36956199985418,10:15:56.199,50.3900,72
36956199985418,10:15:56.199,50.3900,100
36956199985418,10:15:56.199,50.3900,119
36956199994278,10:15:56.199,50.3900,100
36967397614139,10:16:07.397,50.3900,1030
36967397614139,10:16:07.397,50.3900,100
36967397614139,10:16:07.397,50.3900,70
36967397899913,10:16:07.397,50.3900,30
36982630537327,10:16:22.630,50.3900,100
37005573257549,10:16:45.573,50.3900,100
37005573257549,10:16:45.573,50.3900,200
37005573257549,10:16:45.573,50.3900,836
37005573399875,10:16:45.573,50.3900,600
37032993067282,10:17:12.993,50.3800,100
37042162372353,10:17:22.162,50.3700,6
37076103083819,10:17:56.103,50.3700,1
37087386670427,10:18:07.386,50.3600,19
37087386673692,10:18:07.386,50.3600,81
37108492951182,10:18:28.492,50.3500,3400
37111868571311,10:18:31.868,50.3500,36
37111868571311,10:18:31.868,50.3500,100
37142870408703,10:19:02.870,50.3500,100
37165600919866,10:19:25.600,50.3500,100
37165600919866,10:19:25.600,50.3500,200
37165600927856,10:19:25.600,50.3500,100
37165600927856,10:19:25.600,50.3500,100
37165600927856,10:19:25.600,50.3500,100
37171262230384,10:19:31.262,50.3500,200
37171262230384,10:19:31.262,50.3500,1000
37173780838519,10:19:33.780,50.3550,46
37178029060587,10:19:38.029,50.3600,100
37192434973447,10:19:52.434,50.3550,200
37192435968525,10:19:52.435,50.3550,100
37244237447860,10:20:44.237,50.3600,331
37244237469396,10:20:44.237,50.3600,269
37244237469396,10:20:44.237,50.3600,986
37244237511793,10:20:44.237,50.3600,977
37244237538378,10:20:44.237,50.3600,923
37266494080267,10:21:06.494,50.3700,100
37266494080267,10:21:06.494,50.3700,100
37273265312871,10:21:13.265,50.3600,100
37278919605516,10:21:18.919,50.3600,800
37278919605516,10:21:18.919,50.3600,8900
37278919605516,10:21:18.919,50.3600,100
37283808207933,10:21:23.808,50.3700,1279
37283808247432,10:21:23.808,50.3700,700
37366402717571,10:22:46.402,50.3900,500
37366402717571,10:22:46.402,50.3900,200
37380919873090,10:23:00.919,50.3800,1
37380919917187,10:23:00.919,50.3800,3
37380920254723,10:23:00.920,50.3800,1000
37396753164901,10:23:16.753,50.3800,400
37413118976003,10:23:33.118,50.3800,100
37441069353496,10:24:01.069,50.3800,3
37446730741306,10:24:06.730,50.3800,100
37461122357327,10:24:21.122,50.3800,58
37461122737650,10:24:21.122,50.3800,150
37502290122877,10:25:02.290,50.3800,100
37508824643363,10:25:08.824,50.3850,200
37508824643363,10:25:08.824,50.3850,100
37508824643363,10:25:08.824,50.3850,200
37508827841421,10:25:08.827,50.3850,200
37508827841421,10:25:08.827,50.3850,100
37508827841421,10:25:08.827,50.3850,100
37508827841421,10:25:08.827,50.3850,100
37508827841421,10:25:08.827,50.3850,100
37508834006798,10:25:08.834,50.3850,300
37526494149324,10:25:26.494,50.3900,997
37526494590946,10:25:26.494,50.3900,200
37546560861494,10:25:46.560,50.3900,100
37546560861494,10:25:46.560,50.3900,100
37574317996131,10:26:14.317,50.4000,36
37599249579947,10:26:39.249,50.4000,300
37599249579947,10:26:39.249,50.4000,200
37693660893933,10:28:13.660,50.3900,100
37732417183866,10:28:52.417,50.3900,100
37732417183866,10:28:52.417,50.3900,3004
37732417214561,10:28:52.417,50.3900,4696
37732417214561,10:28:52.417,50.3900,100
37732417214561,10:28:52.417,50.3900,100
37732417214561,10:28:52.417,50.3900,500
37732417214561,10:28:52.417,50.3900,400
37732417214561,10:28:52.417,50.3900,300
37732417214561,10:28:52.417,50.3900,800
37744238792386,10:29:04.238,50.3900,100
37797746097923,10:29:57.746,50.3900,54
37826020499969,10:30:26.020,50.4100,100
37829527792923,10:30:29.527,50.4100,100
37856641674399,10:30:56.641,50.4100,15
37882238052223,10:31:22.238,50.4100,100
37943492567688,10:32:23.492,50.4200,100
37965425313505,10:32:45.425,50.4300,100
37987708538551,10:33:07.708,50.4350,41
38035046040454,10:33:55.046,50.4450,200
38043119039364,10:34:03.119,50.4450,200
38043119040714,10:34:03.119,50.4450,200
38043619033612,10:34:03.619,50.4450,200
38062103435883,10:34:22.103,50.4400,100
38062103435883,10:34:22.103,50.4400,600
38062103625301,10:34:22.103,50.4400,1
38062103625301,10:34:22.103,50.4400,460
38063498295747,10:34:23.498,50.4400,200
38068356963416,10:34:28.356,50.4400,100
38073536730972,10:34:33.536,50.4400,2027
38086498673857,10:34:46.498,50.4400,100
38143266143607,10:35:43.266,50.4500,600
38143266168270,10:35:43.266,50.4500,5000
38143266168270,10:35:43.266,50.4500,5600
38143266168270,10:35:43.266,50.4500,120
38154281913852,10:35:54.281,50.4500,1380
38154282566163,10:35:54.282,50.4500,64
38154282702350,10:35:54.282,50.4500,700
38154282768783,10:35:54.282,50.4500,500
38154282856432,10:35:54.282,50.4500,236
38205658639189,10:36:45.658,50.4600,1500
38205658639189,10:36:45.658,50.4600,550
38210480563263,10:36:50.480,50.4600,238
38210499348991,10:36:50.499,50.4600,712
38210499348991,10:36:50.499,50.4600,515
38210499351757,10:36:50.499,50.4600,985
38234288471632,10:37:14.288,50.4600,100
38242523305446,10:37:22.523,50.4500,72
38242523305446,10:37:22.523,50.4500,740
38272751780382,10:37:52.751,50.4300,332
38277922562563,10:37:57.922,50.4300,100
38284563041786,10:38:04.563,50.4350,1100
38284563043137,10:38:04.563,50.4350,300
38290770270928,10:38:10.770,50.4400,100
38293422320873,10:38:13.422,50.4400,1100
38293422353084,10:38:13.422,50.4400,37
38293422372601,10:38:13.422,50.4400,263
38293422372601,10:38:13.422,50.4400,500
38295458037093,10:38:15.458,50.4450,300
38298322890866,10:38:18.322,50.4500,205
38298322893826,10:38:18.322,50.4500,797
38298351171083,10:38:18.351,50.4500,100
38298351216316,10:38:18.351,50.4500,1000
38298351260700,10:38:18.351,50.4500,400
38306128019454,10:38:26.128,50.4550,200
38328994698878,10:38:48.994,50.4600,100
38342133520124,10:39:02.133,50.4700,500
38342138049063,10:39:02.138,50.4700,1000
38359979971462,10:39:19.979,50.4700,800
38359979971462,10:39:19.979,50.4700,24
38375169850553,10:39:35.169,50.4600,26
38401052317182,10:40:01.052,50.4700,200
38444801653634,10:40:44.801,50.4800,100
38444801653634,10:40:44.801,50.4800,35
38463427673756,10:41:03.427,50.4700,100
38463427728325,10:41:03.427,50.4700,1
38463427728325,10:41:03.427,50.4700,500
38463427728325,10:41:03.427,50.4700,200
38469208890261,10:41:09.208,50.4600,100
38492319531047,10:41:32.319,50.4600,100
38524566330235,10:42:04.566,50.4600,500
38551016850984,10:42:31.016,50.4500,100
38606083183975,10:43:26.083,50.4600,700
38656228690251,10:44:16.228,50.4700,1500
38657474769327,10:44:17.474,50.4750,1500
38657474769327,10:44:17.474,50.4800,300
38660567136164,10:44:20.567,50.4800,1
38695792832485,10:44:55.792,50.4900,1226
38695792930311,10:44:55.792,50.4900,274
38730377844077,10:45:30.377,50.4900,100
38817214786981,10:46:57.214,50.4900,100
38817214786981,10:46:57.214,50.4900,125
38822491067998,10:47:02.491,50.4800,2036
38822491076371,10:47:02.491,50.4800,4864
38866628398080,10:47:46.628,50.4700,200
38866628491811,10:47:46.628,50.4700,400
38866628534394,10:47:46.628,50.4700,207
38890830652388,10:48:10.830,50.4600,586
38936231954072,10:48:56.231,50.4600,100
38936231954072,10:48:56.231,50.4600,200
38944429227312,10:49:04.429,50.4600,1
38960322848599,10:49:20.322,50.4600,35
38975309645580,10:49:35.309,50.4600,100
39010529004670,10:50:10.529,50.4500,35
39017553912781,10:50:17.553,50.4600,1000
39111607190856,10:51:51.607,50.4600,35
39111607190856,10:51:51.607,50.4600,465
39111608221430,10:51:51.608,50.4600,200
39121179037511,10:52:01.179,50.4600,100
39155870535500,10:52:35.870,50.4600,15
39179281666081,10:52:59.281,50.4500,100
39179281666081,10:52:59.281,50.4500,100
39179281666081,10:52:59.281,50.4500,1717
39179281686279,10:52:59.281,50.4500,1400
39179281702874,10:52:59.281,50.4500,183
39187308501555,10:53:07.308,50.4400,37
39187308501555,10:53:07.308,50.4400,726
39187308501555,10:53:07.308,50.4400,400
39187308501555,10:53:07.308,50.4400,400
39187308501555,10:53:07.308,50.4400,3200
39212555466276,10:53:32.555,50.4300,100
39308627337642,10:55:08.627,50.4400,100
39379745671349,10:56:19.745,50.4500,100
39379745671349,10:56:19.745,50.4500,100
39379745671349,10:56:19.745,50.4500,1600
39379745671349,10:56:19.745,50.4500,3300
39379745671349,10:56:19.745,50.4500,600
39379745671349,10:56:19.745,50.4500,1400
39379745671349,10:56:19.745,50.4500,6300
39379745671349,10:56:19.745,50.4500,830
39379745671349,10:56:19.745,50.4500,718
39379745671349,10:56:19.745,50.4500,100
39379745671349,10:56:19.745,50.4500,100
39384446807453,10:56:24.446,50.4500,4900
39384446807453,10:56:24.446,50.4500,1200
39384446807453,10:56:24.446,50.4500,100
39384446807453,10:56:24.446,50.4500,800
39384446807453,10:56:24.446,50.4500,1500
39384446807453,10:56:24.446,50.4500,6400
39384447281038,10:56:24.447,50.4500,100
39386902603641,10:56:26.902,50.4500,3100
39386902603641,10:56:26.902,50.4500,1382
39390243999014,10:56:30.243,50.4500,3518
39390243999014,10:56:30.243,50.4500,100
39390243999014,10:56:30.243,50.4500,6400
39390243999014,10:56:30.243,50.4500,500
39390243999014,10:56:30.243,50.4500,200
39390243999014,10:56:30.243,50.4500,1200
39390244924240,10:56:30.244,50.4500,100
39390244924240,10:56:30.244,50.4500,4800
39390246508125,10:56:30.246,50.4500,1600
39390246508125,10:56:30.246,50.4500,100
39400058143305,10:56:40.058,50.4450,100
39420065779014,10:57:00.065,50.4500,100
39430603925822,10:57:10.603,50.4500,100
39447994614055,10:57:27.994,50.4400,1000
39459204978873,10:57:39.204,50.4400,200
39459204978873,10:57:39.204,50.4400,100
39459204978873,10:57:39.204,50.4400,476
39459205061852,10:57:39.205,50.4400,24
39463148588232,10:57:43.148,50.4350,200
39463148588232,10:57:43.148,50.4350,100
39463148588232,10:57:43.148,50.4350,200
39463151488017,10:57:43.151,50.4350,200
39463151488017,10:57:43.151,50.4350,100
39463159594945,10:57:43.159,50.4350,100
39463164359474,10:57:43.164,50.4350,100
39465735338533,10:57:45.735,50.4350,100
39465735338533,10:57:45.735,50.4350,100
39467250490816,10:57:47.250,50.4300,1226
39468815380084,10:57:48.815,50.4300,300
39468815964466,10:57:48.815,50.4300,300
39480083850003,10:58:00.083,50.4350,100
39486764543659,10:58:06.764,50.4400,600
39486764543659,10:58:06.764,50.4400,1702
39510253087692,10:58:30.253,50.4450,100
39512264845657,10:58:32.264,50.4400,100
39530182722945,10:58:50.182,50.4350,100
39544128386723,10:59:04.128,50.4450,100
39575127790659,10:59:35.127,50.4450,100
39588730141266,10:59:48.730,50.4650,100
39589387479475,10:59:49.387,50.4650,100
39590499207336,10:59:50.499,50.4600,100
39590499207336,10:59:50.499,50.4600,1
39590499207336,10:59:50.499,50.4600,100
39590499207336,10:59:50.499,50.4600,35
39590499207336,10:59:50.499,50.4600,38
39611262683274,11:00:11.262,50.4700,100
39611262683274,11:00:11.262,50.4700,100
39630048431684,11:00:30.048,50.4600,100
39632889220155,11:00:32.889,50.4500,100
39655061156922,11:00:55.061,50.4450,100
39662824972662,11:01:02.824,50.4500,1100
39662827166321,11:01:02.827,50.4500,200
39662827348564,11:01:02.827,50.4500,100
39662828051997,11:01:02.828,50.4500,400
39663459656410,11:01:03.459,50.4700,300
39663459983505,11:01:03.459,50.4700,100
39663459983505,11:01:03.459,50.4700,100
39663459983505,11:01:03.459,50.4700,1000
39663462159778,11:01:03.462,50.4700,1700
39663463187849,11:01:03.463,50.4700,100
39663463466880,11:01:03.463,50.4700,896
39663463669615,11:01:03.463,50.4700,1100
39663464452458,11:01:03.464,50.4700,100
39663465158411,11:01:03.465,50.4700,100
39663465600492,11:01:03.465,50.4700,100
39663466176154,11:01:03.466,50.4700,4
39663466176154,11:01:03.466,50.4700,96
39663466772359,11:01:03.466,50.4700,100
39663468350354,11:01:03.468,50.4700,1204
39666847131731,11:01:06.847,50.4750,200
39666847131731,11:01:06.847,50.4750,200
39666847131731,11:01:06.847,50.4750,3400
39666849681353,11:01:06.849,50.4750,300
39666849681353,11:01:06.849,50.4750,1700
39667172765075,11:01:07.172,50.4700,54
39667172856697,11:01:07.172,50.4700,46
39667172916416,11:01:07.172,50.4700,100
39668570055949,11:01:08.570,50.4750,100
39671155214844,11:01:11.155,50.4700,100
39671155214844,11:01:11.155,50.4700,100
39671155270167,11:01:11.155,50.4700,100
39696114494703,11:01:36.114,50.4750,100
39713010437066,11:01:53.010,50.4800,770
39717087072900,11:01:57.087,50.4800,100
39717574370052,11:01:57.574,50.4800,100
39754129344457,11:02:34.129,50.4950,100
39769205877573,11:02:49.205,50.4950,100
39792260920787,11:03:12.260,50.4900,100
39792260920787,11:03:12.260,50.4900,100
39792260920787,11:03:12.260,50.4900,100
39792260920787,11:03:12.260,50.4900,1
39792260920787,11:03:12.260,50.4900,300
39792260920787,11:03:12.260,50.4900,100
39809735030444,11:03:29.735,50.4750,200
39809735031874,11:03:29.735,50.4750,200
39821168268934,11:03:41.168,50.4700,100
39821168268934,11:03:41.168,50.4700,400
39822788023278,11:03:42.788,50.4750,100
39825394024735,11:03:45.394,50.4750,100
39843014013434,11:04:03.014,50.4850,200
39843014014672,11:04:03.014,50.4850,200
39843514016337,11:04:03.514,50.4850,200
39843514017707,11:04:03.514,50.4850,200
39854183018829,11:04:14.183,50.4850,800
39855400022908,11:04:15.400,50.4850,700
39858594540296,11:04:18.594,50.4800,100
39858594540296,11:04:18.594,50.4800,100
39858594540296,11:04:18.594,50.4800,100
39858594540296,11:04:18.594,50.4800,200
39858595313030,11:04:18.595,50.4850,100
39859092377760,11:04:19.092,50.4800,100
39859092377760,11:04:19.092,50.4800,100
39872555979032,11:04:32.555,50.4800,100
39873064476936,11:04:33.064,50.4800,300
39873064476936,11:04:33.064,50.4800,200
39884416961166,11:04:44.416,50.4800,100
39888688765701,11:04:48.688,50.4800,81
39905922610365,11:05:05.922,50.4800,200
39913597551296,11:05:13.597,50.4850,100
39913881478413,11:05:13.881,50.4800,71
39977266210750,11:06:17.266,50.4750,100
39980064427564,11:06:20.064,50.4750,100
40079181040485,11:07:59.181,50.4800,100
40079181040485,11:07:59.181,50.4800,100
40080967580947,11:08:00.967,50.4800,2050
40080967580947,11:08:00.967,50.4800,90
40086119441601,11:08:06.119,50.4700,100
40086119441601,11:08:06.119,50.4700,49
40086119441601,11:08:06.119,50.4700,38
40090070500415,11:08:10.070,50.4650,88
40090071127732,11:08:10.071,50.4650,100
40092528547679,11:08:12.528,50.4700,1378
40092528622800,11:08:12.528,50.4700,1222
40146780507311,11:09:06.780,50.4800,100
40146780507311,11:09:06.780,50.4800,22
40146780507311,11:09:06.780,50.4800,34
40146780507311,11:09:06.780,50.4800,34
40155702266438,11:09:15.702,50.4800,100
40225667351024,11:10:25.667,50.4900,100
40225667351024,11:10:25.667,50.4900,22
40225667351024,11:10:25.667,50.4900,1064
40231285691339,11:10:31.285,50.4900,100
40231285691339,11:10:31.285,50.4900,200
40242516341452,11:10:42.516,50.4800,100
40242516715731,11:10:42.516,50.4800,1272
40265693565906,11:11:05.693,50.4800,100
40270462496876,11:11:10.462,50.4800,100
40291637407447,11:11:31.637,50.4700,1
40297935973182,11:11:37.935,50.4700,100
40308622123593,11:11:48.622,50.4800,100
40319390301679,11:11:59.390,50.4900,569
40319390332815,11:11:59.390,50.4900,54
40319390352599,11:11:59.390,50.4900,381
40319390356513,11:11:59.390,50.4900,596
40319390356513,11:11:59.390,50.4900,100
40319390356513,11:11:59.390,50.4900,460
40319390371419,11:11:59.390,50.4900,629
40319390759622,11:11:59.390,50.4900,100
40319390806960,11:11:59.390,50.4900,500
40324272261713,11:12:04.272,50.5000,1
40324272507461,11:12:04.272,50.5000,368
40324272507461,11:12:04.272,50.5000,163
40377459014272,11:12:57.459,50.4950,1
40379051501257,11:12:59.051,50.4900,100
40381000789025,11:13:01.000,50.4900,50
40436433851544,11:13:56.433,50.5000,814
40436433884325,11:13:56.433,50.5000,296
40436433907697,11:13:56.433,50.5000,390
40436433907697,11:13:56.433,50.5000,100
40436433907697,11:13:56.433,50.5000,100
40443010308390,11:14:03.010,50.5000,1030
40443010308390,11:14:03.010,50.5000,100
40443035241453,11:14:03.035,50.5000,700
40452283837198,11:14:12.283,50.5000,843
40457791016027,11:14:17.791,50.5050,300
40467165047159,11:14:27.165,50.5050,100
40481285826561,11:14:41.285,50.5100,1500
40493996782170,11:14:53.996,50.5100,1030
40493996782170,11:14:53.996,50.5100,1030
40493996782170,11:14:53.996,50.5100,932
40493996806643,11:14:53.996,50.5100,88
40493996806643,11:14:53.996,50.5100,1030
40493996806643,11:14:53.996,50.5100,80
40493996843042,11:14:53.996,50.5100,940
40493996843042,11:14:53.996,50.5100,258
40493996948638,11:14:53.996,50.5100,200
40493996958409,11:14:53.996,50.5100,85
40493997047806,11:14:53.997,50.5100,85
40493997059067,11:14:53.997,50.5100,100
40493997064027,11:14:53.997,50.5100,15
40493997084341,11:14:53.997,50.5100,100
40493997165805,11:14:53.997,50.5100,187
40493997165805,11:14:53.997,50.5100,220
40493997256417,11:14:53.997,50.5100,810
40494939136062,11:14:54.939,50.5100,796
40495010210215,11:14:55.010,50.5100,100
40495010494026,11:14:55.010,50.5100,100
40514083129930,11:15:14.083,50.5200,1491
40514083167281,11:15:14.083,50.5200,3392
40514083169756,11:15:14.083,50.5200,17
40514083169756,11:15:14.083,50.5200,780
40514083205587,11:15:14.083,50.5200,720
40514083205587,11:15:14.083,50.5200,478
40514083277955,11:15:14.083,50.5200,100
40514083335630,11:15:14.083,50.5200,796
40514084628423,11:15:14.084,50.5200,126
40535778386214,11:15:35.778,50.5100,100
40535778386214,11:15:35.778,50.5100,100
40542694382535,11:15:42.694,50.5200,1500
40567356842828,11:16:07.356,50.5300,1048
40567356886453,11:16:07.356,50.5300,1198
40567357773140,11:16:07.357,50.5300,2654
40567357773140,11:16:07.357,50.5300,1500
40567357773140,11:16:07.357,50.5300,1500
40567357773140,11:16:07.357,50.5300,1500
40600592382900,11:16:40.592,50.5350,200
40686750347403,11:18:06.750,50.5300,300
40686750347403,11:18:06.750,50.5300,100
40686750347403,11:18:06.750,50.5300,100
40765882127569,11:19:25.882,50.5200,1
40765882127569,11:19:25.882,50.5200,2700
40810923165381,11:20:10.923,50.5200,196
40810923197837,11:20:10.923,50.5200,1198
40810923223465,11:20:10.923,50.5200,306
40810923223465,11:20:10.923,50.5200,294
40810932197084,11:20:10.932,50.5200,1000
40810932197084,11:20:10.932,50.5200,1000
40810932205298,11:20:10.932,50.5200,100
40896749681301,11:21:36.749,50.5200,100
40896749681301,11:21:36.749,50.5200,1
40896749681301,11:21:36.749,50.5200,100
40904399193551,11:21:44.399,50.5100,4592
40904399231079,11:21:44.399,50.5100,934
40913123740500,11:21:53.123,50.5100,200
40990512092868,11:23:10.512,50.4900,300
41006581275855,11:23:26.581,50.4900,1600
41006581300061,11:23:26.581,50.4900,5200
41028206962098,11:23:48.206,50.4900,1000
41028206962098,11:23:48.206,50.4900,198
41028206996656,11:23:48.206,50.4900,1198
41062512844173,11:24:22.512,50.4900,100
41110381048324,11:25:10.381,50.4800,11
41138161705483,11:25:38.161,50.4800,100
41143337453349,11:25:43.337,50.4800,1
41143337453349,11:25:43.337,50.4800,100
41170616567416,11:26:10.616,50.4700,373
41191732941400,11:26:31.732,50.4700,500
41222000747379,11:27:02.000,50.4800,100
41272540497786,11:27:52.540,50.4900,100
41274381822622,11:27:54.381,50.4950,100
41294617221922,11:28:14.617,50.4900,4364
41294617267328,11:28:14.617,50.4900,1
41294617267328,11:28:14.617,50.4900,15
41294617267328,11:28:14.617,50.4900,100
41328771871039,11:28:48.771,50.4900,1710
41341337709626,11:29:01.337,50.4900,2
41341337876634,11:29:01.337,50.4900,38
41388216464859,11:29:48.216,50.5000,100
41431078017241,11:30:31.078,50.4950,1000
41431176015370,11:30:31.176,50.4950,200
41431177012117,11:30:31.177,50.4950,100
41431932013953,11:30:31.932,50.4950,900
41444530893079,11:30:44.530,50.4900,1000
41445266352590,11:30:45.266,50.4900,1
41445266352590,11:30:45.266,50.4900,1314
41537960688622,11:32:17.960,50.5000,500
41537960688622,11:32:17.960,50.5000,200
41625201591629,11:33:45.201,50.4900,100
41628136649182,11:33:48.136,50.4900,1
41635154880076,11:33:55.154,50.4900,2283
41655411599674,11:34:15.411,50.5000,100
41720587356954,11:35:20.587,50.5250,20
41725460677115,11:35:25.460,50.5200,165
41725461130537,11:35:25.461,50.5200,35
41725461130537,11:35:25.461,50.5200,500
41725461130537,11:35:25.461,50.5200,265
41725461155076,11:35:25.461,50.5200,35
41774881856745,11:36:14.881,50.5100,300
41774881856745,11:36:14.881,50.5100,100
41774881856745,11:36:14.881,50.5100,100
41795663390534,11:36:35.663,50.5050,110
41804625947931,11:36:44.625,50.5100,1961
41860833800398,11:37:40.833,50.5100,100
41921445990246,11:38:41.445,50.5100,100
41921446068088,11:38:41.446,50.5100,3566
41921446176751,11:38:41.446,50.5100,1169
41948574491495,11:39:08.574,50.5100,511
41948574504625,11:39:08.574,50.5100,796
41948574556955,11:39:08.574,50.5100,500
41948574556955,11:39:08.574,50.5100,200
41963531049706,11:39:23.531,50.5100,650
42011356509360,11:40:11.356,50.5200,100
42011356509360,11:40:11.356,50.5200,500
42011356553765,11:40:11.356,50.5200,54
42011356749750,11:40:11.356,50.5200,917
42011356767296,11:40:11.356,50.5200,29
42011421424798,11:40:11.421,50.5200,100
42011421424798,11:40:11.421,50.5200,100
42011421424798,11:40:11.421,50.5200,100
42011421424798,11:40:11.421,50.5200,100
42011421424798,11:40:11.421,50.5200,8700
42011421424798,11:40:11.421,50.5200,400
42011421424798,11:40:11.421,50.5200,700
42011421424798,11:40:11.421,50.5200,2800
42011421424798,11:40:11.421,50.5200,5200
42011421424798,11:40:11.421,50.5200,1300
42011421424798,11:40:11.421,50.5200,1300
42011421424798,11:40:11.421,50.5200,3100
42011421424798,11:40:11.421,50.5200,100
42011421424798,11:40:11.421,50.5200,500
42011421424798,11:40:11.421,50.5200,6300
42011421424798,11:40:11.421,50.5200,400
42011421424798,11:40:11.421,50.5200,1000
42013508138502,11:40:13.508,50.5200,100
42013508138502,11:40:13.508,50.5200,100
42013508138502,11:40:13.508,50.5200,100
42013508138502,11:40:13.508,50.5200,100
42013654327990,11:40:13.654,50.5200,600
42013654327990,11:40:13.654,50.5200,100
42013654327990,11:40:13.654,50.5200,100
42013654327990,11:40:13.654,50.5200,100
42013654327990,11:40:13.654,50.5200,100
42013710420019,11:40:13.710,50.5200,1400
42013710420019,11:40:13.710,50.5200,100
42013710420019,11:40:13.710,50.5200,100
42013710420019,11:40:13.710,50.5200,100
42013710420019,11:40:13.710,50.5200,100
42013812117240,11:40:13.812,50.5200,1800
42013812117240,11:40:13.812,50.5200,200
42013812117240,11:40:13.812,50.5200,1200
42013812117240,11:40:13.812,50.5200,500
42014055559002,11:40:14.055,50.5200,1400
42021741032360,11:40:21.741,50.5200,943
42021741177157,11:40:21.741,50.5200,157
42023303479456,11:40:23.303,50.5200,100
42023303479456,11:40:23.303,50.5200,100
42023303479456,11:40:23.303,50.5200,200
42023303479456,11:40:23.303,50.5200,10400
42023303479456,11:40:23.303,50.5200,400
42023303479456,11:40:23.303,50.5200,6300
42023303479456,11:40:23.303,50.5200,400
42025952926213,11:40:25.952,50.5200,100
42029667224571,11:40:29.667,50.5200,1
42118611002997,11:41:58.611,50.5100,1000
42118611560284,11:41:58.611,50.5100,700
42158201455335,11:42:38.201,50.5200,100
42158201455335,11:42:38.201,50.5200,1069
42158201464127,11:42:38.201,50.5200,1100
42158201482327,11:42:38.201,50.5200,964
42158201553847,11:42:38.201,50.5200,796
42158201743982,11:42:38.201,50.5200,100
42158201795045,11:42:38.201,50.5200,251
42158201867480,11:42:38.201,50.5200,256
42158201990334,11:42:38.201,50.5200,797
42158201999322,11:42:38.201,50.5200,565
42164035868145,11:42:44.035,50.5200,100
42164035905278,11:42:44.035,50.5200,1170
42164036306036,11:42:44.036,50.5200,200
42164169618564,11:42:44.169,50.5200,100
42164646581398,11:42:44.646,50.5200,100
42164658085173,11:42:44.658,50.5200,1030
42164658129234,11:42:44.658,50.5200,603
42164658147423,11:42:44.658,50.5200,900
42164658147963,11:42:44.658,50.5200,944
42164658182637,11:42:44.658,50.5200,2050
42164658191963,11:42:44.658,50.5200,200
42164658221643,11:42:44.658,50.5200,300
42164658228109,11:42:44.658,50.5200,300
42164658250421,11:42:44.658,50.5200,4471
42168391599635,11:42:48.391,50.5300,133
42168391599635,11:42:48.391,50.5300,79
42168391599635,11:42:48.391,50.5300,74
42240787779463,11:44:00.787,50.5300,100
42300426764001,11:45:00.426,50.5400,100
42300427106889,11:45:00.427,50.5400,1136
42345283424537,11:45:45.283,50.5400,100
42357053345896,11:45:57.053,50.5300,3486
42441902176627,11:47:21.902,50.5300,138
42460868511938,11:47:40.868,50.5300,1
42460868511938,11:47:40.868,50.5300,100
42460868511938,11:47:40.868,50.5300,100
42621956169709,11:50:21.956,50.5300,200
42621956169709,11:50:21.956,50.5300,400
42621956169709,11:50:21.956,50.5300,200
42621956169709,11:50:21.956,50.5300,100
42682560781797,11:51:22.560,50.5200,100
42694403399122,11:51:34.403,50.5100,1
42717417480189,11:51:57.417,50.5100,206
42754206535118,11:52:34.206,50.5100,10
42791982993529,11:53:11.982,50.5200,1500
42801298443698,11:53:21.298,50.5200,100
42901242279239,11:55:01.242,50.5200,100
42901242279239,11:55:01.242,50.5200,200
42971822888935,11:56:11.822,50.5200,174
42978880798784,11:56:18.880,50.5200,100
42984779245579,11:56:24.779,50.5200,100
43006695353937,11:56:46.695,50.5250,1
43110531554837,11:58:30.531,50.5300,1500
43110531554837,11:58:30.531,50.5300,100
43117764628423,11:58:37.764,50.5300,100
43285722428770,12:01:25.722,50.5400,39
43287888317943,12:01:27.888,50.5300,1103
43320169231827,12:02:00.169,50.5300,800
43350304954136,12:02:30.304,50.5400,100
43356745154688,12:02:36.745,50.5500,100
43361960381330,12:02:41.960,50.5500,1
43453006080250,12:04:13.006,50.5350,100
43453006080250,12:04:13.006,50.5350,175
43453006080250,12:04:13.006,50.5350,200
43461903652103,12:04:21.903,50.5400,100
43461903652103,12:04:21.903,50.5400,100
43473016009960,12:04:33.016,50.5400,1600
43473016009960,12:04:33.016,50.5400,450
43473016222007,12:04:33.016,50.5400,6150
43473016222007,12:04:33.016,50.5400,500
43473016222007,12:04:33.016,50.5400,200
43473016222007,12:04:33.016,50.5400,300
43473016222007,12:04:33.016,50.5400,1488
43473016268818,12:04:33.016,50.5400,312
43473016268818,12:04:33.016,50.5400,332
43473016881722,12:04:33.016,50.5400,100
43615903784085,12:06:55.903,50.5400,100
43622707524160,12:07:02.707,50.5400,100
43622707524160,12:07:02.707,50.5400,100
43622707524160,12:07:02.707,50.5400,500
43644796368866,12:07:24.796,50.5400,200
43644796394416,12:07:24.796,50.5400,356
43644796394416,12:07:24.796,50.5400,144
43644796478290,12:07:24.796,50.5400,256
43679233805506,12:07:59.233,50.5400,352
43679233887815,12:07:59.233,50.5400,400
43679233906721,12:07:59.233,50.5400,200
43679233960513,12:07:59.233,50.5400,500
43679233968946,12:07:59.233,50.5400,200
43679233976266,12:07:59.233,50.5400,100
43679234670137,12:07:59.234,50.5400,100
43682808268786,12:08:02.808,50.5400,300
43683310458550,12:08:03.310,50.5400,300
43683783329029,12:08:03.783,50.5400,100
43683783329029,12:08:03.783,50.5400,300
43684272757264,12:08:04.272,50.5400,800
43684769857041,12:08:04.769,50.5400,800
43684769883260,12:08:04.769,50.5400,4800
43684769883260,12:08:04.769,50.5400,1
43684769883260,12:08:04.769,50.5400,1254
43699074562947,12:08:19.074,50.5400,1300
43743653374451,12:09:03.653,50.5500,600
43743653374451,12:09:03.653,50.5500,4374
43744519961849,12:09:04.519,50.5500,236
43744520112032,12:09:04.520,50.5500,100
43744520127827,12:09:04.520,50.5500,100
43744520183767,12:09:04.520,50.5500,200
43744520200216,12:09:04.520,50.5500,400
43744520203315,12:09:04.520,50.5500,464
43805336746776,12:10:05.336,50.5550,100
43806458080245,12:10:06.458,50.5550,100
43898508739030,12:11:38.508,50.5550,100
43917528380701,12:11:57.528,50.5550,100
43957915932929,12:12:37.915,50.5500,400
43957915932929,12:12:37.915,50.5500,364
43957915932929,12:12:37.915,50.5500,5028
43957915976437,12:12:37.915,50.5500,84
43957915977980,12:12:37.915,50.5500,588
43957915977980,12:12:37.915,50.5500,100
44046382050806,12:14:06.382,50.5450,12
44070398847468,12:14:30.398,50.5400,100
44130933525715,12:15:30.933,50.5400,927
44130933583259,12:15:30.933,50.5400,333
44130933676816,12:15:30.933,50.5400,1141
44130933745923,12:15:30.933,50.5400,1142
44130933792676,12:15:30.933,50.5400,100
44130933967843,12:15:30.933,50.5400,500
44130934443523,12:15:30.934,50.5400,100
44130934573199,12:15:30.934,50.5400,300
44208157013151,12:16:48.157,50.5200,100
44208157028308,12:16:48.157,50.5200,100
44208159630354,12:16:48.159,50.5200,1610
44213929723343,12:16:53.929,50.5300,2096
44213929761754,12:16:53.929,50.5300,3004
44213929761754,12:16:53.929,50.5300,1614
44213929799864,12:16:53.929,50.5300,300
44241983907686,12:17:21.983,50.5300,100
44241983907686,12:17:21.983,50.5300,100
44258259865668,12:17:38.259,50.5300,200
44320795511052,12:18:40.795,50.5350,100
44320795511052,12:18:40.795,50.5300,100
44320795511052,12:18:40.795,50.5300,318
44320795551685,12:18:40.795,50.5300,700
44320795558805,12:18:40.795,50.5300,796
44320795614911,12:18:40.795,50.5300,700
44320795630725,12:18:40.795,50.5300,796
44320795634791,12:18:40.795,50.5300,290
44333296653217,12:18:53.296,50.5200,1850
44333588860399,12:18:53.588,50.5200,1
44365868145795,12:19:25.868,50.5300,110
44391222645000,12:19:51.222,50.5400,714
44393303636332,12:19:53.303,50.5400,1336
44408369882845,12:20:08.369,50.5400,200
44408369882845,12:20:08.369,50.5400,100
44431447498102,12:20:31.447,50.5600,100
44497366607829,12:21:37.366,50.5600,2050
44497366607829,12:21:37.366,50.5600,100
44553912977352,12:22:33.912,50.5750,100
44553912977352,12:22:33.912,50.5700,1120
44553913503655,12:22:33.913,50.5700,100
44575106820614,12:22:55.106,50.5600,100
44599523581687,12:23:19.523,50.5550,100
44599523581687,12:23:19.523,50.5500,100
44599523581687,12:23:19.523,50.5500,100
44599523581687,12:23:19.523,50.5500,100
44599523581687,12:23:19.523,50.5500,400
44599523581687,12:23:19.523,50.5500,100
44599523654780,12:23:19.523,50.5500,100
44609416039417,12:23:29.416,50.5400,200
44656703652712,12:24:16.703,50.5400,100
44689064088021,12:24:49.064,50.5350,100
44689064088021,12:24:49.064,50.5300,1200
44689064088021,12:24:49.064,50.5300,100
44689064088021,12:24:49.064,50.5300,100
44689064088021,12:24:49.064,50.5300,100
44689064088021,12:24:49.064,50.5300,200
44702981527512,12:25:02.981,50.5300,100
44702981533167,12:25:02.981,50.5300,100
44727075363426,12:25:27.075,50.5300,100
44738156522719,12:25:38.156,50.5300,200
44757999001602,12:25:57.999,50.5250,200
44761833014352,12:26:01.833,50.5250,900
44779277003644,12:26:19.277,50.5250,200
44779277005042,12:26:19.277,50.5250,100
44826258920728,12:27:06.258,50.5300,200
44826258920728,12:27:06.258,50.5300,100
44826258920728,12:27:06.258,50.5300,100
44826258920728,12:27:06.258,50.5300,100
44834421605071,12:27:14.421,50.5300,1
44874089193788,12:27:54.089,50.5250,100
44874089227677,12:27:54.089,50.5200,229
44876061722526,12:27:56.061,50.5200,100
44876062614160,12:27:56.062,50.5200,200
44907249505454,12:28:27.249,50.5200,100
45013823580502,12:30:13.823,50.5200,100
45013823580502,12:30:13.823,50.5200,100
45013823622846,12:30:13.823,50.5200,100
45033933641403,12:30:33.933,50.5250,100
45033934058243,12:30:33.934,50.5200,1637
45125479917202,12:32:05.479,50.5150,100
45125479917202,12:32:05.479,50.5100,400
45125479983418,12:32:05.479,50.5100,100
45144767001253,12:32:24.767,50.5050,100
45144767001253,12:32:24.767,50.5000,100
45144767088602,12:32:24.767,50.5000,100
45159480957513,12:32:39.480,50.5000,200
45182984421929,12:33:02.984,50.5000,100
45210571012937,12:33:30.571,50.5050,100
45217081914472,12:33:37.081,50.5000,100
45217081914472,12:33:37.081,50.5000,100
45217081914472,12:33:37.081,50.5000,248
45222497114022,12:33:42.497,50.5000,100
45227551014892,12:33:47.551,50.5050,200
45228051009014,12:33:48.051,50.5050,100
45282429018462,12:34:42.429,50.5050,200
45283170009718,12:34:43.170,50.5050,200
45317563022462,12:35:17.563,50.5050,200
45352756658586,12:35:52.756,50.5150,100
45352756658586,12:35:52.756,50.5100,100
45352756804845,12:35:52.756,50.5100,100
45360864727431,12:36:00.864,50.5100,200
45360864727431,12:36:00.864,50.5100,92
45371240812877,12:36:11.240,50.5100,1
45470491686768,12:37:50.491,50.5300,100
45557971136313,12:39:17.971,50.5350,100
45557971136313,12:39:17.971,50.5300,103
45557972081787,12:39:17.972,50.5300,17
45566436373184,12:39:26.436,50.5300,100
45567296421290,12:39:27.296,50.5300,100
45569157966972,12:39:29.157,50.5300,60
45569158103337,12:39:29.158,50.5300,1114
45582443013500,12:39:42.443,50.5350,300
45582959008313,12:39:42.959,50.5350,400
45594069373448,12:39:54.069,50.5350,100
45604911689631,12:40:04.911,50.5350,100
45604911689631,12:40:04.911,50.5300,100
45604911689631,12:40:04.911,50.5300,100
45604911689631,12:40:04.911,50.5300,200
45604911689631,12:40:04.911,50.5300,401
45604911755361,12:40:04.911,50.5300,99
45604911755361,12:40:04.911,50.5300,1
45604911806840,12:40:04.911,50.5300,100
45680461609060,12:41:20.461,50.5350,100
45680461698034,12:41:20.461,50.5300,100
45708542106401,12:41:48.542,50.5350,100
45708542106401,12:41:48.542,50.5300,100
45708542106401,12:41:48.542,50.5300,200
45708542106401,12:41:48.542,50.5300,1600
45708542298095,12:41:48.542,50.5300,100
45843961897035,12:44:03.961,50.5350,100
45843961897035,12:44:03.961,50.5300,182
45843961923923,12:44:03.961,50.5300,100
45843963116324,12:44:03.963,50.5300,1100
45843965505889,12:44:03.965,50.5300,100
45843967674482,12:44:03.967,50.5300,600
45843967674482,12:44:03.967,50.5300,1
45843967674482,12:44:03.967,50.5300,194
45843967731741,12:44:03.967,50.5300,306
45891059573245,12:44:51.059,50.5300,800
45891059573245,12:44:51.059,50.5300,100
45891059573245,12:44:51.059,50.5300,1300
45891059573245,12:44:51.059,50.5300,5500
46041663145309,12:47:21.663,50.5400,300
46041663171329,12:47:21.663,50.5400,1200
46041663171329,12:47:21.663,50.5400,632
46041663171329,12:47:21.663,50.5400,1500
46367325963719,12:52:47.325,50.5700,100
46401512107461,12:53:21.512,50.5750,100
46401512604087,12:53:21.512,50.5750,100
46402068233476,12:53:22.068,50.5700,100
46402068233476,12:53:22.068,50.5700,100
46402068233476,12:53:22.068,50.5700,100
46402068233476,12:53:22.068,50.5700,200
46471602197907,12:54:31.602,50.5650,100
46471602197907,12:54:31.602,50.5600,100
46471602197907,12:54:31.602,50.5600,100
46471602262438,12:54:31.602,50.5600,300
46501243974151,12:55:01.243,50.5700,300
46512020346181,12:55:12.020,50.5750,100
46512020346181,12:55:12.020,50.5700,100
46512020346181,12:55:12.020,50.5700,1
46512021192748,12:55:12.021,50.5700,99
46512021192748,12:55:12.021,50.5700,1
46512021229536,12:55:12.021,50.5700,100
46523903518922,12:55:23.903,50.5650,100
46524595020720,12:55:24.595,50.5600,200
46535019733643,12:55:35.019,50.5500,6600
46583735190539,12:56:23.735,50.5600,100
46646178031562,12:57:26.178,50.5650,200
46646178032284,12:57:26.178,50.5650,100
46673038010649,12:57:53.038,50.5650,100
46673038010649,12:57:53.038,50.5650,101
46673038010649,12:57:53.038,50.5650,186
46767650659355,12:59:27.650,50.5700,100
46778017156610,12:59:38.017,50.5700,1
46778017701602,12:59:38.017,50.5700,100
46818050217511,13:00:18.050,50.5700,100
46818050217511,13:00:18.050,50.5700,200
46834903557367,13:00:34.903,50.5750,100
46998391454529,13:03:18.391,50.5800,322
46998391454529,13:03:18.391,50.5800,55
46998391505633,13:03:18.391,50.5800,293
47002339007905,13:03:22.339,50.5850,300
47003917039189,13:03:23.917,50.5850,300
47006090027932,13:03:26.090,50.5850,300
47023085016425,13:03:43.085,50.5850,500
47023085017169,13:03:43.085,50.5850,200
47026136008781,13:03:46.136,50.5850,300
47028218036555,13:03:48.218,50.5850,300
47032691005749,13:03:52.691,50.5850,200
47116609887125,13:05:16.609,50.5900,100
47116610154722,13:05:16.610,50.5900,528
47116610336485,13:05:16.610,50.5900,872
47116610336485,13:05:16.610,50.5900,3127
47116610406122,13:05:16.610,50.5900,441
47116610467112,13:05:16.610,50.5900,1400
47116610583721,13:05:16.610,50.5900,400
47116610623709,13:05:16.610,50.5900,500
47116610650332,13:05:16.610,50.5900,441
47116610710212,13:05:16.610,50.5900,2000
47116610781506,13:05:16.610,50.5900,374
47116610872492,13:05:16.610,50.5900,441
47116610910948,13:05:16.610,50.5900,476
47116610910948,13:05:16.610,50.5900,1500
47127879005023,13:05:27.879,50.5950,160
47145197837585,13:05:45.197,50.5950,100
47145197837585,13:05:45.197,50.5900,500
47145197837585,13:05:45.197,50.5900,18
47145197837585,13:05:45.197,50.5900,300
47145197851562,13:05:45.197,50.5900,100
47222491633935,13:07:02.491,50.6000,100
47222491633935,13:07:02.491,50.6000,100
47222491633935,13:07:02.491,50.6000,1500
47222491633935,13:07:02.491,50.6000,84
47222491633935,13:07:02.491,50.6000,1220
47222491633935,13:07:02.491,50.6000,100
47222491633935,13:07:02.491,50.6000,1596
47222492178056,13:07:02.492,50.6000,34
47222498868381,13:07:02.498,50.6000,1466
47222498868381,13:07:02.498,50.6000,214
47309866775462,13:08:29.866,50.6000,100
47309866775462,13:08:29.866,50.6000,266
47314420000691,13:08:34.420,50.6050,300
47317394993714,13:08:37.394,50.6050,300
47319023006697,13:08:39.023,50.6050,300
47319023007377,13:08:39.023,50.6050,100
47319530990467,13:08:39.530,50.6050,700
47322084991928,13:08:42.084,50.6050,300
47322646994191,13:08:42.646,50.6050,600
47323684997033,13:08:43.684,50.6050,300
47324320997378,13:08:44.320,50.6050,600
47325249994124,13:08:45.249,50.6050,300
47325754993068,13:08:45.754,50.6050,500
47325754993763,13:08:45.754,50.6050,200
47333961018770,13:08:53.961,50.6050,300
47333961019491,13:08:53.961,50.6050,100
47334467994815,13:08:54.467,50.6050,500
47335545993028,13:08:55.545,50.6050,300
47378666005926,13:09:38.666,50.6150,400
47378666007447,13:09:38.666,50.6150,200
47430007090237,13:10:30.007,50.6150,200
47430007090237,13:10:30.007,50.6100,592
47430007093259,13:10:30.007,50.6100,258
47430007145443,13:10:30.007,50.6100,100
47430007145443,13:10:30.007,50.6100,100
47434992018750,13:10:34.992,50.6100,100
47455704367538,13:10:55.704,50.6100,100
47575408049472,13:12:55.408,50.6150,100
47582834837804,13:13:02.834,50.6150,100
47582834837804,13:13:02.834,50.6100,100
47582835045314,13:13:02.835,50.6100,100
47603822978517,13:13:23.822,50.6000,100
47603822978517,13:13:23.822,50.6000,500
47623810740230,13:13:43.810,50.5900,138
47623810740230,13:13:43.810,50.5900,612
47623810740230,13:13:43.810,50.5900,376
47720802650087,13:15:20.802,50.5850,100
47720802650087,13:15:20.802,50.5800,292
47720802650087,13:15:20.802,50.5800,208
47720802695082,13:15:20.802,50.5800,292
47720802695082,13:15:20.802,50.5800,200
47747276147205,13:15:47.276,50.5800,100
47784902387807,13:16:24.902,50.5850,100
47784902387807,13:16:24.902,50.5800,15
47784902483102,13:16:24.902,50.5800,85
47784902483102,13:16:24.902,50.5800,15
47889273242045,13:18:09.273,50.5750,100
47992152978976,13:19:52.152,50.5750,100
48011288210644,13:20:11.288,50.5750,100
48011288210644,13:20:11.288,50.5700,975
48011288279940,13:20:11.288,50.5700,770
48011288450921,13:20:11.288,50.5700,2934
48011288885785,13:20:11.288,50.5700,1
48011288885785,13:20:11.288,50.5700,970
48011288885785,13:20:11.288,50.5700,64
48011288927141,13:20:11.288,50.5700,36
48045832223606,13:20:45.832,50.5600,100
48100910367010,13:21:40.910,50.5700,100
48230325298730,13:23:50.325,50.5650,100
48240234270104,13:24:00.234,50.5650,100
48271635860628,13:24:31.635,50.5700,7
48271635992823,13:24:31.635,50.5700,985
48300656401635,13:25:00.656,50.5750,100
48301136894355,13:25:01.136,50.5700,100
48301136894355,13:25:01.136,50.5700,100
48339767804018,13:25:39.767,50.5700,100
48366489840800,13:26:06.489,50.5750,20
48396085822177,13:26:36.085,50.5700,100
48425253390133,13:27:05.253,50.5700,1
48425253434727,13:27:05.253,50.5700,100
48441975391020,13:27:21.975,50.5700,100
48502675898716,13:28:22.675,50.5750,100
48502675898716,13:28:22.675,50.5700,38
48541304696057,13:29:01.304,50.5700,100
48586121155633,13:29:46.121,50.5800,100
48594750303209,13:29:54.750,50.5800,100
48619876995775,13:30:19.876,50.5850,1100
49012943882299,13:36:52.943,50.6000,54
49058780220033,13:37:38.780,50.6000,300
49058780220033,13:37:38.780,50.6000,100
49058780220033,13:37:38.780,50.6000,1
49058780220033,13:37:38.780,50.6000,200
49064581954401,13:37:44.581,50.6000,3300
49064581954401,13:37:44.581,50.6000,600
49064581954401,13:37:44.581,50.6000,100
49064581954401,13:37:44.581,50.6000,100
49064581954401,13:37:44.581,50.6000,966
49064581954401,13:37:44.581,50.6000,7500
49064581954401,13:37:44.581,50.6000,400
49064682793473,13:37:44.682,50.6000,100
49192269489327,13:39:52.269,50.6000,200
49199030261013,13:39:59.030,50.6000,7400
49204369481539,13:40:04.369,50.6000,1400
49204369481539,13:40:04.369,50.6000,200
49246773088250,13:40:46.773,50.6050,3
49266843415158,13:41:06.843,50.6050,200
49351866486461,13:42:31.866,50.6000,100
49384309606637,13:43:04.309,50.5950,100
49384312719636,13:43:04.312,50.5950,29
49419122079999,13:43:39.122,50.5950,100
49419122079999,13:43:39.122,50.5950,100
49435439053550,13:43:55.439,50.5950,100
49436474308673,13:43:56.474,50.5950,100
49439157187296,13:43:59.157,50.5950,100
49440177100572,13:44:00.177,50.5950,100
49449210544517,13:44:09.210,50.5950,100
49449210544517,13:44:09.210,50.5950,100
49462731802960,13:44:22.731,50.5900,850
49462731802960,13:44:22.731,50.5900,1
49481455267525,13:44:41.455,50.5800,100
49481455267525,13:44:41.455,50.5800,900
49534615915457,13:45:34.615,50.5700,300
49578541445717,13:46:18.541,50.5800,1500
49601162015594,13:46:41.162,50.5750,100
49634718823649,13:47:14.718,50.5750,100
49635723319189,13:47:15.723,50.5750,100
49699635416511,13:48:19.635,50.5750,100
49706171062343,13:48:26.171,50.5750,100
49715548767508,13:48:35.548,50.5650,100
49716582366582,13:48:36.582,50.5650,100
49717583069617,13:48:37.583,50.5650,100
49718583773192,13:48:38.583,50.5650,100
49719584473091,13:48:39.584,50.5650,100
49721514713828,13:48:41.514,50.5650,100
49738003503325,13:48:58.003,50.5600,100
49738003503325,13:48:58.003,50.5600,1
49744051670831,13:49:04.051,50.5550,100
49745096156111,13:49:05.096,50.5550,100
49762100769886,13:49:22.100,50.5500,120
49762100769886,13:49:22.100,50.5500,359
49770318029729,13:49:30.318,50.5500,100
49927091539105,13:52:07.091,50.5600,200
49927091539105,13:52:07.091,50.5600,400
49948815884973,13:52:28.815,50.5600,100
49948815897959,13:52:28.815,50.5600,100
49976694558829,13:52:56.694,50.5600,100
50013401962075,13:53:33.401,50.5700,1
50041756374397,13:54:01.756,50.5700,100
50041756374397,13:54:01.756,50.5700,1500
50058158371934,13:54:18.158,50.5800,343
50060858822888,13:54:20.858,50.5900,709
50060858838510,13:54:20.858,50.5900,791
50060859627427,13:54:20.859,50.5900,796
50061351210496,13:54:21.351,50.5900,704
50064675505034,13:54:24.675,50.5900,100
50064675505034,13:54:24.675,50.5900,100
50104697449596,13:55:04.697,50.5800,100
50253187878472,13:57:33.187,50.5650,100
50253187878472,13:57:33.187,50.5650,200
50253187878472,13:57:33.187,50.5650,200
50253187878472,13:57:33.187,50.5650,100
50253187878472,13:57:33.187,50.5650,100
50253187878472,13:57:33.187,50.5650,405
50253187878472,13:57:33.187,50.5650,200
50253187878472,13:57:33.187,50.5650,500
50253187878472,13:57:33.187,50.5650,200
50253187878472,13:57:33.187,50.5700,100
50253187878472,13:57:33.187,50.5700,1300
50253187878472,13:57:33.187,50.5700,300
50253187878472,13:57:33.187,50.5700,95
50253696866667,13:57:33.696,50.5650,500
50253696866667,13:57:33.696,50.5600,38
50281322278645,13:58:01.322,50.5700,100
50281322278645,13:58:01.322,50.5700,100
50281322278645,13:58:01.322,50.5700,200
50281322278645,13:58:01.322,50.5700,300
50281322664811,13:58:01.322,50.5700,38
50281322676891,13:58:01.322,50.5700,2
50323421515249,13:58:43.421,50.5700,200
50323856346587,13:58:43.856,50.5750,435
50330127389862,13:58:50.127,50.5700,100
50330127528489,13:58:50.127,50.5700,500
50330127528489,13:58:50.127,50.5700,200
50330127528489,13:58:50.127,50.5700,400
50330127663252,13:58:50.127,50.5700,100
50330127740452,13:58:50.127,50.5700,400
50343298888417,13:59:03.298,50.5600,100
50343318874104,13:59:03.318,50.5500,300
50347040237792,13:59:07.040,50.5500,100
50347040298331,13:59:07.040,50.5500,100
50347040612848,13:59:07.040,50.5500,100
50348848923577,13:59:08.848,50.5500,200
50348848928516,13:59:08.848,50.5500,300
50348849243625,13:59:08.849,50.5500,1800
50349247325296,13:59:09.247,50.5500,200
50363820125631,13:59:23.820,50.5500,100
50363820249353,13:59:23.820,50.5500,100
50363820429679,13:59:23.820,50.5500,100
50363820446720,13:59:23.820,50.5500,200
50363820458898,13:59:23.820,50.5500,1786
50363820460413,13:59:23.820,50.5500,974
50363820494489,13:59:23.820,50.5500,200
50363820510211,13:59:23.820,50.5500,200
50363820529323,13:59:23.820,50.5500,100
50363820537547,13:59:23.820,50.5500,100
50363820568287,13:59:23.820,50.5500,100
50363820604812,13:59:23.820,50.5500,100
50363821227593,13:59:23.821,50.5500,1140
50363821227593,13:59:23.821,50.5500,100
50402710532357,14:00:02.710,50.5600,1
50404835144913,14:00:04.835,50.5600,100
50404835315208,14:00:04.835,50.5600,1
50405719260041,14:00:05.719,50.5700,7400
50405719260041,14:00:05.719,50.5700,1500
50405730699694,14:00:05.730,50.5700,1500
50405730699694,14:00:05.730,50.5700,453
50405741383492,14:00:05.741,50.5700,2200
50406727285221,14:00:06.727,50.5700,100
50406727285221,14:00:06.727,50.5700,100
50407285580530,14:00:07.285,50.5800,1591
50407838342735,14:00:07.838,50.5900,1500
50408617393126,14:00:08.617,50.6000,300
50408617432805,14:00:08.617,50.6000,900
50408617485077,14:00:08.617,50.6000,300
50408990905315,14:00:08.990,50.6100,714
50408990919612,14:00:08.990,50.6100,786
50408991722974,14:00:08.991,50.6100,1221
50408991945505,14:00:08.991,50.6100,279
50408992470882,14:00:08.992,50.6200,400
50408992703772,14:00:08.992,50.6200,1100
50409503885102,14:00:09.503,50.6300,1800
50410047504785,14:00:10.047,50.6400,888
50410050788183,14:00:10.050,50.6400,112
50410056826080,14:00:10.056,50.6400,55
50410056872887,14:00:10.056,50.6400,545
50410121088495,14:00:10.121,50.6500,416
50410131224988,14:00:10.131,50.6500,81
50410131267096,14:00:10.131,50.6500,103
50411036842219,14:00:11.036,50.6700,395
50411066590236,14:00:11.066,50.6800,400
50411066600178,14:00:11.066,50.6800,400
50411068470070,14:00:11.068,50.6700,33
50411069450870,14:00:11.069,50.6700,218
50411582898157,14:00:11.582,50.6800,33
50413009373749,14:00:13.009,50.6900,13
50413009373749,14:00:13.009,50.6900,330
50413009373749,14:00:13.009,50.6900,1500
50413010829058,14:00:13.010,50.7000,1500
50413029434365,14:00:13.029,50.7000,133
50413029468490,14:00:13.029,50.7000,200
50413029527010,14:00:13.029,50.7000,167
50413054131083,14:00:13.054,50.7100,1500
50413054131083,14:00:13.054,50.7100,1600
50413078792597,14:00:13.078,50.7100,200
50413453698765,14:00:13.453,50.7100,200
50413739230831,14:00:13.739,50.7300,1500
50413739460409,14:00:13.739,50.7200,700
50413739460409,14:00:13.739,50.7200,700
50413739460409,14:00:13.739,50.7200,700
50413739460409,14:00:13.739,50.7200,415
50413739552241,14:00:13.739,50.7300,800
50413739596629,14:00:13.739,50.7300,700
50413739781828,14:00:13.739,50.7400,1700
50413739781828,14:00:13.739,50.7400,1500
50413740114728,14:00:13.740,50.7400,382
50413740211203,14:00:13.740,50.7400,33
50413740460247,14:00:13.740,50.7400,200
50413740633095,14:00:13.740,50.7300,16
50413740838945,14:00:13.740,50.7400,145
50413741939856,14:00:13.741,50.7400,1455
50413742157000,14:00:13.742,50.7400,200
50413742471917,14:00:13.742,50.7400,800
50413742471917,14:00:13.742,50.7500,104
50413742924623,14:00:13.742,50.7400,100
50413743603527,14:00:13.743,50.7500,100
50413743603527,14:00:13.743,50.7500,500
50413744262331,14:00:13.744,50.7500,200
50413746025308,14:00:13.746,50.7600,200
50413746068005,14:00:13.746,50.7600,1300
50413746489281,14:00:13.746,50.7600,200
50413747551225,14:00:13.747,50.7600,600
50413747551225,14:00:13.747,50.7600,200
50413747551225,14:00:13.747,50.7600,300
50413748240885,14:00:13.748,50.7900,100
50413748916919,14:00:13.748,50.7900,300
50413749790724,14:00:13.749,50.7900,200
50413749790724,14:00:13.749,50.7900,300
50413751280064,14:00:13.751,50.8000,500
50413751290260,14:00:13.751,50.8000,1000
50413751300980,14:00:13.751,50.8000,1600
50413751354963,14:00:13.751,50.7900,800
50413751367906,14:00:13.751,50.7900,1600
50413751410223,14:00:13.751,50.7900,300
50413751410223,14:00:13.751,50.7900,700
50413751410223,14:00:13.751,50.7900,1300
50413751644025,14:00:13.751,50.7900,100
50413751687435,14:00:13.751,50.7900,300
50413753310803,14:00:13.753,50.7900,200
50413753367139,14:00:13.753,50.7900,300
50413754091697,14:00:13.754,50.8000,100
50413754390554,14:00:13.754,50.8000,100
50413754426988,14:00:13.754,50.8000,200
50413754562289,14:00:13.754,50.8000,100
50413754566677,14:00:13.754,50.8000,100
50413755039172,14:00:13.755,50.8000,300
50413755182652,14:00:13.755,50.8000,200
50413755224822,14:00:13.755,50.8000,300
50413755246235,14:00:13.755,50.8000,100
50413755262637,14:00:13.755,50.8000,200
50413756083845,14:00:13.756,50.8000,200
50413756171673,14:00:13.756,50.8000,200
50413756443797,14:00:13.756,50.8000,1000
50413756468056,14:00:13.756,50.8000,1000
50413756532830,14:00:13.756,50.8000,1000
50413756532830,14:00:13.756,50.8000,200
50413757350934,14:00:13.757,50.8000,2200
50413762048506,14:00:13.762,50.8000,1000
50413762048506,14:00:13.762,50.8000,1000
50413762048506,14:00:13.762,50.8000,409
50413762191339,14:00:13.762,50.8000,991
50413762191339,14:00:13.762,50.8000,700
50413762191339,14:00:13.762,50.8000,600
50413762200132,14:00:13.762,50.7900,71
50413762232201,14:00:13.762,50.7900,54
50413762555259,14:00:13.762,50.7900,199
50413762581558,14:00:13.762,50.7900,75
50413762598264,14:00:13.762,50.7900,300
50413762627667,14:00:13.762,50.7900,100
50413762632904,14:00:13.762,50.7900,201
50413762632904,14:00:13.762,50.7900,90
50413763480907,14:00:13.763,50.7900,300
50413764158420,14:00:13.764,50.7900,610
50413764158420,14:00:13.764,50.7900,200
50413764158420,14:00:13.764,50.7900,100
50413764158420,14:00:13.764,50.7900,200
50413764158420,14:00:13.764,50.7900,500
50413768846300,14:00:13.768,50.7800,884
50413768873603,14:00:13.768,50.7800,10
50413769807722,14:00:13.769,50.7900,100
50413770364040,14:00:13.770,50.7900,100
50413771410685,14:00:13.771,50.7850,190
50413771410685,14:00:13.771,50.7800,3000
50413771410685,14:00:13.771,50.7800,510
50413772123517,14:00:13.772,50.7800,90
50414471836501,14:00:14.471,50.7500,100
50414471836501,14:00:14.471,50.7500,100
50414969561185,14:00:14.969,50.7600,600
50414969561185,14:00:14.969,50.7600,2188
50414969561185,14:00:14.969,50.7600,600
50414969561185,14:00:14.969,50.7600,1000
50414969691838,14:00:14.969,50.7600,620
50414969858242,14:00:14.969,50.7600,200
50414969858242,14:00:14.969,50.7600,200
50414969969207,14:00:14.969,50.7600,840
50414972244769,14:00:14.972,50.7600,200
50414972333635,14:00:14.972,50.7600,200
50414972412608,14:00:14.972,50.7600,200
50414972497050,14:00:14.972,50.7600,100
50414972723261,14:00:14.972,50.7600,100
50414972808599,14:00:14.972,50.7600,100
50414973233393,14:00:14.973,50.7600,100
50414973746180,14:00:14.973,50.7600,200
50414978388630,14:00:14.978,50.7600,12
50415260317676,14:00:15.260,50.7600,300
50415685834440,14:00:15.685,50.7600,50
50416180590838,14:00:16.180,50.7700,100
50416180605544,14:00:16.180,50.7700,100
50416180610397,14:00:16.180,50.7700,200
50416180633781,14:00:16.180,50.7700,100
50419377053533,14:00:19.377,50.7800,100
50419407605125,14:00:19.407,50.7800,100
50419885846379,14:00:19.885,50.7800,1300
50419886012532,14:00:19.886,50.7800,1000
50419886012532,14:00:19.886,50.7800,500
50419886138959,14:00:19.886,50.7800,100
50419886168853,14:00:19.886,50.7800,300
50419988797480,14:00:19.988,50.7800,2512
50419988892450,14:00:19.988,50.7800,1400
50419989326701,14:00:19.989,50.7800,1016
50419989360913,14:00:19.989,50.7800,72
50423331391683,14:00:23.331,50.7700,800
50423332337899,14:00:23.332,50.7700,800
50423333261844,14:00:23.333,50.7700,800
50423334086112,14:00:23.334,50.7700,610
50423334304379,14:00:23.334,50.7700,190
50423335083492,14:00:23.335,50.7700,600
50423335122865,14:00:23.335,50.7700,200
50423335550388,14:00:23.335,50.7700,500
50423335590086,14:00:23.335,50.7700,200
50423335768278,14:00:23.335,50.7700,100
50423340499765,14:00:23.340,50.7700,800
50423340720458,14:00:23.340,50.7700,300
50429344001709,14:00:29.344,50.8200,200
50429345316711,14:00:29.345,50.8200,1000
50429345316711,14:00:29.345,50.8200,300
50429345316711,14:00:29.345,50.8200,100
50430009031044,14:00:30.009,50.8200,100
50430009031044,14:00:30.009,50.8200,400
50430009031044,14:00:30.009,50.8200,248
50430009089492,14:00:30.009,50.8200,1100
50430009279983,14:00:30.009,50.8200,252
50430009716236,14:00:30.009,50.8200,100
50430009766997,14:00:30.009,50.8200,100
50430312990129,14:00:30.312,50.8300,100
50431035854479,14:00:31.035,50.8400,100
50431050018013,14:00:31.050,50.8400,100
50431050019941,14:00:31.050,50.8400,100
50431050202508,14:00:31.050,50.8400,100
50431050561286,14:00:31.050,50.8400,100
50431050566138,14:00:31.050,50.8400,100
50431052102838,14:00:31.052,50.8400,100
50433181023245,14:00:33.181,50.8400,500
50435322127337,14:00:35.322,50.8500,84
50435423906153,14:00:35.423,50.8500,100
50435424025801,14:00:35.424,50.8500,100
50435426216799,14:00:35.426,50.8500,100
50435426223447,14:00:35.426,50.8500,100
50435426236970,14:00:35.426,50.8500,100
50435426240476,14:00:35.426,50.8500,100
50435426241200,14:00:35.426,50.8500,100
50435426547008,14:00:35.426,50.8500,216
50436443561499,14:00:36.443,50.8600,500
50436443561499,14:00:36.443,50.8600,300
50440371592241,14:00:40.371,50.8500,1080
50440671501015,14:00:40.671,50.8500,100
50441201173574,14:00:41.201,50.8700,1200
50441201173574,14:00:41.201,50.8700,100
50441201173574,14:00:41.201,50.8700,100
50441201510276,14:00:41.201,50.8700,100
50441201528594,14:00:41.201,50.8700,200
50441201552874,14:00:41.201,50.8700,100
50441201596242,14:00:41.201,50.8700,200
50441201596242,14:00:41.201,50.8700,100
50441201604691,14:00:41.201,50.8700,2987
50441201637661,14:00:41.201,50.8700,277
50441201637661,14:00:41.201,50.8700,10
50441202130325,14:00:41.202,50.8700,1400
50441202180674,14:00:41.202,50.8700,1600
50441202180674,14:00:41.202,50.8700,200
50441202180674,14:00:41.202,50.8700,200
50441202180674,14:00:41.202,50.8700,50
50441202180674,14:00:41.202,50.8700,10
50441202228899,14:00:41.202,50.8700,500
50441202301709,14:00:41.202,50.8700,500
50441202301709,14:00:41.202,50.8700,300
50441202301709,14:00:41.202,50.8700,442
50441202411157,14:00:41.202,50.8700,58
50441202411157,14:00:41.202,50.8700,142
50441202422875,14:00:41.202,50.8700,500
50441202488047,14:00:41.202,50.8700,500
50441202494683,14:00:41.202,50.8700,800
50441202518947,14:00:41.202,50.8700,58
50441202518947,14:00:41.202,50.8700,200
50441202630668,14:00:41.202,50.8700,300
50441203208603,14:00:41.203,50.8700,500
50441203208603,14:00:41.203,50.8700,300
50442621719489,14:00:42.621,50.8700,200
50442621788330,14:00:42.621,50.8700,1600
50442621844574,14:00:42.621,50.8700,100
50444738296790,14:00:44.738,50.8800,200
50444738296790,14:00:44.738,50.8800,1500
50444738296790,14:00:44.738,50.8800,200
50444738296790,14:00:44.738,50.8800,100
50444738296790,14:00:44.738,50.8800,200
50444862725816,14:00:44.862,50.8700,1600
50446507545733,14:00:46.507,50.8700,300
50446507545733,14:00:46.507,50.8600,1000
50446507545733,14:00:46.507,50.8600,100
50446507545733,14:00:46.507,50.8600,1800
50446507545733,14:00:46.507,50.8600,600
50446508795313,14:00:46.508,50.8600,810
50446509309394,14:00:46.509,50.8600,99
50446509334571,14:00:46.509,50.8600,91
50446509334571,14:00:46.509,50.8600,810
50446511373606,14:00:46.511,50.8600,190
50446511905483,14:00:46.511,50.8600,100
50446512591701,14:00:46.512,50.8600,100
50446512701967,14:00:46.512,50.8600,100
50446512821958,14:00:46.512,50.8600,100
50446513604160,14:00:46.513,50.8600,200
50446513777318,14:00:46.513,50.8600,100
50446513865585,14:00:46.513,50.8600,710
50446513865585,14:00:46.513,50.8600,600
50446514092500,14:00:46.514,50.8600,100
50446514177907,14:00:46.514,50.8600,790
50446514417329,14:00:46.514,50.8600,1110
50446514593159,14:00:46.514,50.8600,525
50446515620412,14:00:46.515,50.8600,65
50447100516227,14:00:47.100,50.8600,360
50449288202679,14:00:49.288,50.8500,200
50449321106242,14:00:49.321,50.8500,200
50449321108907,14:00:49.321,50.8500,200
50449321150778,14:00:49.321,50.8500,200
50451046268461,14:00:51.046,50.8800,1800
50451046268461,14:00:51.046,50.8800,200
50451046268461,14:00:51.046,50.8800,100
50451047426755,14:00:51.047,50.8800,300
50451946787627,14:00:51.946,50.8800,3100
50451946997084,14:00:51.946,50.8800,300
50451946997084,14:00:51.946,50.8800,400
50451947090324,14:00:51.947,50.8800,300
50451947090324,14:00:51.947,50.8800,400
50452615553289,14:00:52.615,50.8800,300
50452615553289,14:00:52.615,50.8800,500
50452824590506,14:00:52.824,50.8800,1300
50453033466700,14:00:53.033,50.8800,200
50453035245769,14:00:53.035,50.8800,1000
50453035245769,14:00:53.035,50.8800,200
50454494293036,14:00:54.494,50.8900,100
50454494293036,14:00:54.494,50.8900,1000
50454494293036,14:00:54.494,50.8900,2300
50454904379921,14:00:54.904,50.8900,500
50454904379921,14:00:54.904,50.8900,200
50457628131656,14:00:57.628,50.9000,420
50457628131656,14:00:57.628,50.9000,1700
50457628131656,14:00:57.628,50.9000,200
50457628131656,14:00:57.628,50.9000,100
50458871082203,14:00:58.871,50.9000,300
50459167912674,14:00:59.167,50.9000,400
50459167912674,14:00:59.167,50.9000,500
50459458498951,14:00:59.458,50.9000,300
50460622921873,14:01:00.622,50.9000,400
50460661061729,14:01:00.661,50.9000,3
50466702372100,14:01:06.702,50.9300,1300
50466708280445,14:01:06.708,50.9200,1300
50466961300598,14:01:06.961,50.9100,200
50470930899504,14:01:10.930,50.9100,281
50470930922856,14:01:10.930,50.9100,119
50470934661731,14:01:10.934,50.9100,200
50471117529312,14:01:11.117,50.9100,199
50471117853063,14:01:11.117,50.9100,1
50471389458220,14:01:11.389,50.8900,1200
50471953500044,14:01:11.953,50.9100,800
50471953500044,14:01:11.953,50.9100,300
50471953500044,14:01:11.953,50.9100,1700
50471958556831,14:01:11.958,50.9200,1101
50471964431864,14:01:11.964,50.9200,4
50471964431864,14:01:11.964,50.9200,66
50471964431864,14:01:11.964,50.9200,19
50471964431864,14:01:11.964,50.9200,122
50472059936229,14:01:12.059,50.9200,366
50475996778708,14:01:15.996,50.9200,300
50476125073011,14:01:16.125,50.9200,100
50478643268279,14:01:18.643,50.9400,300
50480253405952,14:01:20.253,50.9300,300
50480267394997,14:01:20.267,50.9300,1100
50480267394997,14:01:20.267,50.9300,200
50480565854114,14:01:20.565,50.9400,100
50480565889101,14:01:20.565,50.9400,2500
50480565898852,14:01:20.565,50.9400,460
50481963551332,14:01:21.963,50.9400,800
50482000811855,14:01:22.000,50.9400,800
50482152038652,14:01:22.152,50.9400,100
50482152048928,14:01:22.152,50.9400,100
50482152069596,14:01:22.152,50.9400,100
50482152089254,14:01:22.152,50.9400,300
50482152194989,14:01:22.152,50.9400,100
50482152194989,14:01:22.152,50.9400,300
50482497590846,14:01:22.497,50.9400,300
50482497598673,14:01:22.497,50.9400,300
50482497787090,14:01:22.497,50.9400,50
50482497806493,14:01:22.497,50.9400,250
50482497875523,14:01:22.497,50.9400,300
50482497876962,14:01:22.497,50.9400,300
50482497916996,14:01:22.497,50.9400,300
50482497939699,14:01:22.497,50.9400,300
50482498105944,14:01:22.498,50.9400,250
50482498179183,14:01:22.498,50.9400,300
50482498302471,14:01:22.498,50.9400,100
50482666240542,14:01:22.666,50.9400,300
50482666279846,14:01:22.666,50.9400,300
50482666383244,14:01:22.666,50.9400,150
50482666383244,14:01:22.666,50.9300,150
50482666614684,14:01:22.666,50.9300,150
50483698715583,14:01:23.698,50.9300,100
50483698721072,14:01:23.698,50.9300,200
50483717732027,14:01:23.717,50.9300,800
50485910016174,14:01:25.910,50.9200,100
50485910019212,14:01:25.910,50.9200,100
50486283234350,14:01:26.283,50.9200,100
50486283234350,14:01:26.283,50.9200,198
50487261783762,14:01:27.261,50.9400,100
50487452938731,14:01:27.452,50.9400,300
50489076854930,14:01:29.076,50.9400,300
50491823379293,14:01:31.823,50.9400,300
50492067616123,14:01:32.067,50.9400,34
50492067634982,14:01:32.067,50.9400,166
50500661534674,14:01:40.661,50.9600,100
50500661576639,14:01:40.661,50.9600,100
50500661584850,14:01:40.661,50.9600,100
50500761301895,14:01:40.761,50.9600,100
50510963258255,14:01:50.963,50.9500,45
50510963258255,14:01:50.963,50.9500,99
50510963258255,14:01:50.963,50.9500,1
50510963267701,14:01:50.963,50.9500,99
50510963267701,14:01:50.963,50.9500,200
50510963267701,14:01:50.963,50.9500,100
50510963270446,14:01:50.963,50.9500,100
50510964238936,14:01:50.964,50.9500,100
50510985417116,14:01:50.985,50.9500,100
50510985417116,14:01:50.985,50.9500,100
50511495575481,14:01:51.495,50.9300,300
50511495575481,14:01:51.495,50.9300,100
50513006722508,14:01:53.006,50.9200,3400
50513006722508,14:01:53.006,50.9200,100
50513006722508,14:01:53.006,50.9200,100
50513006722508,14:01:53.006,50.9200,100
50513006722508,14:01:53.006,50.9200,1000
50513006722508,14:01:53.006,50.9200,1000
50513006722508,14:01:53.006,50.9200,200
50514053554167,14:01:54.053,50.9100,200
50518008754477,14:01:58.008,50.9200,100
50518008761883,14:01:58.008,50.9200,100
50518471263171,14:01:58.471,50.9300,200
50525486175625,14:02:05.486,50.9400,500
50525486175625,14:02:05.486,50.9400,200
50526160037266,14:02:06.160,50.9300,100
50526160037266,14:02:06.160,50.9300,200
50528210651002,14:02:08.210,50.9100,1000
50529025739825,14:02:09.025,50.9200,68
50529682054983,14:02:09.682,50.9100,200
50529682054983,14:02:09.682,50.9100,200
50529682054983,14:02:09.682,50.9100,1652
50529682363123,14:02:09.682,50.9100,48
50529690630993,14:02:09.690,50.9000,300
50529699942821,14:02:09.699,50.9000,72
50529700790951,14:02:09.700,50.9000,72
50529702785683,14:02:09.702,50.9000,200
50529704131313,14:02:09.704,50.9000,100
50530048463489,14:02:10.048,50.9000,100
50530048463489,14:02:10.048,50.9000,100
50530048463489,14:02:10.048,50.9000,20
50530048687516,14:02:10.048,50.9000,80
50531762003627,14:02:11.762,50.8900,100
50531762003627,14:02:11.762,50.8900,100
50531762279710,14:02:11.762,50.8900,200
50533118366370,14:02:13.118,50.8900,200
50533119036833,14:02:13.119,50.8900,500
50533119036833,14:02:13.119,50.8900,500
50533119036833,14:02:13.119,50.8900,500
50533119036833,14:02:13.119,50.8900,500
50533119036833,14:02:13.119,50.8900,600
50533119036833,14:02:13.119,50.8900,1700
50533119036833,14:02:13.119,50.8900,1000
50533119351148,14:02:13.119,50.8900,35
50533119351148,14:02:13.119,50.8900,1950
50533557372638,14:02:13.557,50.8900,200
50533864035951,14:02:13.864,50.8900,200
50533929353400,14:02:13.929,50.8900,47
50534240236288,14:02:14.240,50.8900,1760
50535877923637,14:02:15.877,50.8800,200
50535877923637,14:02:15.877,50.8800,800
50535960873555,14:02:15.960,50.8800,600
50535962469447,14:02:15.962,50.8700,2736
50535964172751,14:02:15.964,50.8700,364
50535964172751,14:02:15.964,50.8700,600
50536145990440,14:02:16.145,50.8700,600
50537447746037,14:02:17.447,50.8600,200
50537447746037,14:02:17.447,50.8600,200
50537447822849,14:02:17.447,50.8600,100
50537826017385,14:02:17.826,50.8600,514
50537826092398,14:02:17.826,50.8600,486
50537826092398,14:02:17.826,50.8600,1100
50537826092398,14:02:17.826,50.8500,1400
50537826092398,14:02:17.826,50.8500,200
50537826092398,14:02:17.826,50.8500,314
50537838878111,14:02:17.838,50.8500,100
50537853834802,14:02:17.853,50.8500,400
50539032481301,14:02:19.032,50.8600,200
50539032481301,14:02:19.032,50.8600,1000
50539564490573,14:02:19.564,50.8600,800
50539564490573,14:02:19.564,50.8600,400
50540297957380,14:02:20.297,50.8600,134
50540417965927,14:02:20.417,50.8600,412
50540548474763,14:02:20.548,50.8600,888
50540548474763,14:02:20.548,50.8600,1200
50541826846085,14:02:21.826,50.8600,50
50541827308058,14:02:21.827,50.8600,150
50541927655193,14:02:21.927,50.8600,800
50541927655193,14:02:21.927,50.8600,100
50541927655193,14:02:21.927,50.8600,400
50542981318373,14:02:22.981,50.8500,11
50543783369788,14:02:23.783,50.8400,200
50547457946055,14:02:27.457,50.8500,177
50549993653294,14:02:29.993,50.8300,400
50550001920775,14:02:30.001,50.8300,200
50550001920775,14:02:30.001,50.8300,399
50550001958528,14:02:30.001,50.8300,301
50550043969306,14:02:30.043,50.8300,200
50550043969306,14:02:30.043,50.8300,100
50550756270879,14:02:30.756,50.8300,300
50551146625638,14:02:31.146,50.8300,13
50551146625638,14:02:31.146,50.8300,83
50551146625638,14:02:31.146,50.8300,8
50551512494391,14:02:31.512,50.8300,3
50553292695162,14:02:33.292,50.8400,200
50558302640857,14:02:38.302,50.8200,103
50558302640857,14:02:38.302,50.8200,100
50559626610452,14:02:39.626,50.8200,67
50559626610452,14:02:39.626,50.8200,40
50560554012535,14:02:40.554,50.8300,200
50564678070308,14:02:44.678,50.8300,100
50565204485838,14:02:45.204,50.8400,14
50565204485838,14:02:45.204,50.8400,52
50565204485838,14:02:45.204,50.8400,16
50565204485838,14:02:45.204,50.8400,18
50565204589845,14:02:45.204,50.8400,18
50565210168642,14:02:45.210,50.8400,100
50565526307832,14:02:45.526,50.8400,300
50565833951304,14:02:45.833,50.8400,400
50567733708329,14:02:47.733,50.8500,124
50567733719135,14:02:47.733,50.8500,376
50567833792404,14:02:47.833,50.8500,100
50567833850797,14:02:47.833,50.8500,100
50568569587561,14:02:48.569,50.8500,200
50570449882813,14:02:50.449,50.8500,100
50570449966362,14:02:50.449,50.8500,100
50570450039490,14:02:50.450,50.8500,100
50570451499211,14:02:50.451,50.8600,100
50570451585917,14:02:50.451,50.8600,100
50570451796781,14:02:50.451,50.8600,100
50570451852520,14:02:50.451,50.8600,100
50570941582810,14:02:50.941,50.8500,100
50570941582810,14:02:50.941,50.8500,100
50570941582810,14:02:50.941,50.8500,100
50570960846298,14:02:50.960,50.8500,100
50572472915202,14:02:52.472,50.8600,100
50572496326907,14:02:52.496,50.8700,42
50572496326907,14:02:52.496,50.8700,58
50575529720508,14:02:55.529,50.8600,100
50576396627704,14:02:56.396,50.8600,1500
50576396627704,14:02:56.396,50.8700,142
50576396627704,14:02:56.396,50.8700,100
50576396627704,14:02:56.396,50.8700,500
50576396627704,14:02:56.396,50.8700,300
50576396627704,14:02:56.396,50.8700,1258
50576397299149,14:02:56.397,50.8700,342
50578933259858,14:02:58.933,50.8800,74
50578933259858,14:02:58.933,50.8800,26
50580112887530,14:03:00.112,50.8800,38
50580112887530,14:03:00.112,50.8800,62
50580112887530,14:03:00.112,50.8800,100
50580112887530,14:03:00.112,50.8800,100
50580112887530,14:03:00.112,50.8800,38
50580112887530,14:03:00.112,50.8800,100
50581756725061,14:03:01.756,50.8800,100
50582714042730,14:03:02.714,50.8900,100
50585081895677,14:03:05.081,50.8900,100
50585081895677,14:03:05.081,50.8900,100
50585860608220,14:03:05.860,50.8900,100
50585860612665,14:03:05.860,50.8900,100
50586131720386,14:03:06.131,50.8900,100
50589610907924,14:03:09.610,50.9000,100
50589610907924,14:03:09.610,50.9000,100
50589610907924,14:03:09.610,50.9000,47
50589611266685,14:03:09.611,50.9000,53
50589611266685,14:03:09.611,50.9000,100
50592335329069,14:03:12.335,50.9100,100
50592335394216,14:03:12.335,50.9100,100
50592335441185,14:03:12.335,50.9100,100
50592335603932,14:03:12.335,50.9100,100
50592335603932,14:03:12.335,50.9100,100
50592335655442,14:03:12.335,50.9100,100
50592393245067,14:03:12.393,50.9100,100
50592521124462,14:03:12.521,50.9100,100
50592521183138,14:03:12.521,50.9100,100
50592621081344,14:03:12.621,50.9100,300
50592621081344,14:03:12.621,50.9100,200
50592645839073,14:03:12.645,50.9100,100
50592924080022,14:03:12.924,50.9100,27
50592924080022,14:03:12.924,50.9100,73
50592970245341,14:03:12.970,50.9100,14
50594696662798,14:03:14.696,50.9200,100
50595028991380,14:03:15.028,50.9100,100
50595029066538,14:03:15.029,50.9100,100
50595029145241,14:03:15.029,50.9100,100
50595197160758,14:03:15.197,50.9200,100
50595197229981,14:03:15.197,50.9200,100
50595197303713,14:03:15.197,50.9200,100
50596704985136,14:03:16.704,50.9100,100
50598586008075,14:03:18.586,50.9200,24
50598595868649,14:03:18.595,50.9200,200
50598595868649,14:03:18.595,50.9200,100
50598648683819,14:03:18.648,50.9200,300
50598648683819,14:03:18.648,50.9200,100
50600355864855,14:03:20.355,50.9300,400
50600621692513,14:03:20.621,50.9300,200
50600623737803,14:03:20.623,50.9300,100
50600623742038,14:03:20.623,50.9300,100
50601261279268,14:03:21.261,50.9400,32
50601261279268,14:03:21.261,50.9400,104
50601261279268,14:03:21.261,50.9400,100
50601262005045,14:03:21.262,50.9400,87
50601262005045,14:03:21.262,50.9400,13
50601285401447,14:03:21.285,50.9400,300
50601285401447,14:03:21.285,50.9400,700
50601285401447,14:03:21.285,50.9400,700
50601285401447,14:03:21.285,50.9400,600
50601285401447,14:03:21.285,50.9400,587
50601285401447,14:03:21.285,50.9400,199
50602406982147,14:03:22.406,50.9400,700
50605615920674,14:03:25.615,50.9400,400
50605615920674,14:03:25.615,50.9400,100
50607730190899,14:03:27.730,50.9300,100
50609437578180,14:03:29.437,50.9300,100
50609990092830,14:03:29.990,50.9300,35
50609990092830,14:03:29.990,50.9300,130
50610296411083,14:03:30.296,50.9300,100
50610412013448,14:03:30.412,50.9300,100
50612370487847,14:03:32.370,50.9200,100
50612370487847,14:03:32.370,50.9200,100
50612480792727,14:03:32.480,50.9200,100
50612480880932,14:03:32.480,50.9200,100
50612517944226,14:03:32.517,50.9200,100
50612586086819,14:03:32.586,50.9200,100
50612598176781,14:03:32.598,50.9200,100
50612626489749,14:03:32.626,50.9200,300
50612903739384,14:03:32.903,50.9200,100
50612914295251,14:03:32.914,50.9200,200
50613033825280,14:03:33.033,50.9200,100
50615081533810,14:03:35.081,50.9300,200
50615081533810,14:03:35.081,50.9300,500
50615081533810,14:03:35.081,50.9300,100
50616587216418,14:03:36.587,50.9200,100
50616587259784,14:03:36.587,50.9200,100
50621872448713,14:03:41.872,50.9100,200
50622250439130,14:03:42.250,50.9100,200
50622367037357,14:03:42.367,50.9100,200
50622367037357,14:03:42.367,50.9100,284
50622367048197,14:03:42.367,50.9100,516
50623031216258,14:03:43.031,50.9200,100
50623031524751,14:03:43.031,50.9200,100
50623451217276,14:03:43.451,50.9200,100
50623451572805,14:03:43.451,50.9200,100
50624196212468,14:03:44.196,50.9200,100
50624196509683,14:03:44.196,50.9200,100
50625488481394,14:03:45.488,50.9100,100
50625488559082,14:03:45.488,50.9100,100
50625518905695,14:03:45.518,50.9300,100
50625519195581,14:03:45.519,50.9300,100
50625601406441,14:03:45.601,50.9300,100
50625664058261,14:03:45.664,50.9200,100
50625674704528,14:03:45.674,50.9200,100
50625674779430,14:03:45.674,50.9200,100
50625911272401,14:03:45.911,50.9200,45
50625911272401,14:03:45.911,50.9200,60
50626526774361,14:03:46.526,50.9100,500
50626526774361,14:03:46.526,50.9100,16
50627123928182,14:03:47.123,50.9000,500
50627123928182,14:03:47.123,50.9000,20
50627124124054,14:03:47.124,50.9000,100
50627124190300,14:03:47.124,50.8900,500
50627124190300,14:03:47.124,50.8900,300
50627124190300,14:03:47.124,50.8900,1252
50627951590945,14:03:47.951,50.8900,100
50629571918236,14:03:49.571,50.8800,400
50629571918236,14:03:49.571,50.8800,700
50629571918236,14:03:49.571,50.8800,200
50629852319349,14:03:49.852,50.8800,800
50629852319349,14:03:49.852,50.8800,148
50629852367465,14:03:49.852,50.8800,352
50629852367465,14:03:49.852,50.8800,500
50629859266759,14:03:49.859,50.8700,200
50629859266759,14:03:49.859,50.8700,400
50629859266759,14:03:49.859,50.8700,500
50629859266759,14:03:49.859,50.8700,224
50629859292526,14:03:49.859,50.8700,1276
50629870714839,14:03:49.870,50.8700,94
50629870735111,14:03:49.870,50.8700,55
50629870752129,14:03:49.870,50.8700,100
50629870866048,14:03:49.870,50.8700,100
50629870873426,14:03:49.870,50.8700,451
50629870873426,14:03:49.870,50.8700,700
50629870873426,14:03:49.870,50.8700,121
50629870877166,14:03:49.870,50.8700,100
50629870946448,14:03:49.870,50.8700,679
50631239457163,14:03:51.239,50.8700,100
50631239553367,14:03:51.239,50.8700,100
50631239899059,14:03:51.239,50.8700,100
50631499979732,14:03:51.499,50.8600,200
50631499979732,14:03:51.499,50.8600,500
50631500422928,14:03:51.500,50.8600,100
50631522498426,14:03:51.522,50.8600,100
50632373272006,14:03:52.373,50.8700,100
50632373343002,14:03:52.373,50.8700,100
50632373565830,14:03:52.373,50.8700,100
50632385485819,14:03:52.385,50.8600,100
50632385559121,14:03:52.385,50.8600,100
50632385621549,14:03:52.385,50.8600,100
50632629767161,14:03:52.629,50.8700,100
50632630133782,14:03:52.630,50.8700,100
50632638923867,14:03:52.638,50.8600,100
50632770612738,14:03:52.770,50.8600,100
50632770672560,14:03:52.770,50.8600,100
50633979277818,14:03:53.979,50.8700,100
50636208483198,14:03:56.208,50.8500,200
50640659031447,14:04:00.659,50.8700,200
50640659031447,14:04:00.659,50.8700,200
50641762345649,14:04:01.762,50.8800,100
50641762345649,14:04:01.762,50.8800,100
50641762345649,14:04:01.762,50.8800,100
50643666994131,14:04:03.666,50.8800,400
50646420758583,14:04:06.420,50.8900,100
50646429443008,14:04:06.429,50.8900,400
50646429443008,14:04:06.429,50.8900,1
50646520418009,14:04:06.520,50.8900,1100
50646520454766,14:04:06.520,50.8900,700
50646548849350,14:04:06.548,50.8900,100
50646548935987,14:04:06.548,50.8900,100
50646549071254,14:04:06.549,50.8900,100
50646678374919,14:04:06.678,50.9000,100
50646678560362,14:04:06.678,50.9000,100
50646678654671,14:04:06.678,50.9000,100
50646678729042,14:04:06.678,50.9000,100
50646861587587,14:04:06.861,50.8900,100
50646861668607,14:04:06.861,50.8900,100
50646862105168,14:04:06.862,50.8900,100
50647057121574,14:04:07.057,50.9000,100
50647057566977,14:04:07.057,50.8900,100
50647057658020,14:04:07.057,50.8900,7
50647057658020,14:04:07.057,50.8900,93
50647057732841,14:04:07.057,50.8900,100
50647140364994,14:04:07.140,50.9000,100
50647140433040,14:04:07.140,50.9000,100
50647140697162,14:04:07.140,50.9000,100
50647140747752,14:04:07.140,50.9000,100
50647141428248,14:04:07.141,50.9000,100
50647190690168,14:04:07.190,50.8900,93
50647190690168,14:04:07.190,50.8900,7
50647191471381,14:04:07.191,50.8900,100
50647192772514,14:04:07.192,50.8900,100
50647428886951,14:04:07.428,50.9000,100
50647428977456,14:04:07.428,50.9000,100
50647429184208,14:04:07.429,50.9000,100
50649316867157,14:04:09.316,50.8900,100
50649316947305,14:04:09.316,50.8900,100
50649317018882,14:04:09.317,50.8900,100
50649385594260,14:04:09.385,50.9000,100
50649472943666,14:04:09.472,50.9000,100
50649473037690,14:04:09.473,50.9000,100
50649492829691,14:04:09.492,50.8900,100
50649492907154,14:04:09.492,50.8900,100
50649495268920,14:04:09.495,50.8900,100
50650376273627,14:04:10.376,50.9000,568
50650376281749,14:04:10.376,50.9000,100
50650376348584,14:04:10.376,50.9000,100
50650376363791,14:04:10.376,50.9000,432
50652620880758,14:04:12.620,50.9150,300
50655763946563,14:04:15.763,50.9200,400
50655763946563,14:04:15.763,50.9200,100
50658761818526,14:04:18.761,50.9300,200
50658761818526,14:04:18.761,50.9300,1000
50658761818526,14:04:18.761,50.9300,500
50658966114722,14:04:18.966,50.9300,200
50660711737002,14:04:20.711,50.9400,200
50661399107932,14:04:21.399,50.9500,200
50661399244996,14:04:21.399,50.9500,100
50661774973368,14:04:21.774,50.9500,200
50662999083224,14:04:22.999,50.9400,200
50666119109438,14:04:26.119,50.9500,100
50666119109438,14:04:26.119,50.9500,100
50669574235233,14:04:29.574,50.9600,100
50669574461225,14:04:29.574,50.9600,100
50669586883509,14:04:29.586,50.9700,1700
50669587277500,14:04:29.587,50.9700,2200
50669694545615,14:04:29.694,50.9700,300
50671279682993,14:04:31.279,50.9600,92
50673782670706,14:04:33.782,50.9600,300
50674362102739,14:04:34.362,50.9600,700
50674925245987,14:04:34.925,50.9700,300
50674925245987,14:04:34.925,50.9700,200
50676105211809,14:04:36.105,50.9750,100
50676105729362,14:04:36.105,50.9750,100
50676106654910,14:04:36.106,50.9750,50
50676106654910,14:04:36.106,50.9750,31
50676425036793,14:04:36.425,50.9800,300
50676426135444,14:04:36.426,50.9800,600
50676426135444,14:04:36.426,50.9800,10
50676429387186,14:04:36.429,50.9800,1
50680124096372,14:04:40.124,50.9950,100
