timestamp,time,price,volume
34200920745850,09:30:00.920,9.0000,321
34675404879554,09:37:55.404,8.9800,100
34784408194686,09:39:44.408,8.9800,100
34900611916773,09:41:40.611,8.9800,100
34930409034584,09:42:10.409,8.9900,100
34931060397176,09:42:11.060,9.0000,238
34931060450644,09:42:11.060,9.0000,100
34931060933378,09:42:11.060,9.0000,5332
34931060933378,09:42:11.060,9.0000,68
34931060947021,09:42:11.060,9.0000,32
34931060947021,09:42:11.060,9.0000,15
34931060947021,09:42:11.060,9.0000,153
34931061018231,09:42:11.061,9.0000,47
34931652812328,09:42:11.652,8.9600,100
35030824385255,09:43:50.824,8.9900,100
35030824385255,09:43:50.824,8.9900,100
35030824385255,09:43:50.824,9.0000,100
35030847760992,09:43:50.847,8.9900,100
35030847760992,09:43:50.847,9.0000,100
35030847760992,09:43:50.847,9.0000,100
35030869981629,09:43:50.869,9.0000,100
35030869981629,09:43:50.869,9.0000,100
35030869981629,09:43:50.869,9.0000,100
35030890648449,09:43:50.890,9.0000,100
35030908415376,09:43:50.908,9.0000,100
35030926472729,09:43:50.926,9.0000,100
35039419387293,09:43:59.419,9.0000,100
35192423751307,09:46:32.423,9.0000,100
35297227129430,09:48:17.227,9.0000,100
35298311736603,09:48:18.311,8.9700,100
35476832712926,09:51:16.832,8.9900,100
35544431496777,09:52:24.431,8.9800,100
35545432521663,09:52:25.432,8.9800,18
35679238115896,09:54:39.238,9.0000,100
35880243987094,09:58:00.243,9.0000,100
35986247557495,09:59:46.247,9.0000,100
35986247655110,09:59:46.247,9.0000,100
35986247655110,09:59:46.247,9.0000,29
35986266149244,09:59:46.266,9.0000,71
35986266149244,09:59:46.266,9.0000,100
35986266149244,09:59:46.266,9.0000,100
35986266149244,09:59:46.266,9.0000,100
35986266149244,09:59:46.266,9.0000,100
35986266514159,09:59:46.266,9.0000,100
35986266514159,09:59:46.266,9.0000,300
35986266514159,09:59:46.266,9.0000,100
36095450632191,10:01:35.450,9.0000,100
36104358736384,10:01:44.358,8.9800,82
36104358736384,10:01:44.358,8.9800,18
36104513625479,10:01:44.513,8.9800,82
36104513625479,10:01:44.513,8.9800,18
36105881753682,10:01:45.881,8.9800,82
36105881753682,10:01:45.881,8.9800,18
36107268720129,10:01:47.268,8.9800,82
36107268720129,10:01:47.268,8.9500,18
36122836794994,10:02:02.836,8.9600,100
36484528644006,10:08:04.528,8.9600,78
36484528644006,10:08:04.528,8.9600,22
36487462885866,10:08:07.462,8.9700,100
36639061876821,10:10:39.061,8.9600,78
36639061876821,10:10:39.061,8.9600,100
36639061876821,10:10:39.061,8.9600,100
36639061876821,10:10:39.061,8.9600,122
36649690527246,10:10:49.690,8.9600,100
36650862497191,10:10:50.862,8.9600,300
36651715070926,10:10:51.715,8.9600,100
36651715981941,10:10:51.715,8.9600,269
36651715981941,10:10:51.715,8.9600,100
37264430925015,10:21:04.430,8.9500,100
37264430925015,10:21:04.430,8.9500,100
37446713635459,10:24:06.713,8.9600,100
37669000157398,10:27:49.000,8.9600,100
37670002046239,10:27:50.002,8.9600,100
38108092850607,10:35:08.092,8.9700,100
38108092850607,10:35:08.092,8.9700,100
38108092850607,10:35:08.092,8.9700,100
38108092850607,10:35:08.092,8.9700,100
38108092850607,10:35:08.092,8.9700,100
38108092850607,10:35:08.092,8.9700,100
38118381174403,10:35:18.381,8.9700,100
38233120752984,10:37:13.120,8.9700,100
38365125099259,10:39:25.125,8.9700,100
38365125136864,10:39:25.125,8.9700,25
38365125147342,10:39:25.125,8.9700,75
38468122521230,10:41:08.122,8.9700,100
38602133423854,10:43:22.133,8.9700,100
38695136632418,10:44:55.136,8.9700,100
38729952250136,10:45:29.952,8.9700,100
38807133944634,10:46:47.133,8.9700,100
38812711803423,10:46:52.711,8.9700,56
38812711887511,10:46:52.711,8.9700,12
38812712074727,10:46:52.712,8.9700,32
38936137993041,10:48:56.137,8.9700,100
39025140879457,10:50:25.140,8.9700,100
39248404746377,10:54:08.404,8.9600,100
39248404746377,10:54:08.404,8.9600,9
39248404746377,10:54:08.404,8.9600,100
39248404746377,10:54:08.404,8.9600,91
39248404789663,10:54:08.404,8.9600,9
39248404789663,10:54:08.404,8.9600,100
39248404789663,10:54:08.404,8.9600,100
39248404789663,10:54:08.404,8.9600,54
39248404804999,10:54:08.404,8.9600,46
39248404804999,10:54:08.404,8.9600,19
39248404808886,10:54:08.404,8.9600,66
39747356486534,11:02:27.356,8.9600,15
39747356486534,11:02:27.356,8.9600,100
39747356486534,11:02:27.356,8.9600,85
39818109364110,11:03:38.109,8.9600,15
39818109364110,11:03:38.109,8.9600,85
40173627779884,11:09:33.627,8.9600,15
40173627779884,11:09:33.627,8.9600,100
40173627779884,11:09:33.627,8.9600,100
40173627779884,11:09:33.627,8.9600,100
40173627779884,11:09:33.627,8.9600,9
40173627779884,11:09:33.627,8.9600,100
40173627779884,11:09:33.627,8.9600,76
40178245514394,11:09:38.245,8.9600,24
40178245514394,11:09:38.245,8.9600,76
40178246059509,11:09:38.246,8.9600,24
40944938719914,11:22:24.938,8.9600,100
41030991449745,11:23:50.991,8.9600,100
41030991449745,11:23:50.991,8.9600,100
41031044367866,11:23:51.044,8.9600,100
41031044367866,11:23:51.044,8.9600,100
41035473089346,11:23:55.473,8.9600,100
41945221747882,11:39:05.221,8.9700,100
42139804993665,11:42:19.804,8.9700,100
42140023790885,11:42:20.023,8.9700,100
42140023790885,11:42:20.023,8.9700,100
42987069642130,11:56:27.069,8.9700,1000
42987069642130,11:56:27.069,8.9700,100
42987069642130,11:56:27.069,8.9700,100
43384207935034,12:03:04.207,8.9500,100
43384208012742,12:03:04.208,8.9500,400
43384208012742,12:03:04.208,8.9500,12
43384208012742,12:03:04.208,8.9500,100
43384208012742,12:03:04.208,8.9500,100
43384698774386,12:03:04.698,8.9200,100
43385209643488,12:03:05.209,8.9200,100
44449737514420,12:20:49.737,8.9600,100
44617153402078,12:23:37.153,8.9700,100
44780151315265,12:26:20.151,8.9800,100
45134163343807,12:32:14.163,8.9900,100
45322928635850,12:35:22.928,8.9700,100
45540575951412,12:39:00.575,8.9800,100
45679898915928,12:41:19.898,8.9700,100
45679898995871,12:41:19.898,8.9700,200
45679899076436,12:41:19.899,8.9600,10
45680900653718,12:41:20.900,8.9700,200
45689924937700,12:41:29.924,8.9400,100
46437078634325,12:53:57.078,8.9400,100
46957335860253,13:02:37.335,8.9600,32
47179654726877,13:06:19.654,8.9500,100
47588808411328,13:13:08.808,8.9500,100
47603817791052,13:13:23.817,8.9500,300
47604819538031,13:13:24.819,8.9500,42
47605951382398,13:13:25.951,8.9500,58
47605951382398,13:13:25.951,8.9300,42
47606172650714,13:13:26.172,8.9300,58
47606172650714,13:13:26.172,8.9200,42
48639877590264,13:30:39.877,8.9500,100
48639877686537,13:30:39.877,8.9500,45
48639878879701,13:30:39.878,8.9500,5
49115300266061,13:38:35.300,8.9600,100
49352343870746,13:42:32.343,8.9600,100
49353345482263,13:42:33.345,8.9600,100
49485886739050,13:44:45.886,8.9600,100
49485887415903,13:44:45.887,8.9600,100
50226010260374,13:57:06.010,8.9500,100
50226010364475,13:57:06.010,8.9400,329
50226010552238,13:57:06.010,8.9400,112
50403341014039,14:00:03.341,8.9400,100
50410060089158,14:00:10.060,8.9400,100
50410060144561,14:00:10.060,8.9400,100
50410060168267,14:00:10.060,8.9400,59
50410060168267,14:00:10.060,8.9400,41
50410060196284,14:00:10.060,8.9400,100
50410060370838,14:00:10.060,8.9400,37
50410060397173,14:00:10.060,8.9400,40
50410060587591,14:00:10.060,8.9400,82
50410060587591,14:00:10.060,8.9400,218
50410070810820,14:00:10.070,8.9400,112
50417463797626,14:00:17.463,8.9400,100
50422203502365,14:00:22.203,8.9400,200
50619342183942,14:03:39.342,8.9400,70
50703126497849,14:05:03.126,8.9500,100
50713446512083,14:05:13.446,8.9500,100
50783352514161,14:06:23.352,8.9500,32
50783352743478,14:06:23.352,8.9500,68
50900551437217,14:08:20.551,8.9500,100
50926354958509,14:08:46.354,8.9500,300
50927356618276,14:08:47.356,8.9500,100
50927356655355,14:08:47.356,8.9500,113
50927356666072,14:08:47.356,8.9500,41
50927356794304,14:08:47.356,8.9500,46
50928358473750,14:08:48.358,8.9500,100
51762160282995,14:22:42.160,8.9600,70
52498743383217,14:34:58.743,8.9700,100
52498743383217,14:34:58.743,8.9700,100
52498743383217,14:34:58.743,8.9700,100
52498743383217,14:34:58.743,8.9700,100
52498743383217,14:34:58.743,8.9700,100
52498743383217,14:34:58.743,8.9700,100
52498743383217,14:34:58.743,8.9700,100
52498743383217,14:34:58.743,8.9700,100
52498743383217,14:34:58.743,8.9700,100
52503086825350,14:35:03.086,8.9700,100
52511262058425,14:35:11.262,8.9600,9
52511604888222,14:35:11.604,8.9700,100
52511604888222,14:35:11.604,8.9700,100
52565202858334,14:36:05.202,8.9500,9
53792846846467,14:56:32.846,8.9600,24
53792846862420,14:56:32.846,8.9600,74
53792846934923,14:56:32.846,8.9600,2
53808913961023,14:56:48.913,8.9500,400
54294516188708,15:04:54.516,8.9600,100
55337884013152,15:22:17.884,8.9600,93
55337987701448,15:22:17.987,8.9600,7
55337987701448,15:22:17.987,8.9600,293
55337987753250,15:22:17.987,8.9600,7
55337987753250,15:22:17.987,8.9600,10
55374023738600,15:22:54.023,8.9600,300
55374023738600,15:22:54.023,8.9600,100
55404453781184,15:23:24.453,8.9600,300
55404453781184,15:23:24.453,8.9600,100
56146261652632,15:35:46.261,8.9300,100
56146261712410,15:35:46.261,8.9300,100
56146261733531,15:35:46.261,8.9300,100
56146261873890,15:35:46.261,8.9200,58
56146262656539,15:35:46.262,8.9200,58
56156290397499,15:35:56.290,8.9400,2
56186293505556,15:36:26.293,8.9300,15
56247336269252,15:37:27.336,8.9300,16
56295231823962,15:38:15.231,8.9300,100
56295231913485,15:38:15.231,8.9300,69
56295231913485,15:38:15.231,8.9300,49
56295232686747,15:38:15.232,8.9300,51
56296232834468,15:38:16.232,8.9200,17
56296232834468,15:38:16.232,8.9300,83
56655559888866,15:44:15.559,8.9300,9
56731354631337,15:45:31.354,8.9300,100
56779505796731,15:46:19.505,8.9300,21
56895613147786,15:48:15.613,8.9500,13
57224972587167,15:53:44.972,8.9500,30
57265176688314,15:54:25.176,8.9500,30
57376377657920,15:56:16.377,8.9500,3
57376377657920,15:56:16.377,8.9500,10
57376377657920,15:56:16.377,8.9500,3
57395178469473,15:56:35.178,8.9500,30
57395178469473,15:56:35.178,8.9500,1
57407181082817,15:56:47.181,8.9600,69
57434581494487,15:57:14.581,8.9600,100
57446780156281,15:57:26.780,8.9500,30
57446780156281,15:57:26.780,8.9500,3
57446781375389,15:57:26.781,8.9600,66
57458382621083,15:57:38.382,8.9600,100
57469582864415,15:57:49.582,8.9600,100
57480583571046,15:58:00.583,8.9600,100
57494183874956,15:58:14.183,8.9600,30
57494183874956,15:58:14.183,8.9600,70
57503784109271,15:58:23.784,8.9600,30
57503784109271,15:58:23.784,8.9600,70
57510120556918,15:58:30.120,8.9600,9
57514584477609,15:58:34.584,8.9600,21
57514584477609,15:58:34.584,8.9600,79
57523584858075,15:58:43.584,8.9600,21
57523584858075,15:58:43.584,8.9600,79
57538185265802,15:58:58.185,8.9600,100
57547184739584,15:59:07.184,8.9600,30
57547184739584,15:59:07.184,8.9600,70
57555184957540,15:59:15.184,8.9600,30
57555184957540,15:59:15.184,8.9600,70
57563785347197,15:59:23.785,8.9600,30
57563785347197,15:59:23.785,8.9600,70
57570557971041,15:59:30.557,8.9600,30
57570557971041,15:59:30.557,8.9600,100
57570557971041,15:59:30.557,8.9600,100
57570558415269,15:59:30.558,8.9600,100
57570558437116,15:59:30.558,8.9600,100
57570558550708,15:59:30.558,8.9600,43
57570779368042,15:59:30.779,8.9600,57
57570779368042,15:59:30.779,8.9600,43
57574779508262,15:59:34.779,8.9600,57
57574779508262,15:59:34.779,8.9600,43
57590838516604,15:59:50.838,8.9600,1
57591121869283,15:59:51.121,8.9400,77
57591121955948,15:59:51.121,8.9400,97
57593980187993,15:59:53.980,8.9600,99
57593980187993,15:59:53.980,8.9600,1
57594180915668,15:59:54.180,8.9600,80
57600503743626,16:00:00.503,8.9400,100
