timestamp,time,price,volume
34200946696511,09:30:00.946,11.2900,1081
34681329682035,09:38:01.329,11.2400,300
34681352458178,09:38:01.352,11.2400,100
34681352458178,09:38:01.352,11.2400,100
34716853650061,09:38:36.853,11.2600,35
34716853650061,09:38:36.853,11.2600,1
34716853650061,09:38:36.853,11.2600,42
34716855813544,09:38:36.855,11.2600,100
34716855904543,09:38:36.855,11.2600,100
34759823475131,09:39:19.823,11.2400,300
34759823475131,09:39:19.823,11.2400,100
34759823475131,09:39:19.823,11.2400,100
34759823475131,09:39:19.823,11.2400,100
34759823475131,09:39:19.823,11.2400,10
34759823475131,09:39:19.823,11.2400,100
34759823475131,09:39:19.823,11.2400,100
34759824647625,09:39:19.824,11.2300,100
34759830078036,09:39:19.830,11.2150,90
34760613408184,09:39:20.613,11.2300,100
34768127083969,09:39:28.127,11.2200,10
34768127083969,09:39:28.127,11.2100,90
34768127083969,09:39:28.127,11.2100,100
34768532621024,09:39:28.532,11.2000,100
34769111662511,09:39:29.111,11.2000,100
34769112240031,09:39:29.112,11.2000,100
34780195853498,09:39:40.195,11.2300,100
34780196070371,09:39:40.196,11.2300,100
34780196110537,09:39:40.196,11.2300,100
34780196855467,09:39:40.196,11.2400,100
34784180462007,09:39:44.180,11.2400,100
34787047348874,09:39:47.047,11.2300,100
34787109516002,09:39:47.109,11.2300,100
34816457171909,09:40:16.457,11.2600,100
34816457293599,09:40:16.457,11.2600,46
34816457293599,09:40:16.457,11.2600,100
34872447300980,09:41:12.447,11.2500,100
34872447300980,09:41:12.447,11.2500,100
34872447489205,09:41:12.447,11.2500,100
34872447777360,09:41:12.447,11.2500,100
34872447800064,09:41:12.447,11.2500,100
34872448259260,09:41:12.448,11.2500,100
34934731418358,09:42:14.731,11.2600,100
34934731481983,09:42:14.731,11.2900,100
34934731481983,09:42:14.731,11.2900,100
34978153115386,09:42:58.153,11.2600,100
35151746281235,09:45:51.746,11.2900,100
35151749253965,09:45:51.749,11.3000,100
35152440562415,09:45:52.440,11.3000,100
35153119614321,09:45:53.119,11.3000,100
35174724277281,09:46:14.724,11.3000,100
35250231433407,09:47:30.231,11.3300,100
35250231911390,09:47:30.231,11.3300,15
35261330870431,09:47:41.330,11.3200,100
35261330870431,09:47:41.330,11.3200,100
35261330870431,09:47:41.330,11.3200,100
35261330870431,09:47:41.330,11.3200,100
35261331624352,09:47:41.331,11.3100,100
35261332334578,09:47:41.332,11.3000,100
35261332334578,09:47:41.332,11.3000,100
35261332334578,09:47:41.332,11.3000,100
35361309958748,09:49:21.309,11.2700,100
35361310317394,09:49:21.310,11.2600,100
35489278436045,09:51:29.278,11.2600,100
35489278436045,09:51:29.278,11.2600,100
35578373719207,09:52:58.373,11.2500,100
35633049406927,09:53:53.049,11.2500,100
35633049460005,09:53:53.049,11.2500,100
35633049484347,09:53:53.049,11.2500,100
35633049699630,09:53:53.049,11.2500,100
35633049887693,09:53:53.049,11.2500,100
35633049887693,09:53:53.049,11.2500,100
35633049887693,09:53:53.049,11.2500,100
35633050449027,09:53:53.050,11.2500,100
35633050449027,09:53:53.050,11.2500,100
35633050449027,09:53:53.050,11.2500,100
35633050449027,09:53:53.050,11.2500,100
35648260307754,09:54:08.260,11.2800,100
35745482047975,09:55:45.482,11.2900,100
35745499548432,09:55:45.499,11.2800,100
35745499548432,09:55:45.499,11.2800,100
35748060186049,09:55:48.060,11.2600,100
35766070764379,09:56:06.070,11.2500,100
35766070882323,09:56:06.070,11.2500,100
35766070892776,09:56:06.070,11.2500,100
35766070939814,09:56:06.070,11.2500,100
35766070982363,09:56:06.070,11.2500,100
35766071069965,09:56:06.071,11.2500,100
35766071121519,09:56:06.071,11.2500,100
35767553084265,09:56:07.553,11.2500,100
35767553138394,09:56:07.553,11.2500,100
35767553259701,09:56:07.553,11.2500,100
35767553332084,09:56:07.553,11.2500,100
35767553332084,09:56:07.553,11.2500,100
35768124793018,09:56:08.124,11.2600,100
35768124793018,09:56:08.124,11.2600,100
35796100103107,09:56:36.100,11.2600,100
35886117823019,09:58:06.117,11.2500,100
35886117823019,09:58:06.117,11.2500,100
35886117823019,09:58:06.117,11.2500,70
35886117934116,09:58:06.117,11.2500,100
35886117934116,09:58:06.117,11.2500,200
35886117977753,09:58:06.117,11.2500,200
35886118119911,09:58:06.118,11.2500,100
35886118913747,09:58:06.118,11.2500,100
35929209108749,09:58:49.209,11.2500,100
35929209108749,09:58:49.209,11.2500,100
35929209301944,09:58:49.209,11.2500,100
35929209876813,09:58:49.209,11.2500,100
35929209876813,09:58:49.209,11.2500,100
35943599578754,09:59:03.599,11.2500,100
35943599748844,09:59:03.599,11.2500,100
35943599748844,09:59:03.599,11.2500,100
35944145677740,09:59:04.145,11.2600,100
35944145677740,09:59:04.145,11.2600,100
35944145677740,09:59:04.145,11.2600,100
35945024139495,09:59:05.024,11.2700,100
35980157951997,09:59:40.157,11.2700,100
35981159043438,09:59:41.159,11.2700,100
36002974548784,10:00:02.974,11.2600,100
36016849705038,10:00:16.849,11.2500,100
36016849705038,10:00:16.849,11.2500,16
36016854777436,10:00:16.854,11.2500,7
36017169547441,10:00:17.169,11.2500,93
36017169547441,10:00:17.169,11.2500,64
36017169610016,10:00:17.169,11.2500,36
36085199013572,10:01:25.199,11.2500,78
36160031347850,10:02:40.031,11.2500,14
36265024006823,10:04:25.024,11.2400,27
36300274077544,10:05:00.274,11.2300,100
36451721189424,10:07:31.721,11.2500,100
36455025401914,10:07:35.025,11.2600,100
36487353361664,10:08:07.353,11.2600,100
36487854151890,10:08:07.854,11.2500,100
36505360279850,10:08:25.360,11.2400,100
36522193228904,10:08:42.193,11.2300,100
36522367527729,10:08:42.367,11.2300,100
36522367527729,10:08:42.367,11.2300,100
36522367527729,10:08:42.367,11.2300,100
36522877511836,10:08:42.877,11.2300,100
36522877511836,10:08:42.877,11.2300,100
36548299228662,10:09:08.299,11.2200,100
36605019697673,10:10:05.019,11.2400,100
36605096204950,10:10:05.096,11.2500,100
36605096204950,10:10:05.096,11.2500,100
36606014870537,10:10:06.014,11.2500,100
36673682432406,10:11:13.682,11.2500,100
36740296480822,10:12:20.296,11.2500,100
36740296480822,10:12:20.296,11.2500,100
36745020543302,10:12:25.020,11.2600,100
36794147246529,10:13:14.147,11.2500,100
36794147358417,10:13:14.147,11.2500,100
36794147358417,10:13:14.147,11.2500,100
36827859497925,10:13:47.859,11.2400,100
36885007265080,10:14:45.007,11.2300,100
36885007265080,10:14:45.007,11.2300,100
36885007883634,10:14:45.007,11.2200,200
36885007883634,10:14:45.007,11.2200,100
36885007883634,10:14:45.007,11.2200,100
36885007883634,10:14:45.007,11.2200,100
36885008525041,10:14:45.008,11.2100,100
36885008525041,10:14:45.008,11.2100,100
36885008525041,10:14:45.008,11.2100,100
36885008525041,10:14:45.008,11.2100,100
36918992084299,10:15:18.992,11.1900,100
36918992842694,10:15:18.992,11.1800,100
36918992842694,10:15:18.992,11.1800,100
36918992842694,10:15:18.992,11.1800,100
36920029532960,10:15:20.029,11.1800,200
36920029532960,10:15:20.029,11.1800,100
36920029532960,10:15:20.029,11.1800,100
36920029532960,10:15:20.029,11.1800,100
36920029532960,10:15:20.029,11.1800,100
36920030089818,10:15:20.030,11.1800,100
36921095193722,10:15:21.095,11.1800,100
36921095193722,10:15:21.095,11.1800,100
36935023426413,10:15:35.023,11.1900,100
36935023426413,10:15:35.023,11.1900,100
37062140639081,10:17:42.140,11.2000,100
37108741862723,10:18:28.741,11.2000,100
37108742950460,10:18:28.742,11.1900,100
37312724918584,10:21:52.724,11.1900,100
37312724918584,10:21:52.724,11.1900,100
37312725216271,10:21:52.725,11.1900,100
37312725257231,10:21:52.725,11.1900,100
37415493750817,10:23:35.493,11.1900,5
37415497171893,10:23:35.497,11.1900,100
37415497171893,10:23:35.497,11.1900,100
37415497171893,10:23:35.497,11.1900,100
37419535988016,10:23:39.535,11.1800,100
37419536125356,10:23:39.536,11.1800,100
37421882026983,10:23:41.882,11.1800,100
37421882026983,10:23:41.882,11.1800,100
37421882026983,10:23:41.882,11.1800,100
37431989211295,10:23:51.989,11.1900,100
37431989211295,10:23:51.989,11.1900,100
37431989211295,10:23:51.989,11.1900,90
37521949635947,10:25:21.949,11.1900,100
37573355256547,10:26:13.355,11.2300,200
37583342862713,10:26:23.342,11.2400,100
37583362145696,10:26:23.362,11.2400,100
37583362549063,10:26:23.362,11.2400,100
37583362549063,10:26:23.362,11.2400,100
37583362630784,10:26:23.362,11.2400,87
37659302102765,10:27:39.302,11.2400,100
37659302216353,10:27:39.302,11.2400,100
37708408291385,10:28:28.408,11.2300,5
37919078439866,10:31:59.078,11.2500,100
37919078439866,10:31:59.078,11.2500,100
37934142813810,10:32:14.142,11.2500,100
37934143330088,10:32:14.143,11.2500,100
37934143484666,10:32:14.143,11.2500,100
37934159628893,10:32:14.159,11.2500,100
38052087357628,10:34:12.087,11.2600,100
38052087357628,10:34:12.087,11.2600,9
38052087452574,10:34:12.087,11.2600,11
38108687805207,10:35:08.687,11.2500,100
38164468842022,10:36:04.468,11.2400,100
38274360082913,10:37:54.360,11.2400,100
38352866774390,10:39:12.866,11.2400,100
38416824724654,10:40:16.824,11.2500,100
38416824724654,10:40:16.824,11.2500,100
38416824724654,10:40:16.824,11.2500,10
38417384608288,10:40:17.384,11.2500,100
38525372884126,10:42:05.372,11.2600,100
38525372884126,10:42:05.372,11.2600,10
38528379027322,10:42:08.379,11.2600,100
38528379095611,10:42:08.379,11.2600,10
38528379101896,10:42:08.379,11.2600,90
38528379101896,10:42:08.379,11.2600,10
38528379117122,10:42:08.379,11.2600,5
38662285127224,10:44:22.285,11.2600,100
38662285127224,10:44:22.285,11.2600,100
38662285127224,10:44:22.285,11.2600,100
38673141172689,10:44:33.141,11.2700,100
38697075934719,10:44:57.075,11.2800,20
38697077283597,10:44:57.077,11.2900,100
38697077283597,10:44:57.077,11.2900,100
38700008300175,10:45:00.008,11.2900,100
38700008300175,10:45:00.008,11.2900,100
38700108953552,10:45:00.108,11.2900,100
38850006784065,10:47:30.006,11.3000,20
39145369445597,10:52:25.369,11.3100,100
39149284366569,10:52:29.284,11.3100,53
39203722718293,10:53:23.722,11.3100,47
39203722718293,10:53:23.722,11.3100,15
39203722718293,10:53:23.722,11.3100,38
39203722792363,10:53:23.722,11.3100,62
39203722792363,10:53:23.722,11.3100,38
39203723162061,10:53:23.723,11.3100,162
39213234313947,10:53:33.234,11.3000,100
39213234313947,10:53:33.234,11.3000,100
39213235083802,10:53:33.235,11.2900,100
39213235083802,10:53:33.235,11.2900,100
39213235083802,10:53:33.235,11.2900,100
39213235084972,10:53:33.235,11.2900,100
39214992724682,10:53:34.992,11.2800,100
39214992724682,10:53:34.992,11.2800,100
39214993252206,10:53:34.993,11.2900,100
39214993252206,10:53:34.993,11.2900,6
39214994707412,10:53:34.994,11.2900,91
39214994707412,10:53:34.994,11.2850,9
39214998594240,10:53:34.998,11.2850,91
39215000494024,10:53:35.000,11.2800,100
39215000494024,10:53:35.000,11.2800,100
39217136401827,10:53:37.136,11.2800,100
39322789389882,10:55:22.789,11.2900,100
39339840897829,10:55:39.840,11.3000,20
39445926470529,10:57:25.926,11.3000,5
39582993536565,10:59:42.993,11.2900,100
39673744543214,11:01:13.744,11.3000,95
39673744543214,11:01:13.744,11.3000,100
39673744543214,11:01:13.744,11.3000,5
39673744588512,11:01:13.744,11.3000,95
39673744751798,11:01:13.744,11.3000,5
39673744774863,11:01:13.744,11.3000,90
39734802158703,11:02:14.802,11.2900,17
39744659446844,11:02:24.659,11.3000,200
39744659446844,11:02:24.659,11.3000,100
39744711717346,11:02:24.711,11.3000,100
39745371366114,11:02:25.371,11.3100,28
39745371366114,11:02:25.371,11.3100,16
39745371366114,11:02:25.371,11.3100,6
39795818876497,11:03:15.818,11.3100,50
39795818876497,11:03:15.818,11.3100,100
39795818876497,11:03:15.818,11.3100,15
39795818876497,11:03:15.818,11.3100,200
39795818876497,11:03:15.818,11.3100,100
39795818876497,11:03:15.818,11.3100,100
39810824707882,11:03:30.824,11.3100,100
39810824707882,11:03:30.824,11.3100,100
39810824707882,11:03:30.824,11.3100,13
39812948528862,11:03:32.948,11.3200,20
39867465713660,11:04:27.465,11.3300,100
39874548754974,11:04:34.548,11.3300,100
39874847601810,11:04:34.847,11.3300,100
39874847601810,11:04:34.847,11.3300,100
39874847732157,11:04:34.847,11.3300,4
39893090656026,11:04:53.090,11.3300,96
39962748971095,11:06:02.748,11.3300,100
39966264137313,11:06:06.264,11.3300,100
39967709869924,11:06:07.709,11.3500,57
39967709939758,11:06:07.709,11.3500,43
40027807582546,11:07:07.807,11.3500,100
40079838539540,11:07:59.838,11.3500,10
40080118088025,11:08:00.118,11.3500,90
40080118088025,11:08:00.118,11.3500,10
40103122624026,11:08:23.122,11.3500,90
40103122624026,11:08:23.122,11.3500,4
40103122624026,11:08:23.122,11.3500,6
40103122654770,11:08:23.122,11.3500,94
40161252215296,11:09:21.252,11.3400,100
40364234038246,11:12:44.234,11.3400,100
40364245522989,11:12:44.245,11.3400,100
40444781997520,11:14:04.781,11.3400,100
40493404337581,11:14:53.404,11.3400,100
40557199429083,11:15:57.199,11.3500,100
40557199458365,11:15:57.199,11.3500,100
40557461507965,11:15:57.461,11.3500,100
40638992408340,11:17:18.992,11.3400,100
40718764648692,11:18:38.764,11.3400,100
40798994573189,11:19:58.994,11.3400,15
40798994573189,11:19:58.994,11.3400,85
40798995119262,11:19:58.995,11.3400,15
40798995119262,11:19:58.995,11.3400,94
40810768100847,11:20:10.768,11.3400,106
40810768100847,11:20:10.768,11.3400,100
40819725917903,11:20:19.725,11.3400,100
40819725917903,11:20:19.725,11.3400,200
40836250416727,11:20:36.250,11.3500,100
40836652916347,11:20:36.652,11.3400,100
40836652916347,11:20:36.652,11.3400,100
40836652916347,11:20:36.652,11.3400,100
40836652916347,11:20:36.652,11.3400,100
40836652916347,11:20:36.652,11.3400,100
40836652916347,11:20:36.652,11.3400,100
41138984406120,11:25:38.984,11.3300,100
41143391781169,11:25:43.391,11.3200,100
41143391781169,11:25:43.391,11.3200,100
41143391781169,11:25:43.391,11.3200,100
41233856050781,11:27:13.856,11.3300,60
41234287436735,11:27:14.287,11.3300,100
41234287436735,11:27:14.287,11.3300,100
41234287436735,11:27:14.287,11.3300,100
41287152666566,11:28:07.152,11.3400,5
41343890325978,11:29:03.890,11.3400,38
41433193695024,11:30:33.193,11.3400,62
41433193695024,11:30:33.193,11.3400,15
41433193695024,11:30:33.193,11.3400,23
41563080275059,11:32:43.080,11.3400,77
41563080275059,11:32:43.080,11.3400,11
41563080275059,11:32:43.080,11.3400,12
41592407792644,11:33:12.407,11.3500,20
41592407792644,11:33:12.407,11.3500,100
41592407792644,11:33:12.407,11.3500,1
41592407792644,11:33:12.407,11.3500,31
41592407792644,11:33:12.407,11.3500,48
41592408027257,11:33:12.408,11.3500,52
41656172634869,11:34:16.172,11.3600,10
41656172634869,11:34:16.172,11.3600,10
41718257038195,11:35:18.257,11.3800,100
41794459689875,11:36:34.459,11.3800,100
41794459689875,11:36:34.459,11.3800,21
41794459761975,11:36:34.459,11.3800,7
41794459761975,11:36:34.459,11.3800,100
41794461158274,11:36:34.461,11.3700,100
41794461158274,11:36:34.461,11.3700,21
41794461215559,11:36:34.461,11.3700,79
41794461218189,11:36:34.461,11.3700,79
41794461251718,11:36:34.461,11.3700,16
41794461274417,11:36:34.461,11.3700,5
41802247118495,11:36:42.247,11.3800,100
41802848957544,11:36:42.848,11.3800,100
41964681471855,11:39:24.681,11.3700,100
41968237212523,11:39:28.237,11.3700,5
42058399514545,11:40:58.399,11.3700,100
42120284196871,11:42:00.284,11.3800,100
42366800140372,11:46:06.800,11.3800,100
42374632865013,11:46:14.632,11.3800,100
42603512689812,11:50:03.512,11.3900,10
42603512689812,11:50:03.512,11.3900,100
42603512689812,11:50:03.512,11.3900,10
42603512689812,11:50:03.512,11.3900,180
42603512721119,11:50:03.512,11.3900,20
42964089538181,11:56:04.089,11.4000,100
42964089619229,11:56:04.089,11.4000,15
42964089619229,11:56:04.089,11.4000,52
42964089619229,11:56:04.089,11.4000,100
43238287504522,12:00:38.287,11.3900,100
43274642919315,12:01:14.642,11.3900,100
43306840466067,12:01:46.840,11.3900,100
43328741284689,12:02:08.741,11.3900,15
43356301959062,12:02:36.301,11.4000,100
43356301959062,12:02:36.301,11.4000,100
43356301959062,12:02:36.301,11.4000,100
43356301959062,12:02:36.301,11.4000,100
43358026238523,12:02:38.026,11.4100,100
43431260065365,12:03:51.260,11.4300,100
43437398319165,12:03:57.398,11.4300,30
43439958302771,12:03:59.958,11.4350,100
43439958302771,12:03:59.958,11.4300,100
43460209171745,12:04:20.209,11.4300,27
43460209198949,12:04:20.209,11.4300,100
43460209198949,12:04:20.209,11.4300,100
43460224588287,12:04:20.224,11.4400,28
43465249927750,12:04:25.249,11.4400,72
43465249927750,12:04:25.249,11.4400,28
43560794390039,12:06:00.794,11.4400,2
43572138827598,12:06:12.138,11.4400,70
43572138827598,12:06:12.138,11.4400,30
43617167370734,12:06:57.167,11.4300,30
43617168836690,12:06:57.168,11.4350,100
43617168836690,12:06:57.168,11.4300,70
43617168836690,12:06:57.168,11.4300,68
43617168836690,12:06:57.168,11.4300,100
43617168836690,12:06:57.168,11.4300,100
43674523645858,12:07:54.523,11.4200,95
43827289381789,12:10:27.289,11.4300,1
43827289648115,12:10:27.289,11.4400,200
43827289648115,12:10:27.289,11.4400,100
43827289648115,12:10:27.289,11.4400,100
43827289648115,12:10:27.289,11.4400,100
43827289648115,12:10:27.289,11.4400,100
43827289974265,12:10:27.289,11.4400,100
43827290162415,12:10:27.290,11.4400,100
43827290162415,12:10:27.290,11.4400,100
43827290162415,12:10:27.290,11.4400,100
43827292019386,12:10:27.292,11.4400,100
43827292019386,12:10:27.292,11.4400,100
43827292019386,12:10:27.292,11.4400,100
43827293321317,12:10:27.293,11.4400,100
43828932330820,12:10:28.932,11.4400,100
43828932330820,12:10:28.932,11.4400,100
43828932330820,12:10:28.932,11.4400,100
43828932330820,12:10:28.932,11.4400,100
43828932330820,12:10:28.932,11.4400,100
43828934545938,12:10:28.934,11.4400,95
43880244774773,12:11:20.244,11.4400,5
43880244774773,12:11:20.244,11.4400,95
43880244832378,12:11:20.244,11.4400,5
44056972232559,12:14:16.972,11.4450,10
44178137828863,12:16:18.137,11.4450,100
44178137828863,12:16:18.137,11.4400,200
44178137879453,12:16:18.137,11.4400,100
44178137899988,12:16:18.137,11.4400,100
44178138170807,12:16:18.138,11.4400,10
44178138174757,12:16:18.138,11.4400,90
44224284341479,12:17:04.284,11.4400,300
44224284384406,12:17:04.284,11.4400,100
44224284384406,12:17:04.284,11.4400,100
44232769567396,12:17:12.769,11.4500,100
44232769567396,12:17:12.769,11.4500,47
44332172734279,12:18:52.172,11.4600,100
44357565701488,12:19:17.565,11.4550,100
44357565701488,12:19:17.565,11.4500,100
44357565894030,12:19:17.565,11.4500,100
44395142476280,12:19:55.142,11.4500,100
44395142476280,12:19:55.142,11.4500,100
44456254129958,12:20:56.254,11.4500,100
44456254184661,12:20:56.254,11.4500,1
44549230341873,12:22:29.230,11.4600,100
44567081949356,12:22:47.081,11.4700,100
44567081949356,12:22:47.081,11.4700,100
44567081949356,12:22:47.081,11.4700,100
44567087088944,12:22:47.087,11.4800,100
44567087088944,12:22:47.087,11.4800,100
44567087088944,12:22:47.087,11.4800,100
44567087088944,12:22:47.087,11.4800,100
44567126359500,12:22:47.126,11.4800,100
44567126359500,12:22:47.126,11.4800,100
44567126869148,12:22:47.126,11.4700,100
44567126869148,12:22:47.126,11.4700,100
44567126869148,12:22:47.126,11.4700,100
44567127099671,12:22:47.127,11.4700,6
44567127160564,12:22:47.127,11.4700,20
44605248347621,12:23:25.248,11.4800,100
44605248347621,12:23:25.248,11.4800,100
44605248347621,12:23:25.248,11.4800,100
44605248347621,12:23:25.248,11.4800,100
44605248347621,12:23:25.248,11.4800,100
44605248347621,12:23:25.248,11.4800,100
44605248347621,12:23:25.248,11.4800,100
44605248433575,12:23:25.248,11.4800,100
44605248433575,12:23:25.248,11.4800,52
44605248453200,12:23:25.248,11.4800,48
44605255493472,12:23:25.255,11.4800,100
44605255493472,12:23:25.255,11.4800,74
44605487171276,12:23:25.487,11.4800,100
44605487171276,12:23:25.487,11.4800,100
44605487171276,12:23:25.487,11.4800,100
44605487264236,12:23:25.487,11.4800,100
44605487264236,12:23:25.487,11.4800,100
44605487264236,12:23:25.487,11.4800,100
44605487264236,12:23:25.487,11.4800,100
44605487308604,12:23:25.487,11.4800,100
44605487308604,12:23:25.487,11.4800,100
44605487308604,12:23:25.487,11.4800,100
44605495020285,12:23:25.495,11.4800,100
44605495020285,12:23:25.495,11.4800,100
44605495020285,12:23:25.495,11.4800,100
44605495020285,12:23:25.495,11.4800,100
44605495020285,12:23:25.495,11.4800,100
44606892654782,12:23:26.892,11.4900,100
44607008870465,12:23:27.008,11.4900,100
44608784272038,12:23:28.784,11.4900,100
44608784272038,12:23:28.784,11.4900,100
44608784272038,12:23:28.784,11.4900,100
44608938091311,12:23:28.938,11.4900,100
44608938091311,12:23:28.938,11.4900,100
44608938091311,12:23:28.938,11.4900,100
44608938091311,12:23:28.938,11.4900,100
44608968705267,12:23:28.968,11.4900,100
44609070359491,12:23:29.070,11.4900,100
44609070359491,12:23:29.070,11.4900,100
44610728494368,12:23:30.728,11.4900,100
44610728494368,12:23:30.728,11.4900,100
44610733612850,12:23:30.733,11.4900,100
44610733612850,12:23:30.733,11.4900,100
44610733612850,12:23:30.733,11.4900,100
44610736066821,12:23:30.736,11.4900,100
44610736066821,12:23:30.736,11.4900,100
44610736066821,12:23:30.736,11.4900,100
44610736066821,12:23:30.736,11.4900,100
44610736066821,12:23:30.736,11.4900,100
44611253609532,12:23:31.253,11.4900,100
44611253609532,12:23:31.253,11.4900,100
44611253609532,12:23:31.253,11.4900,100
44612775621616,12:23:32.775,11.5000,9
44612775621616,12:23:32.775,11.5000,100
44612775621616,12:23:32.775,11.5000,100
44612786201539,12:23:32.786,11.5000,100
44613637524718,12:23:33.637,11.4950,100
44613637524718,12:23:33.637,11.4900,200
44613637524718,12:23:33.637,11.4900,15
44613637526599,12:23:33.637,11.4900,100
44614629621935,12:23:34.629,11.4900,100
44614629621935,12:23:34.629,11.4900,100
44614630858641,12:23:34.630,11.5000,100
44614630858641,12:23:34.630,11.5000,100
44614630858641,12:23:34.630,11.5000,100
44614630858641,12:23:34.630,11.5000,100
44614630858641,12:23:34.630,11.5000,100
44614631024588,12:23:34.631,11.4900,100
44614631024588,12:23:34.631,11.4900,100
44614631024588,12:23:34.631,11.4900,100
44614631024588,12:23:34.631,11.4900,100
44614631024588,12:23:34.631,11.4900,100
44614793431627,12:23:34.793,11.4900,100
44614793431627,12:23:34.793,11.4900,100
44614793431627,12:23:34.793,11.4900,100
44614801161981,12:23:34.801,11.5000,100
44614801161981,12:23:34.801,11.5000,100
44614801161981,12:23:34.801,11.5000,100
44614801704741,12:23:34.801,11.5000,100
44614801704741,12:23:34.801,11.5000,20
44617181796874,12:23:37.181,11.5000,100
44617187171666,12:23:37.187,11.5000,11
44617187302614,12:23:37.187,11.5000,89
44617187302614,12:23:37.187,11.5000,11
44617279245424,12:23:37.279,11.5000,100
44617279245424,12:23:37.279,11.5000,11
44619058667835,12:23:39.058,11.5100,100
44619058667835,12:23:39.058,11.5100,43
44619058667835,12:23:39.058,11.5100,57
44620110973037,12:23:40.110,11.5150,200
44620110973037,12:23:40.110,11.5100,100
44620111052741,12:23:40.111,11.5100,72
44623940150271,12:23:43.940,11.5200,100
44624455347417,12:23:44.455,11.5200,12
44624461747208,12:23:44.461,11.5200,56
44624466767242,12:23:44.466,11.5200,232
44624466767242,12:23:44.466,11.5200,168
44624466815358,12:23:44.466,11.5200,32
44625350187024,12:23:45.350,11.5100,100
44625350209843,12:23:45.350,11.5100,100
44625350553561,12:23:45.350,11.5100,15
44625350553561,12:23:45.350,11.5100,85
44625350593928,12:23:45.350,11.5100,100
44625350609044,12:23:45.350,11.5100,15
44625350609044,12:23:45.350,11.5100,85
44625350653316,12:23:45.350,11.5100,15
44625356568781,12:23:45.356,11.5050,100
44625357215035,12:23:45.357,11.5050,100
44626292467650,12:23:46.292,11.5000,100
44626292467650,12:23:46.292,11.5000,100
44626292467650,12:23:46.292,11.5000,100
44626292467650,12:23:46.292,11.5000,100
44626292467650,12:23:46.292,11.5000,200
44626292467650,12:23:46.292,11.5000,300
44626301357846,12:23:46.301,11.4900,100
44626301357846,12:23:46.301,11.4900,100
44630777264103,12:23:50.777,11.5000,100
44630777359533,12:23:50.777,11.5000,200
44630781172930,12:23:50.781,11.5000,100
44630781172930,12:23:50.781,11.5000,100
44630781172930,12:23:50.781,11.5000,100
44661271372008,12:24:21.271,11.5000,100
44661271372008,12:24:21.271,11.5000,27
44672639937137,12:24:32.639,11.4950,100
44672639937137,12:24:32.639,11.4900,100
44672639937137,12:24:32.639,11.4900,100
44672639937137,12:24:32.639,11.4900,200
44722640153597,12:25:22.640,11.5000,73
44722640153597,12:25:22.640,11.5000,100
44722640153597,12:25:22.640,11.5000,27
44759986549179,12:25:59.986,11.5100,10
44845192105830,12:27:25.192,11.5200,100
44845338852699,12:27:25.338,11.5250,100
44845338852699,12:27:25.338,11.5200,12
44884685492698,12:28:04.685,11.5200,100
44884685492698,12:28:04.685,11.5200,100
44884685492698,12:28:04.685,11.5200,20
44884686933099,12:28:04.686,11.5200,100
44884686933099,12:28:04.686,11.5200,100
44961557753044,12:29:21.557,11.5200,100
44999859503908,12:29:59.859,11.5150,100
45090153558895,12:31:30.153,11.5200,100
45112079841346,12:31:52.079,11.5200,100
45112204604272,12:31:52.204,11.5200,80
45116015595245,12:31:56.015,11.5200,100
45197245669505,12:33:17.245,11.5400,61
45199666770852,12:33:19.666,11.5400,100
45199666770852,12:33:19.666,11.5400,100
45199666770852,12:33:19.666,11.5400,93
45199666770852,12:33:19.666,11.5400,400
45271961992274,12:34:31.961,11.5400,100
45524351961005,12:38:44.351,11.5450,100
45574980045326,12:39:34.980,11.5350,491
45574980682621,12:39:34.980,11.5350,9
45574980682621,12:39:34.980,11.5300,1
45574980682621,12:39:34.980,11.5300,90
45627701243340,12:40:27.701,11.5350,300
45627701243340,12:40:27.701,11.5300,110
45627701243340,12:40:27.701,11.5300,100
45627701243340,12:40:27.701,11.5300,100
45627701243340,12:40:27.701,11.5300,90
45627704330239,12:40:27.704,11.5300,200
45627704330239,12:40:27.704,11.5300,1
45627704330239,12:40:27.704,11.5300,100
45627704330239,12:40:27.704,11.5300,100
45627704330239,12:40:27.704,11.5300,100
45627704330239,12:40:27.704,11.5300,399
45710913721832,12:41:50.913,11.5250,100
45710916353782,12:41:50.916,11.5250,100
45710927744685,12:41:50.927,11.5200,100
45710927744685,12:41:50.927,11.5200,100
45716020731196,12:41:56.020,11.5250,100
45716020731196,12:41:56.020,11.5200,100
45716020731196,12:41:56.020,11.5200,200
45716020731196,12:41:56.020,11.5200,13
45716020758695,12:41:56.020,11.5200,100
45718286303702,12:41:58.286,11.5100,100
45718286303702,12:41:58.286,11.5100,100
45718286303702,12:41:58.286,11.5100,15
45718286303702,12:41:58.286,11.5100,100
46091832199227,12:48:11.832,11.5000,100
46125353297729,12:48:45.353,11.5000,100
46600881911664,12:56:40.881,11.4950,200
46605129491531,12:56:45.129,11.4950,100
46799652159184,12:59:59.652,11.5000,1
46799652159184,12:59:59.652,11.5000,5
46799652159184,12:59:59.652,11.5000,94
47001293694511,13:03:21.293,11.4950,100
47034363450886,13:03:54.363,11.4900,100
47034363450886,13:03:54.363,11.4900,100
47034363450886,13:03:54.363,11.4900,100
47034363450886,13:03:54.363,11.4900,100
47034363450886,13:03:54.363,11.4900,15
47034363450886,13:03:54.363,11.4900,1
47034363450886,13:03:54.363,11.4900,100
47034363450886,13:03:54.363,11.4900,100
47293964872923,13:08:13.964,11.4900,100
47323996020745,13:08:43.996,11.4900,18
47323996020745,13:08:43.996,11.4900,82
47371247489116,13:09:31.247,11.4900,100
47519332030457,13:11:59.332,11.4900,100
47880750494991,13:18:00.750,11.4800,3
47880750542678,13:18:00.750,11.4850,100
47880750542678,13:18:00.750,11.4800,97
47880750542678,13:18:00.750,11.4800,100
47880750542678,13:18:00.750,11.4800,100
47880750542678,13:18:00.750,11.4800,100
47880750542678,13:18:00.750,11.4800,3
47880750542678,13:18:00.750,11.4800,100
47880750542678,13:18:00.750,11.4800,100
47880750542678,13:18:00.750,11.4800,100
47880750542678,13:18:00.750,11.4800,52
47880750542678,13:18:00.750,11.4800,100
47880750542678,13:18:00.750,11.4800,15
47880750542678,13:18:00.750,11.4800,1
47880750542678,13:18:00.750,11.4800,100
47880750542678,13:18:00.750,11.4800,35
47880751447090,13:18:00.751,11.4700,100
47880751447090,13:18:00.751,11.4700,100
47880751515971,13:18:00.751,11.4700,200
47880777236660,13:18:00.777,11.4600,100
47880777236660,13:18:00.777,11.4600,100
47880777236660,13:18:00.777,11.4600,300
47880798261533,13:18:00.798,11.4600,200
47880798261533,13:18:00.798,11.4600,14
47880798261533,13:18:00.798,11.4600,86
47880798298005,13:18:00.798,11.4600,14
47882193281360,13:18:02.193,11.4700,100
48059241014748,13:20:59.241,11.4600,33
48059241150517,13:20:59.241,11.4600,40
48106476439550,13:21:46.476,11.4650,100
48237352302845,13:23:57.352,11.4600,35
48359304825032,13:25:59.304,11.4600,25
48359304825032,13:25:59.304,11.4600,7
48472343591888,13:27:52.343,11.4600,93
48472343591888,13:27:52.343,11.4600,7
48540697049747,13:29:00.697,11.4600,12
48666279040175,13:31:06.279,11.4700,35
48706317086337,13:31:46.317,11.4600,300
48706317086337,13:31:46.317,11.4600,3
48706317086337,13:31:46.317,11.4600,100
48706317086337,13:31:46.317,11.4600,97
48706317657744,13:31:46.317,11.4600,3
48706317657744,13:31:46.317,11.4600,100
48706327966631,13:31:46.327,11.4500,100
48706327966631,13:31:46.327,11.4500,100
48706327966631,13:31:46.327,11.4500,100
48706327966631,13:31:46.327,11.4500,100
48718759140515,13:31:58.759,11.4400,100
48718759140515,13:31:58.759,11.4400,100
48718759140515,13:31:58.759,11.4400,15
48718759607216,13:31:58.759,11.4400,100
48718760021955,13:31:58.760,11.4300,40
49430274209458,13:43:50.274,11.4200,46
49430274209458,13:43:50.274,11.4200,154
49517247059589,13:45:17.247,11.4200,100
49764972580661,13:49:24.972,11.4100,100
49764972580661,13:49:24.972,11.4100,100
49764972580661,13:49:24.972,11.4100,100
49764972580661,13:49:24.972,11.4100,4
49764972580661,13:49:24.972,11.4100,100
49764972580661,13:49:24.972,11.4100,100
49764972580661,13:49:24.972,11.4100,100
49764972580661,13:49:24.972,11.4100,1
49764972580661,13:49:24.972,11.4100,15
49764972580661,13:49:24.972,11.4100,100
49764972580661,13:49:24.972,11.4100,100
49764977911562,13:49:24.977,11.3900,50
49766340365562,13:49:26.340,11.3900,100
49766340365562,13:49:26.340,11.3900,200
49767339544162,13:49:27.339,11.3900,100
49806753116017,13:50:06.753,11.3900,100
49806753116017,13:50:06.753,11.3900,100
49874196066947,13:51:14.196,11.3800,100
49874196066947,13:51:14.196,11.3800,100
49874196066947,13:51:14.196,11.3800,100
49874206105015,13:51:14.206,11.3800,100
49874206105015,13:51:14.206,11.3800,1
50000147832137,13:53:20.147,11.3800,200
50000147832137,13:53:20.147,11.3800,100
50000849468781,13:53:20.849,11.3800,100
50025068792866,13:53:45.068,11.3800,100
50025068792866,13:53:45.068,11.3800,100
50025068792866,13:53:45.068,11.3800,100
50266599948258,13:57:46.599,11.3800,300
50266599948258,13:57:46.599,11.3800,1
50266599948258,13:57:46.599,11.3800,99
50266599987417,13:57:46.599,11.3800,1
50266599987417,13:57:46.599,11.3800,100
50270582651928,13:57:50.582,11.3700,100
50337000606111,13:58:57.000,11.3600,100
50407406847239,14:00:07.406,11.3600,240
50407406847239,14:00:07.406,11.3600,100
50407407322751,14:00:07.407,11.3700,96
50407407324116,14:00:07.407,11.3700,82
50408355116178,14:00:08.355,11.3700,100
50408355116178,14:00:08.355,11.3700,1
50408355321486,14:00:08.355,11.3700,100
50408355842838,14:00:08.355,11.3700,100
50408643968793,14:00:08.643,11.3700,100
50417261685939,14:00:17.261,11.3700,15
50417263177837,14:00:17.263,11.3700,100
50417263177837,14:00:17.263,11.3700,100
50418063492543,14:00:18.063,11.3800,23
50418063492543,14:00:18.063,11.3800,77
50423452207683,14:00:23.452,11.3800,100
50423452207683,14:00:23.452,11.3800,100
50465693285233,14:01:05.693,11.3800,100
50465693285233,14:01:05.693,11.3800,100
50465693285233,14:01:05.693,11.3800,100
50470002114957,14:01:10.002,11.3800,100
50641553061535,14:04:01.553,11.3800,100
50641553509666,14:04:01.553,11.3800,95
50641553587276,14:04:01.553,11.3800,105
50641553587276,14:04:01.553,11.3800,38
50693196055455,14:04:53.196,11.3900,200
50693196055455,14:04:53.196,11.3900,100
50693196055455,14:04:53.196,11.3900,200
50829239085115,14:07:09.239,11.4100,100
50829294021616,14:07:09.294,11.4100,100
50884668187759,14:08:04.668,11.4200,100
50884668187759,14:08:04.668,11.4100,100
50884668187759,14:08:04.668,11.4100,100
50884668332551,14:08:04.668,11.4100,99
51000033070429,14:10:00.033,11.4100,100
51000033070429,14:10:00.033,11.4100,15
51000033070429,14:10:00.033,11.4100,100
51000033070429,14:10:00.033,11.4100,85
51000033138105,14:10:00.033,11.4100,15
51017296100665,14:10:17.296,11.4000,1
51017296162236,14:10:17.296,11.4000,60
51025470736139,14:10:25.470,11.4000,99
51060262069118,14:11:00.262,11.4000,100
51060262184406,14:11:00.262,11.4000,200
51060262184406,14:11:00.262,11.4000,100
51060262709314,14:11:00.262,11.4000,200
51060262745362,14:11:00.262,11.4000,100
51060262812832,14:11:00.262,11.4000,5
51060262812832,14:11:00.262,11.4000,95
51060263048735,14:11:00.263,11.4000,100
51060263048735,14:11:00.263,11.4000,100
51060263048735,14:11:00.263,11.4000,100
51117548056807,14:11:57.548,11.4000,300
51117548056807,14:11:57.548,11.4000,200
51117548056807,14:11:57.548,11.4000,200
51117548056807,14:11:57.548,11.4000,100
51117567592663,14:11:57.567,11.4000,5
51117567592663,14:11:57.567,11.4000,100
51117567592663,14:11:57.567,11.4000,100
51117567592663,14:11:57.567,11.4000,100
51117572866539,14:11:57.572,11.4000,100
51142632012684,14:12:22.632,11.4100,45
51149481308442,14:12:29.481,11.4200,100
51262298380661,14:14:22.298,11.4400,50
51262299453294,14:14:22.299,11.4500,100
51286317865931,14:14:46.317,11.4400,100
51286317865931,14:14:46.317,11.4400,100
51286317865931,14:14:46.317,11.4400,100
51286317865931,14:14:46.317,11.4400,100
51286317865931,14:14:46.317,11.4400,100
51286318269145,14:14:46.318,11.4400,100
51286318657230,14:14:46.318,11.4400,100
51286350823395,14:14:46.350,11.4400,100
51300718318356,14:15:00.718,11.4400,100
51300718409357,14:15:00.718,11.4400,100
51348864540083,14:15:48.864,11.4200,100
51418212156524,14:16:58.212,11.4200,30
51480094448774,14:18:00.094,11.4300,7
51551020289436,14:19:11.020,11.4300,93
51551020289436,14:19:11.020,11.4300,100
51551020289436,14:19:11.020,11.4300,300
51551020289436,14:19:11.020,11.4300,45
51551423712989,14:19:11.423,11.4300,10
51642768880183,14:20:42.768,11.4200,70
51642768880183,14:20:42.768,11.4200,100
51642768880183,14:20:42.768,11.4200,100
51642768880183,14:20:42.768,11.4200,15
51653020214556,14:20:53.020,11.4100,100
51666266522509,14:21:06.266,11.4100,200
51666345549088,14:21:06.345,11.4100,100
51666345549088,14:21:06.345,11.4100,100
51666345549088,14:21:06.345,11.4100,100
51666345549088,14:21:06.345,11.4100,100
51779807121180,14:22:59.807,11.4100,20
51833993526350,14:23:53.993,11.4100,100
51896190393629,14:24:56.190,11.4100,80
51896190393629,14:24:56.190,11.4100,29
51950395677461,14:25:50.395,11.4100,71
51950395677461,14:25:50.395,11.4100,29
52001011205277,14:26:41.011,11.4100,100
52001011266332,14:26:41.011,11.4100,111
52001011266332,14:26:41.011,11.4100,94
52001011327339,14:26:41.011,11.4100,106
52001012099549,14:26:41.012,11.4000,100
52001012099549,14:26:41.012,11.4000,100
52036529886516,14:27:16.529,11.3800,100
52036770610448,14:27:16.770,11.3800,100
52136788514742,14:28:56.788,11.3700,35
52198437386444,14:29:58.437,11.3700,65
52198437386444,14:29:58.437,11.3700,100
52198437386444,14:29:58.437,11.3700,100
52198437386444,14:29:58.437,11.3700,15
52198437386444,14:29:58.437,11.3700,100
52312009073043,14:31:52.009,11.3700,2
52321511939385,14:32:01.511,11.3600,100
52321531303227,14:32:01.531,11.3600,100
52323121042154,14:32:03.121,11.3600,60
52379108492100,14:32:59.108,11.3600,20
52420855527824,14:33:40.855,11.3700,100
52420855527824,14:33:40.855,11.3700,100
52420855527824,14:33:40.855,11.3700,100
52420855527824,14:33:40.855,11.3700,100
52420855778332,14:33:40.855,11.3700,100
52420855849409,14:33:40.855,11.3700,100
52420855905156,14:33:40.855,11.3700,100
52525374995680,14:35:25.374,11.3700,100
52525374995680,14:35:25.374,11.3700,100
52525374995680,14:35:25.374,11.3700,100
52525374995680,14:35:25.374,11.3700,100
52525374995680,14:35:25.374,11.3700,100
52566387351285,14:36:06.387,11.3700,78
52566425218875,14:36:06.425,11.3700,22
52566425218875,14:36:06.425,11.3700,100
52566425218875,14:36:06.425,11.3700,100
52566425218875,14:36:06.425,11.3700,78
52566425332493,14:36:06.425,11.3700,8
52566517341518,14:36:06.517,11.3700,14
52672135855133,14:37:52.135,11.3700,9
52672135855133,14:37:52.135,11.3700,91
52672136300482,14:37:52.136,11.3700,198
52672136319216,14:37:52.136,11.3700,11
52672136319216,14:37:52.136,11.3700,64
52672136324085,14:37:52.136,11.3700,36
52672136457022,14:37:52.136,11.3700,100
52672136457022,14:37:52.136,11.3700,100
52675481051478,14:37:55.481,11.3800,38
52679748567846,14:37:59.748,11.3800,100
52679748567846,14:37:59.748,11.3800,100
52679748567846,14:37:59.748,11.3800,15
52684411999656,14:38:04.411,11.3800,100
52729805349081,14:38:49.805,11.3900,40
52762138346522,14:39:22.138,11.3900,100
52762138346522,14:39:22.138,11.3900,200
52800598281473,14:40:00.598,11.3800,2
52821656808614,14:40:21.656,11.3800,98
52996434074565,14:43:16.434,11.3700,100
52996434074565,14:43:16.434,11.3700,5
52996434152765,14:43:16.434,11.3700,95
52996450043797,14:43:16.450,11.3700,100
53029321608485,14:43:49.321,11.3600,100
53029330923636,14:43:49.330,11.3600,100
53032741888705,14:43:52.741,11.3700,200
53032741888705,14:43:52.741,11.3700,1
53032741888705,14:43:52.741,11.3700,100
53032741888705,14:43:52.741,11.3700,60
53032741888705,14:43:52.741,11.3700,100
53088775327565,14:44:48.775,11.3700,40
53190129862312,14:46:30.129,11.3800,1
53190129862312,14:46:30.129,11.3800,20
53190129862312,14:46:30.129,11.3800,46
53192007769219,14:46:32.007,11.3800,100
53192008882190,14:46:32.008,11.3800,18
53213521992745,14:46:53.521,11.3900,20
53213521992745,14:46:53.521,11.3900,80
53271224876226,14:47:51.224,11.3900,50
53299211404572,14:48:19.211,11.3900,100
53299211404572,14:48:19.211,11.3900,200
53299211404572,14:48:19.211,11.3900,100
53299211467622,14:48:19.211,11.3900,15
53339124778292,14:48:59.124,11.3900,100
53342359729933,14:49:02.359,11.3900,100
53342359729933,14:49:02.359,11.3900,100
53342359729933,14:49:02.359,11.3900,100
53342359729933,14:49:02.359,11.3900,100
53342359729933,14:49:02.359,11.3900,100
53342456475379,14:49:02.456,11.4000,100
53378749261133,14:49:38.749,11.4000,100
53446536378470,14:50:46.536,11.4000,100
53446543449475,14:50:46.543,11.4000,39
53446543926153,14:50:46.543,11.4000,61
53533238652871,14:52:13.238,11.4000,100
53533238652871,14:52:13.238,11.4000,100
53533238652871,14:52:13.238,11.4000,100
53533238782105,14:52:13.238,11.4000,70
53542433404735,14:52:22.433,11.4100,70
53561920936342,14:52:41.920,11.4200,100
53561921396801,14:52:41.921,11.4200,5
53561921536407,14:52:41.921,11.4200,195
53576796116545,14:52:56.796,11.4300,20
53606041092904,14:53:26.041,11.4300,100
53606041092904,14:53:26.041,11.4300,100
53606041092904,14:53:26.041,11.4300,100
53606041092904,14:53:26.041,11.4300,100
53606041092904,14:53:26.041,11.4300,100
53606041092904,14:53:26.041,11.4300,100
53606534694052,14:53:26.534,11.4300,100
53606534694052,14:53:26.534,11.4300,100
53704135784386,14:55:04.135,11.4300,100
53814348895927,14:56:54.348,11.4300,100
53814432125046,14:56:54.432,11.4300,100
53814436568155,14:56:54.436,11.4300,100
53814440176276,14:56:54.440,11.4300,100
53828136681149,14:57:08.136,11.4300,100
53998879300223,14:59:58.879,11.4200,100
53998879300223,14:59:58.879,11.4200,100
53998879300223,14:59:58.879,11.4200,100
53998879300223,14:59:58.879,11.4200,100
53998879300223,14:59:58.879,11.4200,15
53998879300223,14:59:58.879,11.4200,100
53998892455715,14:59:58.892,11.4200,46
53998892455715,14:59:58.892,11.4200,54
54189651276275,15:03:09.651,11.4200,100
54189651276275,15:03:09.651,11.4200,100
54189651276275,15:03:09.651,11.4200,100
54189651276275,15:03:09.651,11.4200,100
54189654833549,15:03:09.654,11.4100,50
54189654833549,15:03:09.654,11.4100,21
54189655263995,15:03:09.655,11.4100,79
54189655263995,15:03:09.655,11.4100,21
54189660961775,15:03:09.660,11.4100,79
54264917500842,15:04:24.917,11.4000,200
54264917500842,15:04:24.917,11.4000,100
54264917500842,15:04:24.917,11.4000,28
54264917867415,15:04:24.917,11.4000,6
54264918120527,15:04:24.918,11.4000,60
54264919495929,15:04:24.919,11.4000,234
54264919495929,15:04:24.919,11.4000,100
54264919495929,15:04:24.919,11.4000,66
54264919535102,15:04:24.919,11.4000,34
54264919535102,15:04:24.919,11.4000,66
54264923438605,15:04:24.923,11.4000,34
54267766068183,15:04:27.766,11.3900,100
54279345314513,15:04:39.345,11.4000,100
54290293182142,15:04:50.293,11.4000,95
54290293207958,15:04:50.293,11.4000,5
54290293207958,15:04:50.293,11.4000,100
54319887707732,15:05:19.887,11.4000,10
54485508659450,15:08:05.508,11.4100,195
54485508720480,15:08:05.508,11.4100,105
54485508720480,15:08:05.508,11.4100,20
54485508720480,15:08:05.508,11.4100,100
54485508754732,15:08:05.508,11.4100,100
54485508754732,15:08:05.508,11.4100,16
54485509035055,15:08:05.509,11.4100,84
54485559792138,15:08:05.559,11.4200,100
54490413652800,15:08:10.413,11.4200,100
54639272946994,15:10:39.272,11.4100,15
54639272946994,15:10:39.272,11.4100,100
54639272946994,15:10:39.272,11.4100,64
54639272946994,15:10:39.272,11.4100,100
54639274807237,15:10:39.274,11.4000,90
54639274807237,15:10:39.274,11.4000,200
54639274807237,15:10:39.274,11.4000,100
54639274807237,15:10:39.274,11.4000,10
54639275246280,15:10:39.275,11.4000,69
54639275253694,15:10:39.275,11.4000,21
54666160854207,15:11:06.160,11.3900,100
54739227256762,15:12:19.227,11.3900,100
54822373067227,15:13:42.373,11.3800,100
54822373067227,15:13:42.373,11.3800,12
54822373096265,15:13:42.373,11.3800,88
54822373096265,15:13:42.373,11.3800,16
54822373153235,15:13:42.373,11.3800,84
54822373334303,15:13:42.373,11.3800,100
54826410711740,15:13:46.410,11.3700,100
54826410711740,15:13:46.410,11.3700,100
54826410711740,15:13:46.410,11.3700,100
54826753962974,15:13:46.753,11.3800,100
54826753962974,15:13:46.753,11.3800,300
54826753962974,15:13:46.753,11.3800,100
54858896276154,15:14:18.896,11.3800,151
54858896303979,15:14:18.896,11.3800,149
54858896303979,15:14:18.896,11.3800,300
54858896461870,15:14:18.896,11.3800,100
54858896461870,15:14:18.896,11.3800,100
54859039833401,15:14:19.039,11.3900,100
54945758628601,15:15:45.758,11.4100,100
54992387295405,15:16:32.387,11.4000,100
54992387295405,15:16:32.387,11.4000,54
54992387295405,15:16:32.387,11.4000,900
54992387295405,15:16:32.387,11.4000,100
54992387295405,15:16:32.387,11.4000,15
54992387581872,15:16:32.387,11.3900,45
54992387581872,15:16:32.387,11.3900,55
55032488771332,15:17:12.488,11.4000,100
55078492734633,15:17:58.492,11.4000,100
55198956305416,15:19:58.956,11.4000,100
55198956305416,15:19:58.956,11.4000,63
55210170147393,15:20:10.170,11.4000,237
55210170147393,15:20:10.170,11.4000,100
55210170147393,15:20:10.170,11.4000,100
55220664461744,15:20:20.664,11.4000,15
55300320941642,15:21:40.320,11.4000,184
55300320969249,15:21:40.320,11.4000,516
55300320969249,15:21:40.320,11.4000,100
55300320969249,15:21:40.320,11.4000,63
55300321007933,15:21:40.321,11.4000,104
55300321007933,15:21:40.321,11.4000,80
55300321101842,15:21:40.321,11.4000,20
55300321126860,15:21:40.321,11.4000,100
55440209640056,15:24:00.209,11.3900,45
55440209640056,15:24:00.209,11.3900,100
55440209640056,15:24:00.209,11.3900,100
55440209640056,15:24:00.209,11.3900,15
55440209640056,15:24:00.209,11.3900,100
55440209640056,15:24:00.209,11.3900,15
55440209640056,15:24:00.209,11.3900,25
55440211703484,15:24:00.211,11.3900,5
55440212981550,15:24:00.212,11.3900,70
55440212981550,15:24:00.212,11.3900,100
55440480859868,15:24:00.480,11.3900,100
55706871768602,15:28:26.871,11.3800,100
55706872134004,15:28:26.872,11.3800,100
55706872532717,15:28:26.872,11.3800,100
55706872532717,15:28:26.872,11.3800,100
55706873328905,15:28:26.873,11.3800,100
55706873328905,15:28:26.873,11.3800,100
55706873726874,15:28:26.873,11.3800,100
55706874371472,15:28:26.874,11.3800,200
55709757286810,15:28:29.757,11.3900,100
55709757286810,15:28:29.757,11.3900,8
55709757315659,15:28:29.757,11.3900,92
55709757315659,15:28:29.757,11.3900,53
55709757346081,15:28:29.757,11.3900,100
55709757346081,15:28:29.757,11.3900,45
55709757479601,15:28:29.757,11.3900,100
55709757480937,15:28:29.757,11.3900,100
55709757480937,15:28:29.757,11.3900,100
55709757482392,15:28:29.757,11.3900,200
55709757505777,15:28:29.757,11.3900,55
55717119962247,15:28:37.119,11.4000,57
55781971217076,15:29:41.971,11.3900,500
55781971217076,15:29:41.971,11.3900,100
55781971217076,15:29:41.971,11.3900,100
55781971217076,15:29:41.971,11.3900,20
55781971217076,15:29:41.971,11.3900,100
55781971217076,15:29:41.971,11.3900,1
55781971217076,15:29:41.971,11.3900,15
55800034507092,15:30:00.034,11.3800,71
55812907451286,15:30:12.907,11.3800,100
55826603939251,15:30:26.603,11.3700,100
55826701728569,15:30:26.701,11.3600,100
55826740984439,15:30:26.740,11.3600,100
55826740984439,15:30:26.740,11.3600,100
55826740984439,15:30:26.740,11.3600,100
55826741435989,15:30:26.741,11.3600,47
55826741471793,15:30:26.741,11.3600,53
55869541325750,15:31:09.541,11.3600,200
55909413610973,15:31:49.413,11.3600,71
56078015820176,15:34:38.015,11.3600,100
56078015820176,15:34:38.015,11.3600,200
56078015820176,15:34:38.015,11.3600,100
56078015820176,15:34:38.015,11.3600,100
56078015820176,15:34:38.015,11.3600,100
56078015820176,15:34:38.015,11.3600,99
56078015924504,15:34:38.015,11.3600,1
56078197731960,15:34:38.197,11.3500,100
56078197731960,15:34:38.197,11.3500,100
56078197731960,15:34:38.197,11.3500,97
56078199810625,15:34:38.199,11.3500,100
56082136462932,15:34:42.136,11.3400,200
56082136462932,15:34:42.136,11.3400,5
56082136462932,15:34:42.136,11.3400,27
56082136462932,15:34:42.136,11.3400,200
56082136823321,15:34:42.136,11.3400,100
56082136823321,15:34:42.136,11.3400,38
56082136823321,15:34:42.136,11.3400,9
56091584604481,15:34:51.584,11.3400,100
56091584920638,15:34:51.584,11.3300,11
56091584928723,15:34:51.584,11.3300,4
56093391821947,15:34:53.391,11.3200,73
56098617028399,15:34:58.617,11.3200,200
56098617768403,15:34:58.617,11.3200,200
56098717979689,15:34:58.717,11.3300,37
56099781573055,15:34:59.781,11.3300,400
56099782032423,15:34:59.782,11.3300,363
56118894682850,15:35:18.894,11.3400,65
56118894682850,15:35:18.894,11.3400,58
56135517233069,15:35:35.517,11.3400,100
56135518695775,15:35:35.518,11.3400,100
56135518695775,15:35:35.518,11.3400,16
56135518695775,15:35:35.518,11.3400,84
56135519792718,15:35:35.519,11.3400,16
56135812612591,15:35:35.812,11.3400,84
56135813596192,15:35:35.813,11.3400,100
56135813596192,15:35:35.813,11.3400,16
56179282335891,15:36:19.282,11.3400,100
56207265230346,15:36:47.265,11.3400,91
56207265230346,15:36:47.265,11.3400,9
56207265705404,15:36:47.265,11.3400,91
56256587823534,15:37:36.587,11.3300,100
56323604746989,15:38:43.604,11.3400,100
56323604746989,15:38:43.604,11.3400,100
56323604746989,15:38:43.604,11.3400,100
56323604746989,15:38:43.604,11.3400,75
56323604746989,15:38:43.604,11.3400,100
56323604746989,15:38:43.604,11.3400,300
56323604746989,15:38:43.604,11.3400,100
56323604746989,15:38:43.604,11.3400,100
56323604746989,15:38:43.604,11.3400,100
56323604885372,15:38:43.604,11.3400,100
56484436797199,15:41:24.436,11.3400,100
56484436797199,15:41:24.436,11.3400,82
56484436825980,15:41:24.436,11.3400,118
56484436825980,15:41:24.436,11.3400,15
56484437913508,15:41:24.437,11.3400,100
56484437913508,15:41:24.437,11.3400,100
56498875198835,15:41:38.875,11.3300,38
56498892346952,15:41:38.892,11.3300,100
56577800392034,15:42:57.800,11.3200,74
56611738606867,15:43:31.738,11.3300,100
56611738606867,15:43:31.738,11.3300,100
56635287320530,15:43:55.287,11.3300,100
56635287320530,15:43:55.287,11.3300,100
56635287320530,15:43:55.287,11.3300,100
56635287431206,15:43:55.287,11.3300,100
56635287431206,15:43:55.287,11.3300,200
56635287431206,15:43:55.287,11.3300,100
56663789274723,15:44:23.789,11.3500,200
56691451679808,15:44:51.451,11.3500,100
56702356177802,15:45:02.356,11.3500,5
56702592900661,15:45:02.592,11.3600,100
56702593000339,15:45:02.593,11.3600,6
56723039598198,15:45:23.039,11.3600,200
56723039598198,15:45:23.039,11.3600,72
56723039598198,15:45:23.039,11.3600,200
56723039598198,15:45:23.039,11.3600,100
56729346383536,15:45:29.346,11.3700,100
56753072098267,15:45:53.072,11.3800,100
56753187770165,15:45:53.187,11.3800,20
56753187848068,15:45:53.187,11.3800,80
56771967921175,15:46:11.967,11.3800,56
56788949841112,15:46:28.949,11.3800,44
56788949841112,15:46:28.949,11.3800,16
56788949841112,15:46:28.949,11.3800,15
56788949841112,15:46:28.949,11.3800,25
56793346755840,15:46:33.346,11.3800,100
56799948982844,15:46:39.948,11.3800,100
56813147759776,15:46:53.147,11.3800,75
56813147759776,15:46:53.147,11.3800,25
56819752132197,15:46:59.752,11.3800,12
56826346863888,15:47:06.346,11.3800,63
56826346863888,15:47:06.346,11.3800,37
56832948859575,15:47:12.948,11.3800,100
56837347664551,15:47:17.347,11.3800,100
56837347761275,15:47:17.347,11.3800,1
56846151224238,15:47:26.151,11.3800,62
56846151224238,15:47:26.151,11.3800,38
56850550363762,15:47:30.550,11.3800,62
56850550363762,15:47:30.550,11.3800,38
56857210450470,15:47:37.210,11.3800,100
56863745810249,15:47:43.745,11.3800,100
56870350287054,15:47:50.350,11.3800,100
56876952643148,15:47:56.952,11.3800,15
56876952643148,15:47:56.952,11.3800,85
56883546992325,15:48:03.546,11.3800,15
56883546992325,15:48:03.546,11.3800,85
56890150753726,15:48:10.150,11.3800,15
56891045668319,15:48:11.045,11.3800,100
56907746866549,15:48:27.746,11.3700,100
56914348674215,15:48:34.348,11.3700,100
56920947222862,15:48:40.947,11.3700,100
56924874726160,15:48:44.874,11.3700,15
56927572736897,15:48:47.572,11.3700,100
56927572736897,15:48:47.572,11.3700,62
56927572736897,15:48:47.572,11.3700,38
56934147337836,15:48:54.147,11.3700,100
56942386947124,15:49:02.386,11.3700,100
56945151369865,15:49:05.151,11.3700,32
56945694591562,15:49:05.694,11.3600,71
56967149274813,15:49:27.149,11.3600,100
56971553921579,15:49:31.553,11.3600,100
56978148037393,15:49:38.148,11.3600,100
56978148376847,15:49:38.148,11.3600,100
56984752597996,15:49:44.752,11.3600,100
56991347579114,15:49:51.347,11.3600,100
56997949626571,15:49:57.949,11.3600,100
57004550095225,15:50:04.550,11.3600,100
57005008394484,15:50:05.008,11.3600,100
57009790891343,15:50:09.790,11.3600,100
57009790960134,15:50:09.790,11.3600,60
57009790960134,15:50:09.790,11.3600,5
57011166949443,15:50:11.166,11.3600,100
57013077659392,15:50:13.077,11.3600,100
57013077879393,15:50:13.077,11.3600,100
57015550597016,15:50:15.550,11.3600,100
57022149769340,15:50:22.149,11.3600,100
57052707866221,15:50:52.707,11.3650,66
57055151811257,15:50:55.151,11.3600,100
57061746944125,15:51:01.746,11.3600,100
57064454878119,15:51:04.454,11.3600,100
57064454878119,15:51:04.454,11.3600,15
57064454878119,15:51:04.454,11.3600,300
57064454878119,15:51:04.454,11.3600,85
57066150278004,15:51:06.150,11.3600,15
57074952690417,15:51:14.952,11.3600,100
57079346530100,15:51:19.346,11.3600,15
57079346530100,15:51:19.346,11.3600,85
57085951560739,15:51:25.951,11.3600,15
57085951560739,15:51:25.951,11.3600,85
57088015866350,15:51:28.015,11.3600,15
57088015866350,15:51:28.015,11.3600,80
57088158244723,15:51:28.158,11.3600,100
57088716024487,15:51:28.716,11.3600,100
57092549196655,15:51:32.549,11.3600,100
57099151179735,15:51:39.151,11.3600,100
57100043850977,15:51:40.043,11.3600,100
57104847427685,15:51:44.847,11.3600,5
57104847427685,15:51:44.847,11.3600,58
57104847427685,15:51:44.847,11.3600,37
57106083532231,15:51:46.083,11.3600,100
57112354829432,15:51:52.354,11.3600,100
57118216004618,15:51:58.216,11.3600,100
57118947865857,15:51:58.947,11.3600,41
57123347192199,15:52:03.347,11.3600,100
57132152406601,15:52:12.152,11.3600,100
57136548528960,15:52:16.548,11.3600,100
57138111808314,15:52:18.111,11.3600,100
57138122545715,15:52:18.122,11.3600,100
57138122545715,15:52:18.122,11.3600,100
57138122545715,15:52:18.122,11.3600,59
57143146127107,15:52:23.146,11.3600,100
57143217436488,15:52:23.217,11.3600,100
57143217488269,15:52:23.217,11.3600,100
57149752971468,15:52:29.752,11.3600,100
57156350653275,15:52:36.350,11.3600,100
57162948954293,15:52:42.948,11.3600,100
57169547863049,15:52:49.547,11.3600,100
57176148342314,15:52:56.148,11.3600,100
57183584672276,15:53:03.584,11.3600,77
57205808902711,15:53:25.808,11.3650,9
57205810674872,15:53:25.810,11.3650,9
57206949174072,15:53:26.949,11.3600,100
57208016987613,15:53:28.016,11.3600,100
57208016987613,15:53:28.016,11.3600,100
57208016987613,15:53:28.016,11.3600,100
57208016987613,15:53:28.016,11.3600,100
57213551054762,15:53:33.551,11.3600,100
57220151694717,15:53:40.151,11.3600,75
57227111149423,15:53:47.111,11.3600,25
57227111149423,15:53:47.111,11.3600,75
57231151119179,15:53:51.151,11.3600,25
57231151119179,15:53:51.151,11.3600,75
57240188976074,15:54:00.188,11.3600,25
57240188976074,15:54:00.188,11.3600,75
57244351674645,15:54:04.351,11.3600,8
57250950093423,15:54:10.950,11.3600,17
57250950093423,15:54:10.950,11.3600,83
57257551532652,15:54:17.551,11.3600,17
57257551532652,15:54:17.551,11.3600,83
57270715677759,15:54:30.715,11.3650,74
57272193910910,15:54:32.193,11.3700,100
57272193995065,15:54:32.193,11.3700,98
57272193995065,15:54:32.193,11.3700,37
57272193995065,15:54:32.193,11.3700,360
57272193995065,15:54:32.193,11.3700,100
57272193995065,15:54:32.193,11.3700,100
57272193995065,15:54:32.193,11.3700,100
57272193995065,15:54:32.193,11.3700,100
57272193995065,15:54:32.193,11.3700,100
57272193995065,15:54:32.193,11.3700,200
57272194025766,15:54:32.194,11.3700,200
57272445199956,15:54:32.445,11.3800,100
57273852762009,15:54:33.852,11.3800,100
57283949035501,15:54:43.949,11.3700,100
57290553012714,15:54:50.553,11.3700,100
57297149832969,15:54:57.149,11.3700,100
57300185045746,15:55:00.185,11.3800,100
57301297113705,15:55:01.297,11.3800,100
57301297113705,15:55:01.297,11.3800,200
57301634719862,15:55:01.634,11.3800,100
57307612592461,15:55:07.612,11.3850,100
57307612592461,15:55:07.612,11.3900,500
57307612592461,15:55:07.612,11.3900,100
57307612592461,15:55:07.612,11.3900,100
57307612592461,15:55:07.612,11.3900,24
57308009636371,15:55:08.009,11.3900,100
57308011116273,15:55:08.011,11.3850,100
57308011116273,15:55:08.011,11.3850,100
57308011116273,15:55:08.011,11.3850,100
57318368739351,15:55:18.368,11.3900,100
57347594299813,15:55:47.594,11.3850,72
57363006049474,15:56:03.006,11.3850,100
57363006049474,15:56:03.006,11.3800,100
57363006049474,15:56:03.006,11.3800,100
57363006049474,15:56:03.006,11.3800,100
57385160996062,15:56:25.160,11.3800,25
57385160996062,15:56:25.160,11.3800,75
57387818941816,15:56:27.818,11.3900,9
57387822007832,15:56:27.822,11.3900,9
57391750490079,15:56:31.750,11.3800,100
57398351855074,15:56:38.351,11.3800,100
57404958026959,15:56:44.958,11.3800,100
57409349338299,15:56:49.349,11.3800,100
57413599380991,15:56:53.599,11.3800,66
57422549836124,15:57:02.549,11.3800,100
57428898026426,15:57:08.898,11.3800,659
57428898026426,15:57:08.898,11.3800,200
57428898026426,15:57:08.898,11.3800,200
57428898026426,15:57:08.898,11.3800,100
57428898026426,15:57:08.898,11.3800,100
57428898026426,15:57:08.898,11.3800,1
57428898026426,15:57:08.898,11.3800,100
57428898026426,15:57:08.898,11.3800,100
57428898026426,15:57:08.898,11.3800,40
57429149038251,15:57:09.149,11.3800,60
57429149038251,15:57:09.149,11.3800,1
57429149038251,15:57:09.149,11.3800,18
57429149038251,15:57:09.149,11.3800,21
57432498293024,15:57:12.498,11.3800,72
57434393787767,15:57:14.393,11.3800,28
57434393787767,15:57:14.393,11.3800,100
57434393787767,15:57:14.393,11.3800,72
57435750711256,15:57:15.750,11.3800,100
57440670268527,15:57:20.670,11.3800,181
57440670268527,15:57:20.670,11.3800,19
57442475255290,15:57:22.475,11.3800,200
57445981821052,15:57:25.981,11.3800,17
57445981821052,15:57:25.981,11.3800,83
57449077341964,15:57:29.077,11.3800,100
57451006967716,15:57:31.006,11.3800,100
57451006967716,15:57:31.006,11.3800,100
57451006967716,15:57:31.006,11.3800,100
57451014106139,15:57:31.014,11.3800,200
57451593076235,15:57:31.593,11.3800,53
57451593076235,15:57:31.593,11.3800,47
57455552763362,15:57:35.552,11.3800,23
57455552763362,15:57:35.552,11.3800,15
57456896347058,15:57:36.896,11.3800,100
57456896740830,15:57:36.896,11.3800,21
57457611939339,15:57:37.611,11.3750,100
57466921770991,15:57:46.921,11.3700,100
57475317780309,15:57:55.317,11.3700,100
57479750080101,15:57:59.750,11.3700,100
57480382029238,15:58:00.382,11.3700,100
57485478023073,15:58:05.478,11.3700,100
57485481171816,15:58:05.481,11.3700,100
57490666616421,15:58:10.666,11.3700,39
57490666616421,15:58:10.666,11.3700,61
57493479171593,15:58:13.479,11.3700,39
57493479171593,15:58:13.479,11.3700,61
57496074299865,15:58:16.074,11.3700,39
57496074299865,15:58:16.074,11.3700,161
57496074336739,15:58:16.074,11.3700,112
57496590489916,15:58:16.590,11.3700,80
57496590489916,15:58:16.590,11.3700,20
57499552653504,15:58:19.552,11.3700,80
57499552653504,15:58:19.552,11.3700,20
57503242017241,15:58:23.242,11.3700,80
57503242017241,15:58:23.242,11.3700,20
57506152192780,15:58:26.152,11.3700,80
57506152192780,15:58:26.152,11.3700,20
57521440261333,15:58:41.440,11.3700,80
57521440261333,15:58:41.440,11.3700,20
57524488459776,15:58:44.488,11.3700,80
57524488459776,15:58:44.488,11.3700,100
57524488459776,15:58:44.488,11.3700,20
57530361502897,15:58:50.361,11.3700,100
57536918248943,15:58:56.918,11.3700,19
57536918248943,15:58:56.918,11.3700,14
57536918248943,15:58:56.918,11.3700,67
57547068678199,15:59:07.068,11.3750,100
57556688353744,15:59:16.688,11.3800,17
57556688353744,15:59:16.688,11.3800,24
57556688353744,15:59:16.688,11.3800,100
57556688353744,15:59:16.688,11.3800,59
57556688385696,15:59:16.688,11.3800,241
57556688385696,15:59:16.688,11.3800,76
57556688385696,15:59:16.688,11.3800,100
57556688385696,15:59:16.688,11.3800,200
57556688644428,15:59:16.688,11.3800,2
57556718721068,15:59:16.718,11.3800,84
57556718721068,15:59:16.718,11.3800,16
57560258743600,15:59:20.258,11.3900,100
57567787401916,15:59:27.787,11.3850,100
57567787401916,15:59:27.787,11.3800,100
57567787401916,15:59:27.787,11.3800,100
57567787401916,15:59:27.787,11.3800,100
57567787401916,15:59:27.787,11.3800,353
57567787401916,15:59:27.787,11.3800,595
57567787401916,15:59:27.787,11.3800,337
57567787401916,15:59:27.787,11.3800,14
57567787401916,15:59:27.787,11.3800,700
57567787401916,15:59:27.787,11.3800,49
57567787401916,15:59:27.787,11.3800,100
57567787401916,15:59:27.787,11.3800,41
57567787401916,15:59:27.787,11.3800,31
57567787401916,15:59:27.787,11.3800,180
57569918569981,15:59:29.918,11.3800,100
57571068452705,15:59:31.068,11.3850,100
57571398536733,15:59:31.398,11.3850,100
57571398536733,15:59:31.398,11.3800,100
57574325443007,15:59:34.325,11.3800,100
57576898413990,15:59:36.898,11.3900,221
57586429009068,15:59:46.429,11.3800,100
57586429009068,15:59:46.429,11.3800,556
57586429009068,15:59:46.429,11.3800,595
57586429009068,15:59:46.429,11.3800,100
57586429009068,15:59:46.429,11.3800,100
57586429009068,15:59:46.429,11.3800,100
57586429009068,15:59:46.429,11.3800,100
57586429009068,15:59:46.429,11.3800,200
57586429009068,15:59:46.429,11.3800,100
57586429009068,15:59:46.429,11.3800,900
57586429951161,15:59:46.429,11.3800,100
57586429951161,15:59:46.429,11.3800,100
57586429951161,15:59:46.429,11.3800,100
57587068419644,15:59:47.068,11.3750,100
57587518039641,15:59:47.518,11.3700,33
57587518039641,15:59:47.518,11.3700,100
57587518039641,15:59:47.518,11.3700,67
57591919691369,15:59:51.919,11.3700,279
57594403157397,15:59:54.403,11.3700,21
57594403157397,15:59:54.403,11.3700,100
57594403157397,15:59:54.403,11.3700,100
57594403157397,15:59:54.403,11.3700,100
57594403157397,15:59:54.403,11.3700,595
57594403157397,15:59:54.403,11.3700,852
57595104217841,15:59:55.104,11.3800,54
57595401890639,15:59:55.401,11.3800,346
57595401890639,15:59:55.401,11.3800,154
57595913939892,15:59:55.913,11.3800,132
57597498218176,15:59:57.498,11.3900,5
57597917936368,15:59:57.917,11.3900,95
57597917936368,15:59:57.917,11.3900,105
57599909962824,15:59:59.909,11.3900,195
57599909962824,15:59:59.909,11.3900,105
57600486726234,16:00:00.486,11.3800,35112
61868719061748,17:11:08.719,11.5900,15
