timestamp,time,price,volume
34200564711788,09:30:00.564,10.1400,4747
35281206275883,09:48:01.206,10.1500,175
35409753757360,09:50:09.753,10.1500,100
35409754008072,09:50:09.754,10.1500,400
35528680284663,09:52:08.680,10.1600,200
36160170117629,10:02:40.170,10.1600,100
36500370066388,10:08:20.370,10.1500,100
36500483907739,10:08:20.483,10.1500,100
36500612991598,10:08:20.612,10.1500,100
36500724098935,10:08:20.724,10.1500,100
36500724922562,10:08:20.724,10.1500,100
36877766980654,10:14:37.766,10.1500,61
36877767047899,10:14:37.767,10.1500,39
36877767047899,10:14:37.767,10.1500,61
36877767125753,10:14:37.767,10.1500,39
37103950120044,10:18:23.950,10.1500,100
37595876920463,10:26:35.876,10.1500,100
37595876973984,10:26:35.876,10.1500,100
37595877020951,10:26:35.877,10.1500,100
37595877033443,10:26:35.877,10.1500,100
37595877072156,10:26:35.877,10.1500,100
37595877089025,10:26:35.877,10.1500,100
37595877120851,10:26:35.877,10.1500,100
37595877144979,10:26:35.877,10.1500,100
37595877200798,10:26:35.877,10.1500,100
37595877200798,10:26:35.877,10.1500,100
37993820850174,10:33:13.820,10.1550,100
37993822014859,10:33:13.822,10.1550,100
38313857663116,10:38:33.857,10.1600,100
38313857663116,10:38:33.857,10.1600,100
38313857663116,10:38:33.857,10.1600,100
38828295599899,10:47:08.295,10.1600,100
38828295599899,10:47:08.295,10.1600,100
39674900497755,11:01:14.900,10.1600,130
39953663885768,11:05:53.663,10.1700,500
39953663885768,11:05:53.663,10.1700,500
39953666550276,11:05:53.666,10.1800,500
39953666550276,11:05:53.666,10.1800,500
39953666550276,11:05:53.666,10.1800,500
39953666550276,11:05:53.666,10.1800,100
39953675390757,11:05:53.675,10.1800,200
39953677070063,11:05:53.677,10.1800,200
39953677070063,11:05:53.677,10.1800,200
39958874352312,11:05:58.874,10.1800,100
39958875515093,11:05:58.875,10.1800,100
40088874110240,11:08:08.874,10.1800,100
40118978354624,11:08:38.978,10.1700,100
40118978354624,11:08:38.978,10.1700,170
40118982656415,11:08:38.982,10.1700,100
40171458278332,11:09:31.458,10.1800,200
40259670725416,11:10:59.670,10.1800,100
40401491601737,11:13:21.491,10.1800,100
40454157013534,11:14:14.157,10.1800,32
40519849818891,11:15:19.849,10.1800,100
40561642868336,11:16:01.642,10.1800,300
40635872752557,11:17:15.872,10.1800,100
40754049155898,11:19:14.049,10.1800,100
40855420501562,11:20:55.420,10.1800,100
41004966964367,11:23:24.966,10.1800,100
41005000949540,11:23:25.000,10.1800,44
41071339953027,11:24:31.339,10.1800,100
41071339953027,11:24:31.339,10.1800,100
41071339953027,11:24:31.339,10.1800,414
42156508533694,11:42:36.508,10.1900,400
42217803335186,11:43:37.803,10.1900,100
42217803335186,11:43:37.803,10.1900,500
42217803335186,11:43:37.803,10.1900,100
42333774320472,11:45:33.774,10.1800,100
42662601633647,11:51:02.601,10.1800,380
42942028772749,11:55:42.028,10.1800,2000
45457218651047,12:37:37.218,10.1800,200
49251260062556,13:40:51.260,10.1800,100
49251260809327,13:40:51.260,10.1800,100
49670561563340,13:47:50.561,10.1900,100
50404558689421,14:00:04.558,10.1950,200
50404565346135,14:00:04.565,10.2000,500
50404565346135,14:00:04.565,10.2000,500
50404565346135,14:00:04.565,10.2000,500
50404565346135,14:00:04.565,10.2000,200
50404565346135,14:00:04.565,10.2000,100
50404567435437,14:00:04.567,10.2100,500
50404567435437,14:00:04.567,10.2100,500
50404567435437,14:00:04.567,10.2100,500
50404567435437,14:00:04.567,10.2100,402
50651797117329,14:04:11.797,10.2100,32
50651797129390,14:04:11.797,10.2100,168
50651797129390,14:04:11.797,10.2100,76
50651797132208,14:04:11.797,10.2100,24
50667559370667,14:04:27.559,10.2200,5
50667559370667,14:04:27.559,10.2200,95
50667559810887,14:04:27.559,10.2200,105
50704012893447,14:05:04.012,10.2300,100
50704013331945,14:05:04.013,10.2300,34
50704020751554,14:05:04.020,10.2300,300
50704021186807,14:05:04.021,10.2300,66
50704021186807,14:05:04.021,10.2300,15
50733593583821,14:05:33.593,10.2300,465
50740490105128,14:05:40.490,10.2300,20
50740490105128,14:05:40.490,10.2300,180
50906110518416,14:08:26.110,10.2300,100
50964223355019,14:09:24.223,10.2300,220
50964223355019,14:09:24.223,10.2300,200
50964223355019,14:09:24.223,10.2300,100
51456802092973,14:17:36.802,10.2350,200
51456813060543,14:17:36.813,10.2400,200
51456813060543,14:17:36.813,10.2400,200
52235708767884,14:30:35.708,10.2400,100
52235715769061,14:30:35.715,10.2400,100
52601356267753,14:36:41.356,10.2500,1400
52601356267753,14:36:41.356,10.2500,200
52601356267753,14:36:41.356,10.2500,100
52601356267753,14:36:41.356,10.2500,200
52601356267753,14:36:41.356,10.2500,200
53017183717762,14:43:37.183,10.2600,200
53017183717762,14:43:37.183,10.2600,100
53017183717762,14:43:37.183,10.2600,125
53017183726705,14:43:37.183,10.2600,100
53017183727922,14:43:37.183,10.2600,100
53017183757202,14:43:37.183,10.2600,100
53017183769359,14:43:37.183,10.2600,83
53017183769359,14:43:37.183,10.2600,508
53556285673726,14:52:36.285,10.2700,200
54773202757272,15:12:53.202,10.2500,800
54773202757272,15:12:53.202,10.2500,100
54773204725621,15:12:53.204,10.2600,2300
54773205521149,15:12:53.205,10.2600,100
54868058662931,15:14:28.058,10.2600,100
57142224129254,15:52:22.224,10.2500,100
57424148234627,15:57:04.148,10.2400,100
57424148234627,15:57:04.148,10.2400,25
57434351680313,15:57:14.351,10.2500,200
57439644265315,15:57:19.644,10.2500,500
57439644265315,15:57:19.644,10.2500,4
57556272964910,15:59:16.272,10.2550,100
57556278934038,15:59:16.278,10.2550,100
57556349491856,15:59:16.349,10.2550,100
57556455102840,15:59:16.455,10.2550,100
57556455102840,15:59:16.455,10.2600,200
57557262489236,15:59:17.262,10.2550,100
57560460216891,15:59:20.460,10.2550,100
57589678186952,15:59:49.678,10.2600,307
57600227630789,16:00:00.227,10.2600,83
