timestamp,time,price,volume
34200279764800,09:30:00.279,104.9900,2186
34201305440303,09:30:01.305,104.9900,27
34201305440303,09:30:01.305,104.9900,73
34279001513970,09:31:19.001,104.9900,100
34279001540235,09:31:19.001,104.9900,100
34279001570725,09:31:19.001,104.9900,100
34279001570725,09:31:19.001,104.9900,202
34279001571465,09:31:19.001,104.9900,100
34279001605965,09:31:19.001,104.9800,100
34279001634086,09:31:19.001,104.9900,100
34279001761024,09:31:19.001,104.9900,2
34279001825616,09:31:19.001,105.0000,100
34279002404435,09:31:19.002,105.0000,100
34279002404435,09:31:19.002,105.0000,100
34279003815986,09:31:19.003,105.0000,50
34279005356855,09:31:19.005,105.0400,100
34279006010170,09:31:19.006,105.1000,250
34280392303350,09:31:20.392,105.2000,50
34280392329755,09:31:20.392,105.2000,150
34280392329755,09:31:20.392,105.2000,100
34303338455526,09:31:43.338,104.9600,73
34303338455526,09:31:43.338,104.9500,27
34303560081618,09:31:43.560,104.9500,58
34303560081618,09:31:43.560,104.9400,42
34485895283306,09:34:45.895,105.2500,147
34485895305666,09:34:45.895,105.2300,100
34485895305666,09:34:45.895,105.2500,195
34485895308549,09:34:45.895,105.2500,458
34540049823532,09:35:40.049,105.1600,100
34540049860566,09:35:40.049,105.1600,20
34540049861867,09:35:40.049,105.1600,54
34540049861867,09:35:40.049,105.1500,46
34540049891412,09:35:40.049,105.1500,54
34540049913071,09:35:40.049,105.1600,100
34540050208009,09:35:40.050,105.1400,100
34559921500033,09:35:59.921,104.9200,35
34559921580658,09:35:59.921,104.9200,65
34559921580658,09:35:59.921,104.9200,35
34559921618976,09:35:59.921,104.9200,65
34775883724559,09:39:35.883,104.7400,100
34788228998357,09:39:48.228,104.8800,100
34818104044056,09:40:18.104,104.7300,100
34818104191819,09:40:18.104,104.8800,100
34818104191819,09:40:18.104,104.8800,3
34818104207723,09:40:18.104,104.8800,97
34818104238036,09:40:18.104,104.9000,700
34818104468001,09:40:18.104,104.8800,11
34832314311653,09:40:32.314,105.2600,100
34861077353373,09:41:01.077,105.2500,100
34885680983103,09:41:25.680,105.0300,100
34885680983103,09:41:25.680,105.0300,25
34890562238487,09:41:30.562,104.7100,100
34890562463263,09:41:30.562,104.5800,60
34890562716685,09:41:30.562,104.7100,100
34892106241957,09:41:32.106,104.5800,40
34892106241957,09:41:32.106,104.5800,12
34892828159975,09:41:32.828,104.9400,20
34892828159975,09:41:32.828,104.9400,80
34925101608188,09:42:05.101,104.4000,100
34941951115748,09:42:21.951,104.1500,30
34941951115748,09:42:21.951,104.1100,70
34953367616980,09:42:33.367,104.2750,200
34953367616980,09:42:33.367,104.4200,100
34953367649217,09:42:33.367,104.4400,913
34953367654001,09:42:33.367,104.4400,662
34953367662475,09:42:33.367,104.4400,472
34953367675838,09:42:33.367,104.4400,147
34953367677507,09:42:33.367,104.4400,2506
34953367682201,09:42:33.367,104.4500,100
34953367717912,09:42:33.367,104.4500,30
34953367736738,09:42:33.367,104.4500,70
34953367774715,09:42:33.367,104.4400,30
34953369320537,09:42:33.369,104.4900,100
34989753880198,09:43:09.753,105.0300,100
34989753880198,09:43:09.753,104.8800,100
34989753880198,09:43:09.753,104.8500,100
34989753917472,09:43:09.753,104.8500,662
34989753930826,09:43:09.753,104.8500,784
34989753945891,09:43:09.753,104.8500,616
34989753960442,09:43:09.753,104.8500,298
34989753966409,09:43:09.753,104.8500,245
34989755283079,09:43:09.755,104.8500,100
34989756195771,09:43:09.756,104.8500,1000
34989756242407,09:43:09.756,104.8500,695
35081155772186,09:44:41.155,104.8400,5
35206337504031,09:46:46.337,104.8700,23
35209363493392,09:46:49.363,104.8900,23
35274868277871,09:47:54.868,104.8700,23
35274868426661,09:47:54.868,104.8700,54
35274868426661,09:47:54.868,104.9000,46
35274869530799,09:47:54.869,104.9000,54
35285516237088,09:48:05.516,104.9900,5
35285516306717,09:48:05.516,105.0000,5
35285932653360,09:48:05.932,105.1100,589
35285932674762,09:48:05.932,105.1100,11
35311221766483,09:48:31.221,105.0600,10
35329422559132,09:48:49.422,105.0800,10
35332982867606,09:48:52.982,104.9450,67
35345223948296,09:49:05.223,105.1000,10
35363223215339,09:49:23.223,105.1000,10
35379223754021,09:49:39.223,105.1000,10
35386223750386,09:49:46.223,105.1000,10
35403023205325,09:50:03.023,105.1000,4
35403223178256,09:50:03.223,105.1000,10
35423586322138,09:50:23.586,105.1600,33
35423586351498,09:50:23.586,105.1600,67
35607049515925,09:53:27.049,105.0900,100
35616578832955,09:53:36.578,104.9950,100
35616578832955,09:53:36.578,104.9400,67
35616579179574,09:53:36.579,104.9400,100
35616579190237,09:53:36.579,104.9100,1
35616687821986,09:53:36.687,104.9300,100
35648964770455,09:54:08.964,104.9200,10
35667610866484,09:54:27.610,104.8700,4
35667610897494,09:54:27.610,104.8700,7
35667610897494,09:54:27.610,104.8700,3
35667611220840,09:54:27.611,104.8300,100
35795226553842,09:56:35.226,104.9150,100
35860369225045,09:57:40.369,104.8900,1
35890847144107,09:58:10.847,104.8700,1
35910435597457,09:58:30.435,104.8550,1
35925347330397,09:58:45.347,104.9100,5
35926799634724,09:58:46.799,104.9400,100
35940020471483,09:59:00.020,104.9400,50
35953796409592,09:59:13.796,104.9500,100
35953797910443,09:59:13.797,105.0200,5
35957349890894,09:59:17.349,105.0800,5
35957351657840,09:59:17.351,105.0550,97
35970534497057,09:59:30.534,105.0150,71
35975190800891,09:59:35.190,105.1100,128
35981349705078,09:59:41.349,105.1400,2
35981349705078,09:59:41.349,105.2000,3
35989057689791,09:59:49.057,105.1550,100
36009247271683,10:00:09.247,105.2100,1
36009266665471,10:00:09.266,105.1650,10
36009765264799,10:00:09.765,105.1600,6
36010862979408,10:00:10.862,105.1600,84
36010862979408,10:00:10.862,105.0600,8
36010863002457,10:00:10.863,105.0600,26
36010863002457,10:00:10.863,105.0600,100
36010863002457,10:00:10.863,105.0500,16
36010863088936,10:00:10.863,105.0500,84
36010864195650,10:00:10.864,105.0000,100
36010864199723,10:00:10.864,105.0500,41
36010878135432,10:00:10.878,104.9000,100
36010878188870,10:00:10.878,104.8500,100
36010878251572,10:00:10.878,104.7700,59
36010878281160,10:00:10.878,104.7600,100
36010878309225,10:00:10.878,104.7500,100
36010883856339,10:00:10.883,104.7050,100
36010972708278,10:00:10.972,104.7400,100
36011139846483,10:00:11.139,104.6600,100
36020418962385,10:00:20.418,104.5250,100
36035563480334,10:00:35.563,104.5900,381
36129104274009,10:02:09.104,105.0600,1
36168241554572,10:02:48.241,104.9250,55
36227251788514,10:03:47.251,104.9800,1
36240169689273,10:04:00.169,104.9800,100
36241240643539,10:04:01.240,104.9150,2
36244254289578,10:04:04.254,104.9800,1
36244254318316,10:04:04.254,104.9800,4
36244254318316,10:04:04.254,104.9800,3
36244254358594,10:04:04.254,104.9800,7
36256532471550,10:04:16.532,104.9350,43
36256532471550,10:04:16.532,104.8600,100
36256532471550,10:04:16.532,104.8600,15
36256532506807,10:04:16.532,104.8600,43
36256532506807,10:04:16.532,104.8600,100
36256532513058,10:04:16.532,104.8500,97
36256532530069,10:04:16.532,104.8500,11
36256534507575,10:04:16.534,104.8500,46
36256546530418,10:04:16.546,104.8200,100
36261254950881,10:04:21.254,104.8600,1
36278253293134,10:04:38.253,104.8900,1
36287253611303,10:04:47.253,104.8900,1
36295253985604,10:04:55.253,104.8400,1
36312142352286,10:05:12.142,104.7550,14
36321745537552,10:05:21.745,104.7450,86
36321745537552,10:05:21.745,104.6300,14
36328010747808,10:05:28.010,104.7350,100
36338552831523,10:05:38.552,104.8400,1
36370652792176,10:06:10.652,104.8000,100
36370652841945,10:06:10.652,104.8000,5
36385291223075,10:06:25.291,104.8000,95
36410625884658,10:06:50.625,104.8700,14
36410625884658,10:06:50.625,104.8800,3
36443586368378,10:07:23.586,104.9400,7
36452325584585,10:07:32.325,104.8950,100
36480534157172,10:08:00.534,104.8550,100
36483151227217,10:08:03.151,104.7700,5
36483151256593,10:08:03.151,104.7700,95
36490153597881,10:08:10.153,104.7800,5
36531422691882,10:08:51.422,104.8400,100
36559106463283,10:09:19.106,104.8150,11
36601374392317,10:10:01.374,104.7000,4
36622049690255,10:10:22.049,104.8400,100
36682141869567,10:11:22.141,104.7150,1
36708662785030,10:11:48.662,104.8600,100
36708662817142,10:11:48.662,104.8600,5
36708662825256,10:11:48.662,104.8600,5
36708662931196,10:11:48.662,104.8700,5
36721354869298,10:12:01.354,104.8750,2
36752461458269,10:12:32.461,104.8750,42
36961273884434,10:16:01.273,104.8750,1
37081227372671,10:18:01.227,104.8400,1
37087383746512,10:18:07.383,104.8400,54
37087383746512,10:18:07.383,104.8400,46
37088635845739,10:18:08.635,104.8400,54
37090084911370,10:18:10.084,104.8400,100
37094959732624,10:18:14.959,104.8400,100
37094959905864,10:18:14.959,104.7900,200
37094960218217,10:18:14.960,104.7800,100
37094960218217,10:18:14.960,104.7800,100
37094960676364,10:18:14.960,104.7500,100
37094960676364,10:18:14.960,104.7500,100
37134329864237,10:18:54.329,104.8600,23
37149177206446,10:19:09.177,104.7600,1
37172076419224,10:19:32.076,104.8700,100
37195262169166,10:19:55.262,104.8800,1
37195262747911,10:19:55.262,104.9000,100
37195264604503,10:19:55.264,104.9150,99
37221816975968,10:20:21.816,105.0400,1
37250424699800,10:20:50.424,105.1300,100
37275315345900,10:21:15.315,105.1500,100
37364352499459,10:22:44.352,105.2800,100
37364352529310,10:22:44.352,105.2800,3
37364352820619,10:22:44.352,105.2900,50
37364352842245,10:22:44.352,105.2900,84
37364352847023,10:22:44.352,105.2900,318
37364352858976,10:22:44.352,105.2900,48
37394062841498,10:23:14.062,105.4800,100
37394062870315,10:23:14.062,105.4800,30
37394062870315,10:23:14.062,105.4800,100
37394062877676,10:23:14.062,105.4800,30
37394062885180,10:23:14.062,105.4800,30
37394904240162,10:23:14.904,105.5500,100
37394904240162,10:23:14.904,105.5500,100
37395631982678,10:23:15.631,105.5500,100
37396131983570,10:23:16.131,105.5500,100
37445202512599,10:24:05.202,105.6400,1
37454203111515,10:24:14.203,105.6400,1
37463402885280,10:24:23.402,105.6400,1
37471204165491,10:24:31.204,105.6600,1
37475741540370,10:24:35.741,105.5400,22
37481203572893,10:24:41.203,105.5800,2
37491203863737,10:24:51.203,105.5800,1
37545107658176,10:25:45.107,105.5400,2
37560760796884,10:26:00.760,105.6000,12
37681285092758,10:28:01.285,105.6900,1
37783306614160,10:29:43.306,105.8000,7
37849908416557,10:30:49.908,105.7200,23
37889068034475,10:31:29.068,105.7200,6
37893519639152,10:31:33.519,105.8100,100
37893519639152,10:31:33.519,105.8200,8
37893519639152,10:31:33.519,105.8200,100
37893519639152,10:31:33.519,105.8200,100
37920840789349,10:32:00.840,105.8200,100
37920840789349,10:32:00.840,105.7600,94
37920840789349,10:32:00.840,105.7200,100
37920840789349,10:32:00.840,105.7200,32
37920840789349,10:32:00.840,105.7200,100
37920840789349,10:32:00.840,105.7200,100
37920840789349,10:32:00.840,105.7200,100
37920841682698,10:32:00.841,105.6000,77
37920841682698,10:32:00.841,105.5900,100
37920841682698,10:32:00.841,105.5900,23
37920841713780,10:32:00.841,105.5900,77
37920842686131,10:32:00.842,105.5600,100
37920843740689,10:32:00.843,105.5000,100
37920843947802,10:32:00.843,105.5000,100
37921353658331,10:32:01.353,105.6300,5
37922331504576,10:32:02.331,105.6250,100
37945481668847,10:32:25.481,105.7300,8
37982847471945,10:33:02.847,105.9000,100
37982847471945,10:33:02.847,105.9000,100
37982848352906,10:33:02.848,105.8800,100
37982848354569,10:33:02.848,105.9000,100
38000635019442,10:33:20.635,105.9600,100
38001135018472,10:33:21.135,105.9600,100
38014416349639,10:33:34.416,105.8600,17
38014416349639,10:33:34.416,105.8600,100
38014416349639,10:33:34.416,105.8600,100
38014416436464,10:33:34.416,105.8600,100
38014416442623,10:33:34.416,105.8600,100
38134348633012,10:35:34.348,105.7650,100
38256027180385,10:37:36.027,105.6700,100
38256027180385,10:37:36.027,105.6700,11
38256027180385,10:37:36.027,105.6700,22
38256027206979,10:37:36.027,105.6700,38
38256027206979,10:37:36.027,105.6700,100
38256027206979,10:37:36.027,105.6700,28
38256027206979,10:37:36.027,105.6700,34
38256027208740,10:37:36.027,105.6700,66
38256027284994,10:37:36.027,105.6600,100
38256027294162,10:37:36.027,105.6400,20
38256027314320,10:37:36.027,105.6400,80
38256028032346,10:37:36.028,105.6400,100
38401302613208,10:40:01.302,105.5600,4
38495038257140,10:41:35.038,105.6800,71
38521263126479,10:42:01.263,105.5750,3
38551016304420,10:42:31.016,105.5700,97
38622336708445,10:43:42.336,105.6800,1
38637337397004,10:43:57.337,105.6800,1
38641441683873,10:44:01.441,105.6200,3
38652338653056,10:44:12.338,105.6900,1
38652338684590,10:44:12.338,105.6900,99
38652338684590,10:44:12.338,105.6900,100
38652338684590,10:44:12.338,105.6900,3
38652338718140,10:44:12.338,105.7000,100
38652338718140,10:44:12.338,105.7000,5
38666338265658,10:44:26.338,105.8600,1
38680339927013,10:44:40.339,105.8600,1
38687541756740,10:44:47.541,105.8800,1
38697739162038,10:44:57.739,105.8900,1
38802758402209,10:46:42.758,105.8300,97
38831376893548,10:47:11.376,105.8500,100
38891849279631,10:48:11.849,105.8500,5
39129755224726,10:52:09.755,105.9400,100
39129755303321,10:52:09.755,105.9300,100
39129755367542,10:52:09.755,105.9300,30
39129755868284,10:52:09.755,105.9200,5
39129755895302,10:52:09.755,105.9200,95
39130376938518,10:52:10.376,105.9000,18
39130376938518,10:52:10.376,105.9000,100
39130377027429,10:52:10.377,105.8900,6
39130377055780,10:52:10.377,105.8900,23
39130377674898,10:52:10.377,105.9000,100
39130377674898,10:52:10.377,105.8900,100
39131377633905,10:52:11.377,106.0000,6
39132378437558,10:52:12.378,106.0800,100
39168730486498,10:52:48.730,106.1900,100
39168730867167,10:52:48.730,106.2000,100
39168739098801,10:52:48.739,106.2000,100
39168747786654,10:52:48.747,106.2400,100
39169378046931,10:52:49.378,106.2700,100
39169378046931,10:52:49.378,106.2800,100
39169378101691,10:52:49.378,106.2800,80
39179976160349,10:52:59.976,106.1900,100
39179976160349,10:52:59.976,106.1800,100
39179976573551,10:52:59.976,106.1600,100
39179977527226,10:52:59.977,106.1600,3
39179977563766,10:52:59.977,106.1700,97
39310028081124,10:55:10.028,106.2300,1
39310028081124,10:55:10.028,106.2300,19
39322502614930,10:55:22.502,106.2600,8
39322518109403,10:55:22.518,106.3000,80
39322518109403,10:55:22.518,106.3000,2
39342219733544,10:55:42.219,106.2500,100
39360088892303,10:56:00.088,106.1900,100
39360088892303,10:56:00.088,106.1900,100
39360088988694,10:56:00.088,106.2150,100
39360089310921,10:56:00.089,106.1900,100
39439508333981,10:57:19.508,106.1000,100
39439508364611,10:57:19.508,106.1000,100
39439508390621,10:57:19.508,106.0500,100
39468235616355,10:57:48.235,106.0500,40
39484257019956,10:58:04.257,106.1400,28
39484257026017,10:58:04.257,106.1400,28
39484257038157,10:58:04.257,106.1400,28
39484257076646,10:58:04.257,106.1500,20
39484257076646,10:58:04.257,106.1500,8
39524646769025,10:58:44.646,106.1600,60
39524646769025,10:58:44.646,106.1600,100
39608751937548,11:00:08.751,106.2300,8
39637106484670,11:00:37.106,106.2400,100
39646467275388,11:00:46.467,106.2300,100
39646467306959,11:00:46.467,106.2300,100
39646467306959,11:00:46.467,106.2300,11
39646467384738,11:00:46.467,106.2300,23
39646468577587,11:00:46.468,106.2300,100
39663500053362,11:01:03.500,106.3200,100
39663500053362,11:01:03.500,106.3200,83
39664064316593,11:01:04.064,106.3000,22
39737879504450,11:02:17.879,106.4400,100
39737879504450,11:02:17.879,106.4400,8
39737880171961,11:02:17.880,106.4500,100
39788510562978,11:03:08.510,106.5450,100
39802391921420,11:03:22.391,106.4600,100
39802391921420,11:03:22.391,106.4600,100
39802391965980,11:03:22.391,106.4500,100
39802391965980,11:03:22.391,106.4200,100
39812119554371,11:03:32.119,106.4500,1
39879025355442,11:04:39.025,106.4900,43
39879025424831,11:04:39.025,106.4900,7
39907686498375,11:05:07.686,106.5000,35
39907695907825,11:05:07.695,106.4600,10
39961290194803,11:06:01.290,106.4650,1
40149075562366,11:09:09.075,106.5200,33
40182393856707,11:09:42.393,106.5300,2
40201240924474,11:10:01.240,106.4400,1
40251819773918,11:10:51.819,106.4650,31
40258096458522,11:10:58.096,106.4650,2
40281712859530,11:11:21.712,106.4650,55
40281712859530,11:11:21.712,106.4000,45
40281715076519,11:11:21.715,106.4000,55
40281715076519,11:11:21.715,106.4000,11
40281715586597,11:11:21.715,106.3900,100
40282027264886,11:11:22.027,106.4350,63
40321307778833,11:12:01.307,106.4150,5
40372827814388,11:12:52.827,106.4100,31
40379075514818,11:12:59.075,106.4100,1
40495104385923,11:14:55.104,106.3800,100
40495104553998,11:14:55.104,106.3700,48
40495104580363,11:14:55.104,106.3700,23
40495108655881,11:14:55.108,106.3500,100
40495108655881,11:14:55.108,106.3500,100
40495111504977,11:14:55.111,106.3300,100
40534121355477,11:15:34.121,106.3100,100
40555819880993,11:15:55.819,106.3100,100
40575249163481,11:16:15.249,106.2900,14
40583189575260,11:16:23.189,106.2900,9
40592357758279,11:16:32.357,106.2900,76
40592357758279,11:16:32.357,106.2900,24
40623247334855,11:17:03.247,106.3150,100
40623247785491,11:17:03.247,106.2800,77
40623247785491,11:17:03.247,106.2800,76
40628065040986,11:17:08.065,106.2700,100
40628065166134,11:17:08.065,106.2700,7
40628065217438,11:17:08.065,106.2700,93
40746715291759,11:19:06.715,106.2800,9
40746715291759,11:19:06.715,106.2800,5
40750829000045,11:19:10.829,106.2100,1
40930137018012,11:22:10.137,106.2200,100
40997147853569,11:23:17.147,106.2500,7
40997147958227,11:23:17.147,106.2300,100
40997147958227,11:23:17.147,106.2300,34
40997178036462,11:23:17.178,106.2200,35
40997178064840,11:23:17.178,106.2200,65
40997178064840,11:23:17.178,106.2200,100
40997178064840,11:23:17.178,106.2200,34
40997208413299,11:23:17.208,106.1900,43
40997208450549,11:23:17.208,106.1900,57
40997208450549,11:23:17.208,106.1900,100
40997208476200,11:23:17.208,106.1900,100
40997208488003,11:23:17.208,106.1900,15
40997208500129,11:23:17.208,106.1900,22
40997208514872,11:23:17.208,106.1900,59
40997208530865,11:23:17.208,106.1900,4
40997208530865,11:23:17.208,106.1900,81
40997208535486,11:23:17.208,106.1900,4
40997208955938,11:23:17.208,106.1900,15
40997210315879,11:23:17.210,106.1800,15
40997210315879,11:23:17.210,106.1700,85
40997210612956,11:23:17.210,106.1700,15
41002409286605,11:23:22.409,106.0000,10
41047356374804,11:24:07.356,106.0800,8
41047356394932,11:24:07.356,106.0900,100
41047356394932,11:24:07.356,106.1000,100
41047356513543,11:24:07.356,106.1300,14
41047356656404,11:24:07.356,106.1400,11
41047356689603,11:24:07.356,106.1600,100
41047357155373,11:24:07.357,106.2100,8
41196833134730,11:26:36.833,106.2500,10
41251044435328,11:27:31.044,106.1600,16
41251044467764,11:27:31.044,106.1600,84
41251044467764,11:27:31.044,106.1600,11
41251044524478,11:27:31.044,106.1200,6
41251063562486,11:27:31.063,106.1200,94
41296096395776,11:28:16.096,106.1000,100
41304100332005,11:28:24.100,106.0400,100
41304100332005,11:28:24.100,106.0400,100
41304130754074,11:28:24.130,105.9400,5
41344848710328,11:29:04.848,105.9400,95
41366243380087,11:29:26.243,105.8700,2
41483489600629,11:31:23.489,105.9100,13
41483489607589,11:31:23.489,105.9100,13
41483489655471,11:31:23.489,105.9200,8
41483489655471,11:31:23.489,105.9200,5
41483489728238,11:31:23.489,105.9400,7
41484501035273,11:31:24.501,105.9350,100
41485001020275,11:31:25.001,105.9350,100
41485501019696,11:31:25.501,105.9350,100
41486431798341,11:31:26.431,106.0100,100
41486439651739,11:31:26.439,106.0700,47
41523358077258,11:32:03.358,106.0200,1
41524049949110,11:32:04.049,105.9700,100
41524049973420,11:32:04.049,105.9700,71
41524050016569,11:32:04.050,105.9600,5
41589985698822,11:33:09.985,105.9800,100
41589985712929,11:33:09.985,105.9900,16
41589985744833,11:33:09.985,105.9900,47
41589985756578,11:33:09.985,105.9900,37
41589985766621,11:33:09.985,106.0100,16
41641266783203,11:34:01.266,106.0150,4
41797673379779,11:36:37.673,106.1100,100
41797673444362,11:36:37.673,106.1100,9
42001292236684,11:40:01.292,106.0800,2
42070496075557,11:41:10.496,106.1500,9
42070496102842,11:41:10.496,106.1500,91
42071929922711,11:41:11.929,106.1600,9
42071930669884,11:41:11.930,106.1800,69
42071930695302,11:41:11.930,106.1800,31
42071930827573,11:41:11.930,106.2000,69
42071930854940,11:41:11.930,106.2000,17
42071930881356,11:41:11.930,106.2000,109
42071930882825,11:41:11.930,106.2000,50
42117719794203,11:41:57.719,106.3200,20
42214706761270,11:43:34.706,106.3300,100
42214706791400,11:43:34.706,106.3300,4
42241330250904,11:44:01.330,106.2800,4
42315136128685,11:45:15.136,106.3300,80
42315136271813,11:45:15.136,106.3300,4
42326239887804,11:45:26.239,106.3500,4
42326240258582,11:45:26.240,106.3600,100
42326240258582,11:45:26.240,106.3600,9
42477917162729,11:47:57.917,106.3800,90
42485469592496,11:48:05.469,106.4400,11
42498974855198,11:48:18.974,106.3300,10
42517372670557,11:48:37.372,106.2900,20
42517372670557,11:48:37.372,106.2900,95
42517373140417,11:48:37.373,106.2800,100
42545163160285,11:49:05.163,106.2000,100
42551404983123,11:49:11.404,106.1700,2
42551405011222,11:49:11.405,106.1700,98
42600647215378,11:50:00.647,106.1500,100
42707212546769,11:51:47.212,106.0500,3
42707212572642,11:51:47.212,106.0500,97
42753150714516,11:52:33.150,105.7500,100
42830006784434,11:53:50.006,105.7750,100
42852514179254,11:54:12.514,105.8700,3
42852514179254,11:54:12.514,105.8700,97
42852514211333,11:54:12.514,105.8700,3
42852514509959,11:54:12.514,105.8800,100
42852514524951,11:54:12.514,105.8800,100
42852514526209,11:54:12.514,105.8800,67
42852514555179,11:54:12.514,105.8800,100
42852514710328,11:54:12.514,105.8800,100
42852514813434,11:54:12.514,105.8800,33
42852515287676,11:54:12.515,105.8500,15
42852515287676,11:54:12.515,105.8500,10
42852515373146,11:54:12.515,105.8800,10
42852515381749,11:54:12.515,105.8300,100
42852515472699,11:54:12.515,105.8200,26
42854864023597,11:54:14.864,105.7700,100
42854864662555,11:54:14.864,105.6700,1
42855635982464,11:54:15.635,105.6700,100
42867778436812,11:54:27.778,105.6000,11
42867778436812,11:54:27.778,105.6000,89
42867778475354,11:54:27.778,105.6000,5
42867778504863,11:54:27.778,105.6000,6
42867778805087,11:54:27.778,105.5900,100
42867778824476,11:54:27.778,105.5900,4
42877782277675,11:54:37.782,105.6700,100
42877782302948,11:54:37.782,105.6700,28
42877782822524,11:54:37.782,105.7000,100
42877782823052,11:54:37.782,105.7000,100
42877782850880,11:54:37.782,105.7000,800
42929124055423,11:55:29.124,105.8000,89
42981340661121,11:56:21.340,105.8000,3
43044200830653,11:57:24.200,105.8200,100
43044200943834,11:57:24.200,105.8000,4
43201235074669,12:00:01.235,105.8100,1
43405748713466,12:03:25.748,105.8800,4
43405748713466,12:03:25.748,105.8800,5
43405748767159,12:03:25.748,105.8400,100
43405748842930,12:03:25.748,105.8400,200
43419925935125,12:03:39.925,105.9050,99
43419925935125,12:03:39.925,105.8500,1
43560584054554,12:06:00.584,105.8400,100
43560584054554,12:06:00.584,105.8400,99
43560584054554,12:06:00.584,105.8400,11
43560584054554,12:06:00.584,105.8400,100
43733635780587,12:08:53.635,105.8600,2
43835881167638,12:10:35.881,105.9000,100
43856395543407,12:10:56.395,105.9200,17
43866005570988,12:11:06.005,105.9900,43
43866005601549,12:11:06.005,105.9900,57
43866005601549,12:11:06.005,105.9900,100
43953619752146,12:12:33.619,105.9200,1
43957018552778,12:12:37.018,105.9200,80
43957018552778,12:12:37.018,105.8900,20
43957018580231,12:12:37.018,105.8900,80
43957018580231,12:12:37.018,105.8900,11
43957019102205,12:12:37.019,105.8800,100
43957019139516,12:12:37.019,105.8700,100
43957031940550,12:12:37.031,105.8700,100
43961217375373,12:12:41.217,105.8300,1
43961217375373,12:12:41.217,105.8300,3
43961217484880,12:12:41.217,105.8300,1
43961240938737,12:12:41.240,105.8200,1
43961240938737,12:12:41.240,105.8100,1
43961240938737,12:12:41.240,105.8000,1
43961240938737,12:12:41.240,105.7900,1
43961240938737,12:12:41.240,105.7900,96
43974111002353,12:12:54.111,105.8500,91
44041036096031,12:14:01.036,105.8550,100
44149833154696,12:15:49.833,105.9400,72
44149833218616,12:15:49.833,106.0000,11
44149856905814,12:15:49.856,106.0400,100
44150338275130,12:15:50.338,106.0450,1
44152861958054,12:15:52.861,106.0450,25
44152904251844,12:15:52.904,106.0450,1
44165355273087,12:16:05.355,106.0450,73
44165355273087,12:16:05.355,106.0100,100
44165355273087,12:16:05.355,106.0100,27
44165355774420,12:16:05.355,106.0100,73
44232859006219,12:17:12.859,105.9100,1
44240780073367,12:17:20.780,105.9100,1
44263688467456,12:17:43.688,105.9850,1
44266895277096,12:17:46.895,105.9850,1
44277444749679,12:17:57.444,106.0050,1
44281346376233,12:18:01.346,106.0400,4
44281346890629,12:18:01.346,106.0800,15
44295113105858,12:18:15.113,106.1400,1
44312015678478,12:18:32.015,106.2100,1
44378582318901,12:19:38.582,106.2400,5
44457462445861,12:20:57.462,106.3000,30
44540257227784,12:22:20.257,106.3750,100
44577470828288,12:22:57.470,106.3750,13
44641271183077,12:24:01.271,106.3750,2
44655038950521,12:24:15.038,106.3850,27
44655061548155,12:24:15.061,106.3850,100
44668156989466,12:24:28.156,106.3900,27
44698511456183,12:24:58.511,106.3850,100
44698531092528,12:24:58.531,106.3900,100
44707247001586,12:25:07.247,106.3200,100
44707247001586,12:25:07.247,106.3000,11
44707247028426,12:25:07.247,106.3000,23
44707247083409,12:25:07.247,106.3000,66
44707247083409,12:25:07.247,106.3000,11
44707247384649,12:25:07.247,106.2800,100
44876510138874,12:27:56.510,106.2800,20
44879643096745,12:27:59.643,106.2000,100
44879643201904,12:27:59.643,106.1700,1
44879643230178,12:27:59.643,106.1700,21
44879643243071,12:27:59.643,106.1700,78
44881535032365,12:28:01.535,106.1000,4
44881535104038,12:28:01.535,106.1000,96
44881535104038,12:28:01.535,106.1000,31
44898726523776,12:28:18.726,106.0500,1
44898726554202,12:28:18.726,106.0400,1
44898726554202,12:28:18.726,106.0400,4
44898755469863,12:28:18.755,106.0300,1
44926876405783,12:28:46.876,106.0200,2
44926876405783,12:28:46.876,106.0200,98
44938513595165,12:28:58.513,106.0100,1
44938513595165,12:28:58.513,106.0100,1
44938880546780,12:28:58.880,106.0000,1
44938880546780,12:28:58.880,106.0000,1
44939129576303,12:28:59.129,105.9900,1
44939129576303,12:28:59.129,105.9900,1
44939502900426,12:28:59.502,105.9800,2
44942134309860,12:29:02.134,105.9600,1
44942134309860,12:29:02.134,105.9600,3
44999183403790,12:29:59.183,105.9900,5
44999183522272,12:29:59.183,105.9800,100
45000825846835,12:30:00.825,106.0200,11
45091888523739,12:31:31.888,106.0600,100
45091946341694,12:31:31.946,106.0600,100
45168441908904,12:32:48.441,106.0600,100
45168442093171,12:32:48.442,106.0800,23
45168442123309,12:32:48.442,106.0800,77
45185226662239,12:33:05.226,106.0300,100
45185226718677,12:33:05.226,106.0800,100
45198177232933,12:33:18.177,106.0600,100
45206649484162,12:33:26.649,106.0600,7
45279922711181,12:34:39.922,106.0800,100
45320143068686,12:35:20.143,106.0200,100
45320143101866,12:35:20.143,106.0100,100
45320143140797,12:35:20.143,106.0000,100
45320144231870,12:35:20.144,105.9500,1
45324453575599,12:35:24.453,105.9500,7
45324453610541,12:35:24.453,105.9500,13
45324453610541,12:35:24.453,105.9500,20
45324453695809,12:35:24.453,105.9400,1
45324453695809,12:35:24.453,105.9300,1
45340317085360,12:35:40.317,105.9200,1
45341150746473,12:35:41.150,105.8900,1
45341979920441,12:35:41.979,105.8700,1
45341980318856,12:35:41.980,105.8600,12
45341980345588,12:35:41.980,105.8600,76
45341980380245,12:35:41.980,105.8600,11
45341980407895,12:35:41.980,105.8600,1
45353313263171,12:35:53.313,105.8500,1
45356228728034,12:35:56.228,105.8400,1
45361366654094,12:36:01.366,105.8300,5
45367410183255,12:36:07.410,105.8300,16
45367410183255,12:36:07.410,105.8300,25
45374427338298,12:36:14.427,105.8200,1
45374427455650,12:36:14.427,105.8100,1
45374458371137,12:36:14.458,105.7900,1
45451797474107,12:37:31.797,105.8250,100
45575824344138,12:39:35.824,105.7900,2
45597255955605,12:39:57.255,105.7800,1
45597255955605,12:39:57.255,105.7800,1
45597256042871,12:39:57.256,105.7800,1
45670790822232,12:41:10.790,105.8250,100
45670813278235,12:41:10.813,105.8250,100
45677753763881,12:41:17.753,105.8250,102
45677753876848,12:41:17.753,105.8250,98
45677753876848,12:41:17.753,105.8600,4
45677753896197,12:41:17.753,105.8600,96
45677753896197,12:41:17.753,105.8600,2
45677755847733,12:41:17.755,105.8200,98
45708572337565,12:41:48.572,105.7900,100
45710930145154,12:41:50.930,105.7700,1
45710930145154,12:41:50.930,105.7600,1
45710930145154,12:41:50.930,105.7500,1
45710930145154,12:41:50.930,105.7400,1
45710934872250,12:41:50.934,105.7300,1
45710972584456,12:41:50.972,105.7200,1
45710972613761,12:41:50.972,105.7100,1
45710994498921,12:41:50.994,105.7000,1
45710994530144,12:41:50.994,105.6900,1
45845322575313,12:44:05.322,105.6800,1
45845322575313,12:44:05.322,105.6800,1
45845322612885,12:44:05.322,105.6700,1
45845322612885,12:44:05.322,105.6700,1
45845322612885,12:44:05.322,105.6700,1
45845322612885,12:44:05.322,105.6600,2
45845322635502,12:44:05.322,105.6500,1
45845323223222,12:44:05.323,105.6400,1
45845323223222,12:44:05.323,105.6400,1
45892607011018,12:44:52.607,105.6200,2
45892608386123,12:44:52.608,105.6100,1
45892608386123,12:44:52.608,105.6100,1
45900276474857,12:45:00.276,105.6100,61
45910156139634,12:45:10.156,105.6900,39
45910156139634,12:45:10.156,105.5900,100
45910156139634,12:45:10.156,105.5900,61
45910156169948,12:45:10.156,105.5900,39
45910156272347,12:45:10.156,105.5800,1
45910156272347,12:45:10.156,105.5800,1
45910156272347,12:45:10.156,105.5800,88
45910157030369,12:45:10.157,105.5800,12
45910157030369,12:45:10.157,105.5800,11
45910157099815,12:45:10.157,105.5700,1
45910157146004,12:45:10.157,105.5700,1
45910157635103,12:45:10.157,105.5500,1
45910157635103,12:45:10.157,105.5500,1
45939724325313,12:45:39.724,105.5500,1
45939724397195,12:45:39.724,105.5400,1
45939724397195,12:45:39.724,105.5400,1
45939751308525,12:45:39.751,105.5300,1
45939751308525,12:45:39.751,105.5300,1
45948572501570,12:45:48.572,105.5200,1
45948576037753,12:45:48.576,105.5100,1
46004400532195,12:46:44.400,105.5550,100
46030188211378,12:47:10.188,105.5800,5
46118249132431,12:48:38.249,105.8600,100
46216710562117,12:50:16.710,105.8800,100
46297270726925,12:51:37.270,105.8950,5
46297294127299,12:51:37.294,105.8950,100
46297315688429,12:51:37.315,105.8950,100
46375870365083,12:52:55.870,105.9600,3
46375870660281,12:52:55.870,105.9550,100
46375885701504,12:52:55.885,105.8900,15
46396936820755,12:53:16.936,105.8700,100
46396937743117,12:53:16.937,105.8300,100
46396938322625,12:53:16.938,105.8200,2
46396938349568,12:53:16.938,105.8200,21
46396938530243,12:53:16.938,105.8200,100
46532780500938,12:55:32.780,105.8050,100
46628507889103,12:57:08.507,105.8600,1
46628508585406,12:57:08.508,105.8550,100
46686780426264,12:58:06.780,105.8650,100
46686780426264,12:58:06.780,105.8800,3
46686780456177,12:58:06.780,105.8800,97
46686780456177,12:58:06.780,105.8800,3
46688786053272,12:58:08.786,105.9400,8
46703965320348,12:58:23.965,105.8700,100
46703965367750,12:58:23.965,105.8700,100
46703965422546,12:58:23.965,105.8500,100
46703965439946,12:58:23.965,105.8500,200
46703965439946,12:58:23.965,105.8500,100
46703965478283,12:58:23.965,105.8300,11
46734837813599,12:58:54.837,105.7850,100
46750790017044,12:59:10.790,105.7750,100
46781777921212,12:59:41.777,105.7700,100
46798267261926,12:59:58.267,105.7650,100
46834368921534,13:00:34.368,105.7000,11
46834368956968,13:00:34.368,105.7000,89
46834369097944,13:00:34.369,105.6800,1
46888169663542,13:01:28.169,105.7550,100
47032193057220,13:03:52.193,105.7600,100
47061016686240,13:04:21.016,105.7600,100
47061017468695,13:04:21.017,105.7600,100
47095264026928,13:04:55.264,105.7900,1
47162033804711,13:06:02.033,105.7700,100
47278059998893,13:07:58.059,105.7700,100
47283412441060,13:08:03.412,105.7400,100
47283412469734,13:08:03.412,105.7400,11
47283412507202,13:08:03.412,105.7300,13
47283413238867,13:08:03.413,105.7200,23
47283413266800,13:08:03.413,105.7200,77
47380799211044,13:09:40.799,105.7200,5
47380814493013,13:09:40.814,105.7500,100
47381071540024,13:09:41.071,105.7250,2
47415257082979,13:10:15.257,105.7250,1
47583820210904,13:13:03.820,105.7250,97
47583820210904,13:13:03.820,105.6900,100
47583820210904,13:13:03.820,105.6900,100
47583820210904,13:13:03.820,105.6900,1
47700147486993,13:15:00.147,105.6750,10
47824485538631,13:17:04.485,105.6850,34
47854535607559,13:17:34.535,105.6850,21
47887705088986,13:18:07.705,105.7000,45
47887705088986,13:18:07.705,105.6800,12
47887705088986,13:18:07.705,105.6700,43
47887705173627,13:18:07.705,105.6700,57
47887705967127,13:18:07.705,105.6600,100
47911060223978,13:18:31.060,105.7100,100
47911061631451,13:18:31.061,105.7100,100
47941700317032,13:19:01.700,105.7100,38
48008733947092,13:20:08.733,105.7600,41
48019086514985,13:20:19.086,105.7500,50
48045827129022,13:20:45.827,105.6400,100
48045827129022,13:20:45.827,105.6400,100
48045827129022,13:20:45.827,105.6400,11
48045827133042,13:20:45.827,105.6400,100
48069510143716,13:21:09.510,105.5750,100
48194384406047,13:23:14.384,105.5100,1
48194384406047,13:23:14.384,105.5100,99
48194384419814,13:23:14.384,105.5100,1
48194432832945,13:23:14.432,105.4800,1
48194432832945,13:23:14.432,105.4800,1
48371575999730,13:26:11.575,105.6700,100
48635328527539,13:30:35.328,105.6600,1
48659328726290,13:30:59.328,105.6700,1
48694796704989,13:31:34.796,105.6700,99
48694796704989,13:31:34.796,105.6700,1
48694798114128,13:31:34.798,105.6900,27
48715818928984,13:31:55.818,105.6550,14
48784157917490,13:33:04.157,105.7050,21
49022234939758,13:37:02.234,105.7150,52
49153548260296,13:39:13.548,105.7100,8
49352626794414,13:42:32.626,105.7150,19
49359005564564,13:42:39.005,105.6600,100
49359005564564,13:42:39.005,105.6600,19
49359005564564,13:42:39.005,105.6600,100
49359005564564,13:42:39.005,105.6600,1
49359005596536,13:42:39.005,105.6500,100
49359006402448,13:42:39.006,105.6300,80
49359006699346,13:42:39.006,105.6300,20
49359006699346,13:42:39.006,105.6200,2
49592655871669,13:46:32.655,105.6900,24
49592655871669,13:46:32.655,105.7000,1
49592655871669,13:46:32.655,105.7000,75
49592655906704,13:46:32.655,105.7000,25
49592656208774,13:46:32.656,105.7100,100
49738102124249,13:48:58.102,105.6300,100
49738102181497,13:48:58.102,105.6300,100
49738102228601,13:48:58.102,105.6300,2
49738102228601,13:48:58.102,105.6300,11
49761541941493,13:49:21.541,105.6300,25
49767741837925,13:49:27.741,105.6750,100
49810820438601,13:50:10.820,105.7300,100
49811823489246,13:50:11.823,105.7500,100
49811823874121,13:50:11.823,105.7600,100
49811855777815,13:50:11.855,105.7750,100
49952760307941,13:52:32.760,105.7900,100
49979615059750,13:52:59.615,105.7900,100
49979615136316,13:52:59.615,105.8000,10
50078069427656,13:54:38.069,105.8900,14
50078069427656,13:54:38.069,105.8900,25
50078069427656,13:54:38.069,105.8900,61
50078069487100,13:54:38.069,105.8900,39
50078069487100,13:54:38.069,105.8900,61
50078069519243,13:54:38.069,105.8900,39
50078100658234,13:54:38.100,105.8300,1
50328269806357,13:58:48.269,105.8900,2
50328269806357,13:58:48.269,105.8900,25
50328269806357,13:58:48.269,105.9900,73
50338000611322,13:58:58.000,105.8300,100
50338000611322,13:58:58.000,105.8200,2
50338001946349,13:58:58.001,105.8200,98
50379766805368,13:59:39.766,105.7700,100
50379766837016,13:59:39.766,105.7700,11
50408592538533,14:00:08.592,105.9000,5
50408592538533,14:00:08.592,105.9000,4
50410147764996,14:00:10.147,105.9600,100
50464500132408,14:01:04.500,105.9700,40
50464500132408,14:01:04.500,105.9800,60
50464500164408,14:01:04.500,105.9800,40
50464500509817,14:01:04.500,106.0000,10
50515505699498,14:01:55.505,105.7500,9
50515505759028,14:01:55.505,105.7500,100
50515505816811,14:01:55.505,105.7500,31
50515505987585,14:01:55.505,105.7500,31
50515713841680,14:01:55.713,105.7200,400
50515713841680,14:01:55.713,105.7100,91
50524481121908,14:02:04.481,105.9000,8
50537842413628,14:02:17.842,105.7600,100
50538144477065,14:02:18.144,105.7500,1
50538203985024,14:02:18.203,105.7500,1
50538203985024,14:02:18.203,105.7500,1
50538268042797,14:02:18.268,105.7500,2
50538370261188,14:02:18.370,105.7500,1
50644940725342,14:04:04.940,105.9800,1
50645113790032,14:04:05.113,105.9700,10
50676639748484,14:04:36.639,106.0400,100
50676639748484,14:04:36.639,106.0300,100
50676639748484,14:04:36.639,106.0300,87
50676848104719,14:04:36.848,105.9800,100
50677061696379,14:04:37.061,105.9600,100
50677062208379,14:04:37.062,105.9500,13
50683465716093,14:04:43.465,106.1400,7
50779723757852,14:06:19.723,106.3050,100
50837792018240,14:07:17.792,106.1700,100
50837792018240,14:07:17.792,106.1600,11
50837792018240,14:07:17.792,106.1600,87
50837792388595,14:07:17.792,106.1600,10
50837793437641,14:07:17.793,106.1600,83
50837793437641,14:07:17.793,106.1100,10
50838001412373,14:07:18.001,106.1100,2
50844419388122,14:07:24.419,106.1900,9
50844419570796,14:07:24.419,106.1900,5
50850142708403,14:07:30.142,106.0800,5
50850143227916,14:07:30.143,106.0800,86
50850143253038,14:07:30.143,106.0800,14
50850143276675,14:07:30.143,106.0800,14
50850143303008,14:07:30.143,106.0800,81
50851025706007,14:07:31.025,106.1600,5
50862723411628,14:07:42.723,106.1600,1
50991815050084,14:09:51.815,106.2300,100
50998941555553,14:09:58.941,106.0800,100
50998941555553,14:09:58.941,106.0800,100
50998941555553,14:09:58.941,106.0800,12
50999156307641,14:09:59.156,106.0800,100
51106043552509,14:11:46.043,106.2500,100
51147341995574,14:12:27.341,106.3300,1
51147341995574,14:12:27.341,106.3300,100
51160094876089,14:12:40.094,106.2200,15
51236399349028,14:13:56.399,106.3800,100
51236399378155,14:13:56.399,106.3800,100
51236399378155,14:13:56.399,106.3800,100
51241217753687,14:14:01.217,106.4200,1
51300234841319,14:15:00.234,106.4450,100
51301545928846,14:15:01.545,106.4450,100
51303255316564,14:15:03.255,106.4800,3
51318255504882,14:15:18.255,106.4800,3
51321247286823,14:15:21.247,106.4100,100
51321294257860,14:15:21.294,106.3900,17
51321294257860,14:15:21.294,106.3900,9
51321294257860,14:15:21.294,106.3900,11
51321294257860,14:15:21.294,106.3900,100
51321297500337,14:15:21.297,106.3600,100
51321982790129,14:15:21.982,106.3100,100
51373045212948,14:16:13.045,106.3400,10
51378627573336,14:16:18.627,106.3400,10
51393749750432,14:16:33.749,106.1600,12
51396432188670,14:16:36.432,106.1600,15
51396432188670,14:16:36.432,106.1500,1
51396432214880,14:16:36.432,106.1500,15
51635675326328,14:20:35.675,106.1600,100
51635675326328,14:20:35.675,106.1300,12
51635676047468,14:20:35.676,106.1300,88
51635676047468,14:20:35.676,106.1300,12
51635690573785,14:20:35.690,106.1200,100
51635690602199,14:20:35.690,106.1200,19
51635690634219,14:20:35.690,106.1100,86
51635690660574,14:20:35.690,106.1100,14
51635690665906,14:20:35.690,106.1100,100
51741160020370,14:22:21.160,106.0950,100
51741160020370,14:22:21.160,106.1600,100
51741160020370,14:22:21.160,106.1600,100
51741160050010,14:22:21.160,106.1600,100
51741160050010,14:22:21.160,106.1600,10
51741160057468,14:22:21.160,106.1600,100
51758461312817,14:22:38.461,106.2800,1
51758496002214,14:22:38.496,106.1700,24
51760630034730,14:22:40.630,106.3000,1
51760632956296,14:22:40.632,106.2700,100
51766043646006,14:22:46.043,106.3600,100
51766045372092,14:22:46.045,106.3600,35
51766045372092,14:22:46.045,106.3500,65
51766045377925,14:22:46.045,106.3500,35
51803881182961,14:23:23.881,106.4100,100
51803881263001,14:23:23.881,106.4100,100
51803882021180,14:23:23.882,106.4100,2
51869160408894,14:24:29.160,106.3800,100
51869160408894,14:24:29.160,106.3800,18
51869160408894,14:24:29.160,106.3800,11
51869160408894,14:24:29.160,106.3800,18
51971283232237,14:26:11.283,106.3800,13
52077569551446,14:27:57.569,106.3000,100
52126999758565,14:28:46.999,106.3300,100
52126999758565,14:28:46.999,106.3100,100
52126999758565,14:28:46.999,106.3100,42
52127000729936,14:28:47.000,106.3000,13
52127000729936,14:28:47.000,106.2900,10
52127207564435,14:28:47.207,106.2800,100
52127207564435,14:28:47.207,106.2800,16
52127208226547,14:28:47.208,106.2600,56
52127208255311,14:28:47.208,106.2600,44
52288149110602,14:31:28.149,106.2900,100
52316084957433,14:31:56.084,106.2700,20
52316084957433,14:31:56.084,106.2700,11
52469817489239,14:34:29.817,106.3700,12
52469817516607,14:34:29.817,106.3700,88
52469817942805,14:34:29.817,106.4200,1
52469819486108,14:34:29.819,106.5000,12
52469820378809,14:34:29.820,106.4600,10
52506305138016,14:35:06.305,106.5600,5
52506831625237,14:35:06.831,106.4950,58
52534253124135,14:35:34.253,106.4850,31
52564271990111,14:36:04.271,106.4900,1
52565178728691,14:36:05.178,106.4200,14
52565178757522,14:36:05.178,106.4200,10
52565178757522,14:36:05.178,106.4100,100
52565178757522,14:36:05.178,106.4100,6
52565178757522,14:36:05.178,106.4100,90
52565178758630,14:36:05.178,106.4100,10
52565178791446,14:36:05.178,106.3900,15
52565179120090,14:36:05.179,106.3700,100
52565179120090,14:36:05.179,106.3700,2
52565179152883,14:36:05.179,106.3600,2
52572840632323,14:36:12.840,106.3500,5
52572840632323,14:36:12.840,106.3500,100
52572840632323,14:36:12.840,106.3500,26
52572840678925,14:36:12.840,106.3400,5
52572840678925,14:36:12.840,106.3300,5
52572840678925,14:36:12.840,106.3200,100
52572840678925,14:36:12.840,106.3200,2
52572840699827,14:36:12.840,106.3000,10
52572840699827,14:36:12.840,106.2900,2
52610453628072,14:36:50.453,106.3400,100
52634900670429,14:37:14.900,106.3300,4
52725343494238,14:38:45.343,106.4600,25
52725343651557,14:38:45.343,106.4600,75
52725343651557,14:38:45.343,106.4600,100
52725343690006,14:38:45.343,106.4700,1
52771605734697,14:39:31.605,106.4550,100
52771605734697,14:39:31.605,106.4200,10
52771605734697,14:39:31.605,106.4000,12
52771605734697,14:39:31.605,106.3900,100
52771605734697,14:39:31.605,106.3800,100
52771616458207,14:39:31.616,106.4600,50
52771829098360,14:39:31.829,106.4000,25
52771829098360,14:39:31.829,106.3800,29
52771829098360,14:39:31.829,106.3500,100
52771829098360,14:39:31.829,106.3400,100
52899519642353,14:41:39.519,106.5400,3
52899519642353,14:41:39.519,106.5400,87
52899519668604,14:41:39.519,106.5400,13
52932754355597,14:42:12.754,106.5850,100
52957966811411,14:42:37.966,106.6400,100
52995686071807,14:43:15.686,106.5950,100
52996198572332,14:43:16.198,106.5400,100
52996198572332,14:43:16.198,106.5400,11
52996198572332,14:43:16.198,106.5400,100
52996198572332,14:43:16.198,106.5400,100
52996198572332,14:43:16.198,106.5400,11
52996198572332,14:43:16.198,106.5400,36
52996199565729,14:43:16.199,106.5100,100
52996199565729,14:43:16.199,106.5100,100
53060818978472,14:44:20.818,106.5500,3
53160823355510,14:46:00.823,106.6300,39
53160823355510,14:46:00.823,106.6300,2
53188822953410,14:46:28.822,106.6300,10
53189267609427,14:46:29.267,106.6500,5
53189274087245,14:46:29.274,106.6500,95
53189274395827,14:46:29.274,106.6600,5
53227162152162,14:47:07.162,106.6950,26
53228227097971,14:47:08.227,106.7900,100
53228227129411,14:47:08.227,106.8000,10
53228227628278,14:47:08.227,106.8100,100
53255059132080,14:47:35.059,106.7750,74
53255059132080,14:47:35.059,106.7100,26
53340580564504,14:49:00.580,106.9000,170
53340756042387,14:49:00.756,106.8000,100
53341640704089,14:49:01.640,106.7800,100
53348244282039,14:49:08.244,106.7000,11
53348612487031,14:49:08.612,106.6800,10
53363923392556,14:49:23.923,106.8600,2
53386117233380,14:49:46.117,106.8100,4
53386117290864,14:49:46.117,106.8100,67
53386117554660,14:49:46.117,106.8100,12
53386117937407,14:49:46.117,106.8100,21
53403343546924,14:50:03.343,106.9100,5
53404919373336,14:50:04.919,106.7400,35
53415565254289,14:50:15.565,106.7400,2
53416208596766,14:50:16.208,106.7400,11
53416208596766,14:50:16.208,106.7300,100
53416208596766,14:50:16.208,106.7300,65
53421507603703,14:50:21.507,106.7300,13
53426344138177,14:50:26.344,106.8400,5
53429473750968,14:50:29.473,106.8400,4
53432963113689,14:50:32.963,106.8500,1
53434344384885,14:50:34.344,106.8500,5
53450165551675,14:50:50.165,106.8500,100
53455143102727,14:50:55.143,106.8600,1
53455143129578,14:50:55.143,106.8600,3
53455343837799,14:50:55.343,106.8900,100
53467646054083,14:51:07.646,106.7500,9
53538270813679,14:52:18.270,106.9100,100
53542122785582,14:52:22.122,106.9400,100
53546345166352,14:52:26.345,107.0000,25
53546345166352,14:52:26.345,107.0000,15
53546345197319,14:52:26.345,107.0000,265
53546345197319,14:52:26.345,107.0000,15
53546345197319,14:52:26.345,107.0000,80
53546345197319,14:52:26.345,107.0000,75
53546345197319,14:52:26.345,107.0000,2
53546345197319,14:52:26.345,107.0000,1
53546345197319,14:52:26.345,107.0000,281
53546345197319,14:52:26.345,107.0000,1166
53546345197319,14:52:26.345,107.0000,100
53546345197319,14:52:26.345,107.0000,100
53673511695594,14:54:33.511,107.2200,100
53679516713564,14:54:39.516,107.2200,100
53703353015464,14:55:03.353,107.2800,5
53724354718476,14:55:24.354,107.2800,5
53731354330595,14:55:31.354,107.2800,5
53738507961934,14:55:38.507,107.1500,200
53738507961934,14:55:38.507,107.1400,100
53738508093994,14:55:38.508,107.1400,100
53738508093994,14:55:38.508,107.1400,100
53738508512390,14:55:38.508,107.1300,11
53738508512390,14:55:38.508,107.1300,35
53738509171505,14:55:38.509,107.1300,34
53738509199049,14:55:38.509,107.1300,31
53738509199049,14:55:38.509,107.1300,100
53738509624534,14:55:38.509,107.0800,100
53791780261522,14:56:31.780,107.3100,3
53792000300266,14:56:32.000,107.3100,14
53792000326369,14:56:32.000,107.3100,86
53792000326369,14:56:32.000,107.3100,30
53848418750886,14:57:28.418,107.2700,70
53899665236112,14:58:19.665,107.3000,30
53899665236112,14:58:19.665,107.2100,300
53899665236112,14:58:19.665,107.2000,70
53915833837157,14:58:35.833,107.3600,5
54001033538833,15:00:01.033,107.2000,100
54001033538833,15:00:01.033,107.2000,88
54004365607715,15:00:04.365,107.3700,8
54021591202787,15:00:21.591,107.3250,100
54021591202787,15:00:21.591,107.3250,100
54053244232273,15:00:53.244,107.2800,40
54060814060835,15:01:00.814,107.2800,60
54060814060835,15:01:00.814,107.2500,31
54060814060835,15:01:00.814,107.2200,100
54060814060835,15:01:00.814,107.2100,100
54060814060835,15:01:00.814,107.2000,100
54060814060835,15:01:00.814,107.2000,5
54060815132331,15:01:00.815,107.1900,4
54060815158711,15:01:00.815,107.1900,96
54061024262842,15:01:01.024,107.1600,100
54061024262842,15:01:01.024,107.1600,100
54221963410321,15:03:41.963,107.2300,100
54221963410321,15:03:41.963,107.2300,30
54221964006240,15:03:41.964,107.2200,11
54221964006240,15:03:41.964,107.2200,63
54221964060572,15:03:41.964,107.2200,37
54221964060572,15:03:41.964,107.2200,63
54221964062139,15:03:41.964,107.2200,37
54221964878066,15:03:41.964,107.2100,100
54221981653502,15:03:41.981,107.2200,78
54257711313348,15:04:17.711,107.1200,4
54257711315452,15:04:17.711,107.1200,4
54257711791391,15:04:17.711,107.1200,2
54257711970310,15:04:17.711,107.1200,8
54257712050169,15:04:17.712,107.1200,5
54257712119094,15:04:17.712,107.1200,3
54257712184780,15:04:17.712,107.1200,2
54257712249792,15:04:17.712,107.1200,2
54261583103633,15:04:21.583,107.1200,1
54261583704113,15:04:21.583,107.1200,1
54264562735322,15:04:24.562,107.1200,1
54264562735322,15:04:24.562,107.1000,2
54264562735322,15:04:24.562,107.0900,2
54264564086634,15:04:24.564,107.0800,2
54291303122136,15:04:51.303,107.0700,2
54291303122136,15:04:51.303,107.0700,3
54291303122136,15:04:51.303,107.0700,95
54317691476698,15:05:17.691,107.0600,1
54317692943005,15:05:17.692,107.0500,2
54317692943005,15:05:17.692,107.0500,3
54318008391993,15:05:18.008,107.0400,5
54318475863487,15:05:18.475,107.0300,2
54318475863487,15:05:18.475,107.0300,4
54319032869353,15:05:19.032,107.0200,4
54319032869353,15:05:19.032,107.0200,1
54319032869353,15:05:19.032,107.0200,69
54334080312279,15:05:34.080,107.0100,2
54363734168209,15:06:03.734,107.0500,30
54366995453108,15:06:06.995,107.0100,25
54366995513441,15:06:06.995,107.0000,10
54366995840727,15:06:06.995,106.9900,2
54366995840727,15:06:06.995,106.9900,3
54366995849139,15:06:06.995,106.9800,5
54366995849139,15:06:06.995,106.9800,7
54366995867748,15:06:06.995,106.9800,9
54366995918258,15:06:06.995,106.9800,4
54366995918258,15:06:06.995,106.9700,2
54366995918258,15:06:06.995,106.9700,1
54366995923102,15:06:06.995,106.9700,4
54366995923102,15:06:06.995,106.9600,1
54367007862769,15:06:07.007,106.9600,1
54383137621707,15:06:23.137,106.9400,1
54383137621707,15:06:23.137,106.9400,1
54383137621707,15:06:23.137,106.9400,2
54383138052463,15:06:23.138,106.9300,2
54383138052463,15:06:23.138,106.9000,1
54383138052463,15:06:23.138,106.9000,20
54383138178823,15:06:23.138,106.9000,2
54383138669937,15:06:23.138,106.8800,2
54390129221667,15:06:30.129,106.9200,100
54390129221667,15:06:30.129,106.9200,100
54410437225199,15:06:50.437,106.8300,100
54410437225199,15:06:50.437,106.8200,2
54410437225199,15:06:50.437,106.8200,100
54410437225199,15:06:50.437,106.8200,98
54434834127151,15:07:14.834,106.8700,100
54434835018517,15:07:14.835,106.9200,5
54454615682735,15:07:34.615,106.8700,100
54544282756158,15:09:04.282,106.9500,100
54544282756158,15:09:04.282,106.9500,100
54544282756158,15:09:04.282,106.9500,11
54544284061303,15:09:04.284,106.9400,100
54544284061303,15:09:04.284,106.9400,89
54544284087419,15:09:04.284,106.9400,11
54544284287335,15:09:04.284,106.9400,100
54544285189714,15:09:04.285,106.9400,25
54544296902149,15:09:04.296,106.9800,200
54555770717682,15:09:15.770,106.9500,35
54555772305865,15:09:15.772,106.8400,100
54555772305865,15:09:15.772,106.8300,100
54644699070577,15:10:44.699,107.0100,100
54704493127885,15:11:44.493,107.0200,100
54705416795318,15:11:45.416,107.0000,25
54717402052269,15:11:57.402,107.0100,50
54717402096249,15:11:57.402,107.0100,25
54717402553177,15:11:57.402,107.0000,25
54717402804232,15:11:57.402,106.9800,175
54717402804232,15:11:57.402,106.9400,25
54717402833893,15:11:57.402,106.9400,48
54717402876688,15:11:57.402,106.9400,27
54717405623432,15:11:57.405,106.9300,8
54768642179716,15:12:48.642,107.0000,1
54821029938840,15:13:41.029,106.9500,100
54822043379842,15:13:42.043,106.9500,100
54831064981442,15:13:51.064,106.9500,100
54866565634146,15:14:26.565,106.9500,1
54866565634146,15:14:26.565,106.9500,21
54866573373125,15:14:26.573,106.9400,100
54866573917720,15:14:26.573,106.9300,100
54866573943231,15:14:26.573,106.9300,15
54866574391462,15:14:26.574,106.9200,100
54866574415882,15:14:26.574,106.9200,100
54866574989832,15:14:26.574,106.9100,10
54866574989832,15:14:26.574,106.9100,90
54866575038953,15:14:26.575,106.9100,10
54866576496868,15:14:26.576,106.9000,100
54866576560324,15:14:26.576,106.8900,100
54866779788332,15:14:26.779,106.8500,90
54932071699373,15:15:32.071,106.8900,100
54932071770859,15:15:32.071,106.8600,100
54941896639133,15:15:41.896,106.8850,30
54941897086162,15:15:41.897,106.8850,70
54941897086162,15:15:41.897,106.8850,100
54941897086162,15:15:41.897,106.8500,30
54941897114204,15:15:41.897,106.8500,70
54941897114204,15:15:41.897,106.8500,100
54941899084047,15:15:41.899,106.8400,10
54972251340460,15:16:12.251,106.9300,12
54972252328353,15:16:12.252,106.9000,10
54972252786184,15:16:12.252,106.9300,10
54972253390846,15:16:12.253,106.8600,15
54972253455355,15:16:12.253,106.9100,30
54972253773093,15:16:12.253,106.8600,30
54972253890512,15:16:12.253,106.9100,15
54972253939803,15:16:12.253,106.8700,100
54972254125259,15:16:12.254,106.8700,26
54972254209187,15:16:12.254,106.8700,15
54995497558997,15:16:35.497,106.8300,21
54995497558997,15:16:35.497,106.8300,100
54995497558997,15:16:35.497,106.8300,2
54995501744624,15:16:35.501,106.8100,5
54995501802944,15:16:35.501,106.8000,2
54995501802944,15:16:35.501,106.8000,11
54998295534788,15:16:38.295,106.7900,2
55000570810645,15:16:40.570,106.8200,15
55006352292124,15:16:46.352,106.7700,2
55006352292124,15:16:46.352,106.7700,100
55006353280385,15:16:46.353,106.7700,100
55007106287599,15:16:47.106,106.7700,100
55009353017478,15:16:49.353,106.8000,89
55009353048536,15:16:49.353,106.8000,11
55010608093430,15:16:50.608,106.8000,100
55010608116136,15:16:50.608,106.7800,100
55010608519108,15:16:50.608,106.8000,10
55010767344843,15:16:50.767,106.8000,100
55010767374787,15:16:50.767,106.7900,100
55012533392651,15:16:52.533,106.7600,100
55012533392651,15:16:52.533,106.7600,2
55012533392651,15:16:52.533,106.7600,100
55012533392651,15:16:52.533,106.7600,100
55012533410259,15:16:52.533,106.7600,5
55012533424859,15:16:52.533,106.7600,1
55012533501778,15:16:52.533,106.7600,1
55012533526730,15:16:52.533,106.7600,99
55012533530446,15:16:52.533,106.7600,100
55012533592826,15:16:52.533,106.7600,94
55012533654686,15:16:52.533,106.7500,1
55015883278380,15:16:55.883,106.7700,23
55015883398966,15:16:55.883,106.7500,10
55015883426721,15:16:55.883,106.7500,100
55015883819728,15:16:55.883,106.7700,10
55021853550979,15:17:01.853,106.7400,1
55021853550979,15:17:01.853,106.7400,100
55021977048081,15:17:01.977,106.7200,2
55021977889344,15:17:01.977,106.7100,2
55021978658841,15:17:01.978,106.7000,2
55021979399891,15:17:01.979,106.6900,2
55021979399891,15:17:01.979,106.6900,1
55021979429340,15:17:01.979,106.6900,99
55022671850858,15:17:02.671,106.7600,5
55022677322882,15:17:02.677,106.7900,100
55022677443549,15:17:02.677,106.7900,100
55022677525808,15:17:02.677,106.7900,100
55022726472460,15:17:02.726,106.8000,100
55022726504735,15:17:02.726,106.8000,100
55039062895014,15:17:19.062,106.7700,100
55039062931573,15:17:19.062,106.7700,100
55039062966602,15:17:19.062,106.7700,100
55059048633296,15:17:39.048,106.6900,100
55128020027718,15:18:48.020,106.7400,100
55165760415999,15:19:25.760,106.7200,100
55165760499318,15:19:25.760,106.7200,100
55165760800924,15:19:25.760,106.7200,100
55165760897788,15:19:25.760,106.7200,100
55165760900518,15:19:25.760,106.7200,100
55165762702911,15:19:25.762,106.7000,100
55165762768830,15:19:25.762,106.7000,100
55165763107191,15:19:25.763,106.6900,25
55165763107191,15:19:25.763,106.6900,75
55165763173764,15:19:25.763,106.6900,25
55165763173764,15:19:25.763,106.6900,75
55165763240713,15:19:25.763,106.6900,25
55165763240713,15:19:25.763,106.6900,75
55165763302903,15:19:25.763,106.6900,25
55169909539586,15:19:29.909,106.6950,105
55169910620276,15:19:29.910,106.6900,54
55172745472082,15:19:32.745,106.7000,100
55172745472082,15:19:32.745,106.7000,1
55172745472082,15:19:32.745,106.7000,100
55172745565282,15:19:32.745,106.6900,30
55172745590140,15:19:32.745,106.6900,70
55172745590140,15:19:32.745,106.6900,30
55175691271970,15:19:35.691,106.6800,5
55175989762975,15:19:35.989,106.6900,100
55181402876789,15:19:41.402,106.6800,100
55184828234028,15:19:44.828,106.6600,1
55184828234028,15:19:44.828,106.6600,99
55188867910004,15:19:48.867,106.6600,100
55188867910004,15:19:48.867,106.6600,100
55188867910004,15:19:48.867,106.6600,1
55188868464393,15:19:48.868,106.6500,2
55188868464393,15:19:48.868,106.6500,100
55188868464393,15:19:48.868,106.6500,100
55188868464393,15:19:48.868,106.6500,97
55188868509543,15:19:48.868,106.6500,3
55188868509543,15:19:48.868,106.6400,97
55188868529629,15:19:48.868,106.6400,3
55188868529629,15:19:48.868,106.6300,2
55198530781061,15:19:58.530,106.6400,58
55198530812519,15:19:58.530,106.6400,42
55199901879781,15:19:59.901,106.6400,100
55200069201703,15:20:00.069,106.6400,100
55200074865392,15:20:00.074,106.6800,100
55200462237591,15:20:00.462,106.7000,100
55200835345666,15:20:00.835,106.7100,100
55208880142934,15:20:08.880,106.6700,100
55208880142934,15:20:08.880,106.6700,45
55208880149973,15:20:08.880,106.6700,22
55208880580200,15:20:08.880,106.6700,39
55208880989309,15:20:08.880,106.6700,39
55212496056875,15:20:12.496,106.6400,100
55212496056875,15:20:12.496,106.6400,100
55215885633980,15:20:15.885,106.6700,100
55218138013778,15:20:18.138,106.6700,100
55218138040043,15:20:18.138,106.6700,100
55218138086939,15:20:18.138,106.6700,100
55218138396694,15:20:18.138,106.6900,100
55218138396694,15:20:18.138,106.6900,100
55218748819327,15:20:18.748,106.6800,12
55220196793326,15:20:20.196,106.6800,100
55220197203535,15:20:20.197,106.6800,100
55220200609189,15:20:20.200,106.6700,100
55220712513466,15:20:20.712,106.6800,100
55225297246537,15:20:25.297,106.6900,100
55225519139922,15:20:25.519,106.6900,100
55226321188500,15:20:26.321,106.7200,100
55230087840830,15:20:30.087,106.7100,100
55230087945224,15:20:30.087,106.7100,100
55232703128878,15:20:32.703,106.7100,100
55232703193247,15:20:32.703,106.7100,100
55232703228130,15:20:32.703,106.7100,100
55237608045167,15:20:37.608,106.7100,100
55237608065087,15:20:37.608,106.7400,100
55237608065087,15:20:37.608,106.7400,100
55237608082034,15:20:37.608,106.7800,97
55237608104540,15:20:37.608,106.7800,103
55237608631606,15:20:37.608,106.7800,100
55237641765284,15:20:37.641,106.7200,100
55237641817949,15:20:37.641,106.7100,100
55237641888974,15:20:37.641,106.7100,100
55251528120180,15:20:51.528,106.7200,100
55251528120180,15:20:51.528,106.7200,100
55251528120180,15:20:51.528,106.7200,300
55251528419833,15:20:51.528,106.7100,178
55251528449340,15:20:51.528,106.7100,22
55251528449340,15:20:51.528,106.7100,100
55264833440911,15:21:04.833,106.7100,100
55264833440911,15:21:04.833,106.7100,1
55264833472113,15:21:04.833,106.7100,99
55272098232363,15:21:12.098,106.7450,100
55272098308838,15:21:12.098,106.7800,100
55291142293846,15:21:31.142,106.7550,100
55291481665086,15:21:31.481,106.7200,26
55296668083223,15:21:36.668,106.6900,100
55296668569465,15:21:36.668,106.6900,100
55296668608318,15:21:36.668,106.6900,100
55300023636621,15:21:40.023,106.6900,100
55300023659533,15:21:40.023,106.6800,100
55300023660781,15:21:40.023,106.6600,100
55341730549590,15:22:21.730,106.6200,62
55341730576774,15:22:21.730,106.6200,38
55341730576774,15:22:21.730,106.6200,71
55341730625953,15:22:21.730,106.6100,2
55341730625953,15:22:21.730,106.6100,35
55341730631461,15:22:21.730,106.6100,65
55341730711796,15:22:21.730,106.6100,100
55350019658926,15:22:30.019,106.6400,100
55350019658926,15:22:30.019,106.6000,2
55350020760160,15:22:30.020,106.6000,100
55350020760160,15:22:30.020,106.6000,100
55350020760160,15:22:30.020,106.5900,2
55350020760160,15:22:30.020,106.5800,2
55350021357905,15:22:30.021,106.6000,100
55350228836503,15:22:30.228,106.5600,2
55350228836503,15:22:30.228,106.5600,35
55350228836503,15:22:30.228,106.5500,1
55350228836503,15:22:30.228,106.5500,1
55350444101334,15:22:30.444,106.5400,2
55381358476004,15:23:01.358,106.5900,27
55393218214980,15:23:13.218,106.5500,57
55393218214980,15:23:13.218,106.5500,100
55393218214980,15:23:13.218,106.5500,38
55393218807839,15:23:13.218,106.5500,62
55393218807839,15:23:13.218,106.5500,38
55393218838677,15:23:13.218,106.5500,62
55393218838677,15:23:13.218,106.5500,100
55396795660964,15:23:16.795,106.5300,2
55396796205765,15:23:16.796,106.5300,1
55407043623046,15:23:27.043,106.5400,100
55407058586830,15:23:27.058,106.5400,73
55407102498569,15:23:27.102,106.5200,5
55407388341381,15:23:27.388,106.5100,2
55407404358186,15:23:27.404,106.5000,2
55407404358186,15:23:27.404,106.5000,100
55407404358186,15:23:27.404,106.5000,100
55407404439214,15:23:27.404,106.4900,2
55407405116514,15:23:27.405,106.4800,1
55407406872738,15:23:27.406,106.4700,5
55407406872738,15:23:27.406,106.4700,81
55407406905878,15:23:27.406,106.4700,19
55407406936300,15:23:27.406,106.4600,2
55437976340490,15:23:57.976,106.5200,5
55437978259111,15:23:57.978,106.5200,4
55455464411933,15:24:15.464,106.5400,10
55473003055521,15:24:33.003,106.5400,100
55496742779837,15:24:56.742,106.5300,16
55496838767927,15:24:56.838,106.5200,16
55499117437859,15:24:59.117,106.5500,100
55499119667129,15:24:59.119,106.5500,91
55499419315217,15:24:59.419,106.5200,84
55499419315217,15:24:59.419,106.5200,16
55499419343723,15:24:59.419,106.5200,84
55499420412920,15:24:59.420,106.5200,100
55499587755016,15:24:59.587,106.5200,100
55499589649155,15:24:59.589,106.5200,100
55499589649155,15:24:59.589,106.5100,100
55501795676220,15:25:01.795,106.5000,63
55501795710608,15:25:01.795,106.5000,37
55501795710608,15:25:01.795,106.5000,100
55504807588341,15:25:04.807,106.4800,5
55505858399188,15:25:05.858,106.4800,5
55511171097272,15:25:11.171,106.4800,40
55511171097272,15:25:11.171,106.4500,5
55511171097272,15:25:11.171,106.4500,100
55511171097272,15:25:11.171,106.4400,2
55511171097272,15:25:11.171,106.4300,1
55511171735363,15:25:11.171,106.4100,5
55511171735363,15:25:11.171,106.4100,100
55511172835663,15:25:11.172,106.4000,2
55511172835663,15:25:11.172,106.4000,1
55511172835663,15:25:11.172,106.4000,100
55511173489759,15:25:11.173,106.4000,44
55511173514651,15:25:11.173,106.4000,56
55511173534647,15:25:11.173,106.4000,56
55511173564780,15:25:11.173,106.4000,100
55511175241241,15:25:11.175,106.4200,3
55528319350688,15:25:28.319,106.4900,29
55528319350688,15:25:28.319,106.4900,71
55537581532657,15:25:37.581,106.5000,30
55552374043173,15:25:52.374,106.5700,98
55557826388333,15:25:57.826,106.5800,100
55563423100554,15:26:03.423,106.6200,100
55607768914593,15:26:47.768,106.7500,100
55625768854808,15:27:05.768,106.7500,100
55632298414819,15:27:12.298,106.7300,100
55642768526736,15:27:22.768,106.7500,100
55672321849160,15:27:52.321,106.7700,100
55672321849160,15:27:52.321,106.7200,100
55672321849160,15:27:52.321,106.7100,100
55672323510938,15:27:52.323,106.7250,100
55672324094511,15:27:52.324,106.7000,100
55673464670228,15:27:53.464,106.6900,100
55695646647399,15:28:15.646,106.8100,20
55762859011155,15:29:22.859,106.8050,100
55762859026053,15:29:22.859,106.7600,100
55762859106797,15:29:22.859,106.7600,70
55762859167299,15:29:22.859,106.7500,100
55762859167299,15:29:22.859,106.7500,100
55764365519744,15:29:24.365,106.7100,100
55783613160973,15:29:43.613,106.8000,100
55797644757074,15:29:57.644,106.7900,100
55797645646479,15:29:57.645,106.7500,35
55797645673608,15:29:57.645,106.7500,65
55797645673608,15:29:57.645,106.7500,100
55804771059283,15:30:04.771,106.7400,72
55817354639418,15:30:17.354,106.6900,100
55832825044170,15:30:32.825,106.7100,5
55832828410127,15:30:32.828,106.7100,59
55833475836355,15:30:33.475,106.7150,100
55833475836355,15:30:33.475,106.6700,100
55833476484930,15:30:33.476,106.6600,92
55833476510769,15:30:33.476,106.6600,8
55833845972080,15:30:33.845,106.6500,10
55833845972080,15:30:33.845,106.6500,21
55833845972080,15:30:33.845,106.6500,11
55872404150667,15:31:12.404,106.7200,20
55872423702393,15:31:12.423,106.7300,100
55872423716307,15:31:12.423,106.7400,5
55877413862486,15:31:17.413,106.7750,100
55901024838486,15:31:41.024,106.7600,20
55906510833040,15:31:46.510,106.7700,80
55921591639635,15:32:01.591,106.7700,100
55944650584956,15:32:24.650,106.7600,20
55947084466609,15:32:27.084,106.7450,80
55963103666847,15:32:43.103,106.7600,5
55964347635577,15:32:44.347,106.7900,55
55974557153223,15:32:54.557,106.7600,100
55977759174185,15:32:57.759,106.7200,12
55977759174185,15:32:57.759,106.7200,88
55977759204496,15:32:57.759,106.7200,12
55994623847803,15:33:14.623,106.6900,100
55994623847803,15:33:14.623,106.6600,100
55994623847803,15:33:14.623,106.6500,100
55994623847803,15:33:14.623,106.6500,14
55994624544963,15:33:14.624,106.6400,8
55994624544963,15:33:14.624,106.6400,12
55994624544963,15:33:14.624,106.6300,9
55994624544963,15:33:14.624,106.6300,1
55994627522472,15:33:14.627,106.6200,5
55994627522472,15:33:14.627,106.6200,5
55994698549981,15:33:14.698,106.6100,10
55994833923404,15:33:14.833,106.5900,5
55994833923404,15:33:14.833,106.5900,5
55994833923404,15:33:14.833,106.5700,10
55994833923404,15:33:14.833,106.5600,10
55994833923404,15:33:14.833,106.5400,1
55994833923404,15:33:14.833,106.5400,99
55994834550426,15:33:14.834,106.5200,1
55996489391658,15:33:16.489,106.5100,19
55996489391658,15:33:16.489,106.5100,1
55996707334540,15:33:16.707,106.5000,10
56022867859894,15:33:42.867,106.5250,100
56029585138175,15:33:49.585,106.5300,100
56033281835060,15:33:53.281,106.5500,100
56087427007101,15:34:47.427,106.5200,100
56087427076540,15:34:47.427,106.5200,100
56087427076540,15:34:47.427,106.4800,87
56087427106790,15:34:47.427,106.4800,13
56087427106790,15:34:47.427,106.4800,87
56092277798967,15:34:52.277,106.4600,2
56092277798967,15:34:52.277,106.4600,3
56092277798967,15:34:52.277,106.4600,2
56092277798967,15:34:52.277,106.4600,3
56123645364080,15:35:23.645,106.4750,100
56133367875590,15:35:33.367,106.5050,27
56155777626454,15:35:55.777,106.5050,73
56155777626454,15:35:55.777,106.4800,100
56155777626454,15:35:55.777,106.4700,27
56157583725476,15:35:57.583,106.4600,65
56160215825536,15:36:00.215,106.5050,20
56170073545508,15:36:10.073,106.4700,73
56170073545508,15:36:10.073,106.4700,27
56170073573862,15:36:10.073,106.4700,79
56170073573862,15:36:10.073,106.4700,11
56170073573862,15:36:10.073,106.4700,100
56170074083359,15:36:10.074,106.4500,5
56170074653791,15:36:10.074,106.4500,1
56170075245076,15:36:10.075,106.4700,100
56181922027723,15:36:21.922,106.5000,5
56196083016737,15:36:36.083,106.5200,100
56196585016166,15:36:36.585,106.5200,100
56197020547615,15:36:37.020,106.5200,100
56197020547615,15:36:37.020,106.5000,100
56197610015184,15:36:37.610,106.4950,100
56217621539733,15:36:57.621,106.5000,64
56245743352409,15:37:25.743,106.5400,19
56281783540734,15:38:01.783,106.5300,31
56281783615154,15:38:01.783,106.5300,33
56316928566710,15:38:36.928,106.5100,100
56316928566710,15:38:36.928,106.5000,100
56316928566710,15:38:36.928,106.5000,91
56316928566710,15:38:36.928,106.5000,9
56316928597572,15:38:36.928,106.5000,91
56316929264555,15:38:36.929,106.5100,100
56316929264555,15:38:36.929,106.5100,38
56316929312624,15:38:36.929,106.5100,42
56341621380329,15:39:01.621,106.5200,65
56349621936737,15:39:09.621,106.5200,100
56356120505773,15:39:16.120,106.4800,18
56356120505773,15:39:16.120,106.4800,82
56363195581410,15:39:23.195,106.4800,18
56403621155178,15:40:03.621,106.4950,64
56404621476823,15:40:04.621,106.4800,64
56407762334155,15:40:07.762,106.4600,65
56407762334155,15:40:07.762,106.4600,35
56407762361869,15:40:07.762,106.4600,65
56433264704751,15:40:33.264,106.5500,6
56461264406309,15:41:01.264,106.5400,6
56461264478161,15:41:01.264,106.5400,94
56461264478161,15:41:01.264,106.5400,64
56461264478161,15:41:01.264,106.5400,55
56461264506320,15:41:01.264,106.5400,45
56463974206460,15:41:03.974,106.5600,79
56463974232312,15:41:03.974,106.5600,21
56468001266822,15:41:08.001,106.5400,50
56468001292052,15:41:08.001,106.5400,49
56468001339562,15:41:08.001,106.5400,1
56468001339562,15:41:08.001,106.5200,4
56468005971429,15:41:08.005,106.5200,96
56472683000571,15:41:12.683,106.5200,100
56483682062326,15:41:23.682,106.5100,100
56498849335970,15:41:38.849,106.4800,100
56527621532284,15:42:07.621,106.4900,65
56580122621658,15:43:00.122,106.5300,100
56580122621658,15:43:00.122,106.5300,100
56580122621658,15:43:00.122,106.5300,4
56580122632397,15:43:00.122,106.5300,61
56581383637817,15:43:01.383,106.5350,100
56581383637817,15:43:01.383,106.5300,100
56581383637817,15:43:01.383,106.5300,100
56581384557931,15:43:01.384,106.5200,11
56581384557931,15:43:01.384,106.5200,89
56581384566671,15:43:01.384,106.5200,11
56633976561924,15:43:53.976,106.5300,5
56633978957990,15:43:53.978,106.5300,4
56639231671015,15:43:59.231,106.5400,91
56639231671015,15:43:59.231,106.5400,100
56639231671015,15:43:59.231,106.5200,10
56639231671015,15:43:59.231,106.5200,100
56652218561434,15:44:12.218,106.4850,9
56653622325382,15:44:13.622,106.5000,65
56689624717789,15:44:49.624,106.5250,100
56689721544629,15:44:49.721,106.5250,3
56693835515666,15:44:53.835,106.5550,97
56693835515666,15:44:53.835,106.5500,2
56693835515666,15:44:53.835,106.5500,36
56693835569177,15:44:53.835,106.5500,62
56693835569177,15:44:53.835,106.5500,35
56694251672552,15:44:54.251,106.5400,100
56694251724795,15:44:54.251,106.5400,100
56695268030182,15:44:55.268,106.5350,100
56696036901148,15:44:56.036,106.5300,100
56701027890935,15:45:01.027,106.4600,16
56711782480142,15:45:11.782,106.4600,1
56713621710725,15:45:13.621,106.5000,65
56737271163655,15:45:37.271,106.5400,19
56737271163655,15:45:37.271,106.5400,30
56737271191924,15:45:37.271,106.5400,70
56737271481442,15:45:37.271,106.5400,6
56775042026897,15:46:15.042,106.5400,63
56791968667126,15:46:31.968,106.5600,17
56800389110714,15:46:40.389,106.5450,37
56800389110714,15:46:40.389,106.5450,100
56800389110714,15:46:40.389,106.5400,70
56800389161097,15:46:40.389,106.5400,30
56800389161097,15:46:40.389,106.5400,11
56800389224707,15:46:40.389,106.5300,9
56800389236074,15:46:40.389,106.5300,50
56800389256362,15:46:40.389,106.5300,41
56810640906922,15:46:50.640,106.5100,100
56812920394688,15:46:52.920,106.5300,100
56836019157821,15:47:16.019,106.5250,64
56837065831476,15:47:17.065,106.5250,3
56837854751301,15:47:17.854,106.5200,33
56880033560155,15:48:00.033,106.5400,100
56880033560155,15:48:00.033,106.5400,64
56880033560155,15:48:00.033,106.5400,100
56880033560155,15:48:00.033,106.5400,36
56880033594429,15:48:00.033,106.5400,64
56880033594429,15:48:00.033,106.5600,36
56880033806241,15:48:00.033,106.5600,64
56881104537919,15:48:01.104,106.5800,36
56881104537919,15:48:01.104,106.5800,100
56888987612863,15:48:08.987,106.5700,100
56928602205013,15:48:48.602,106.5800,100
56928603040460,15:48:48.603,106.5800,100
56943630570885,15:49:03.630,106.5900,9
56943630570885,15:49:03.630,106.5900,64
56943630570885,15:49:03.630,106.5900,27
56945406143850,15:49:05.406,106.5750,3
56961529800545,15:49:21.529,106.6000,97
56961529800545,15:49:21.529,106.5700,100
56961529800545,15:49:21.529,106.5600,100
56961530431178,15:49:21.530,106.5500,100
56961530431178,15:49:21.530,106.5500,3
56961640956655,15:49:21.640,106.5500,3
56985584470188,15:49:45.584,106.6100,100
56985885734307,15:49:45.885,106.6100,7
57010284136015,15:50:10.284,106.5800,100
57010284136015,15:50:10.284,106.5600,11
57010284136015,15:50:10.284,106.5600,89
57010284146072,15:50:10.284,106.5600,11
57010284149881,15:50:10.284,106.5600,11
57010284171014,15:50:10.284,106.5600,89
57010314546854,15:50:10.314,106.5500,8
57010314575228,15:50:10.314,106.5500,92
57010314575228,15:50:10.314,106.5500,56
57010314872292,15:50:10.314,106.5500,42
57010527303962,15:50:10.527,106.5500,2
57019039439107,15:50:19.039,106.5800,70
57026287941238,15:50:26.287,106.5600,7
57029888026918,15:50:29.888,106.5500,56
57029888026918,15:50:29.888,106.5500,30
57040028771290,15:50:40.028,106.5500,50
57051037715037,15:50:51.037,106.5500,50
57051037715037,15:50:51.037,106.5400,50
57067996603694,15:51:07.996,106.5050,2
57073964203853,15:51:13.964,106.5100,98
57074289557129,15:51:14.289,106.5300,7
57074729029082,15:51:14.729,106.5300,67
57074729052824,15:51:14.729,106.5300,33
57081043101433,15:51:21.043,106.4900,64
57085062579032,15:51:25.062,106.4800,91
57096325291316,15:51:36.325,106.5200,130
57096325291316,15:51:36.325,106.5200,1
57096325342085,15:51:36.325,106.5300,5
57096690325121,15:51:36.690,106.5500,7
57104881422012,15:51:44.881,106.5400,100
57104929991138,15:51:44.929,106.5400,3
57107696536782,15:51:47.696,106.5100,100
57122681864922,15:52:02.681,106.5150,100
57122681864922,15:52:02.681,106.5150,100
57122681864922,15:52:02.681,106.5000,30
57122681864922,15:52:02.681,106.5000,100
57122681864922,15:52:02.681,106.4900,100
57122681864922,15:52:02.681,106.4900,100
57122681864922,15:52:02.681,106.4900,100
57129010890707,15:52:09.010,106.5050,11
57142005765229,15:52:22.005,106.5000,64
57153013734976,15:52:33.013,106.5000,36
57153013734976,15:52:33.013,106.5000,55
57169267362409,15:52:49.267,106.5100,100
57169267817990,15:52:49.267,106.5600,20
57169267817990,15:52:49.267,106.5600,55
57169268646474,15:52:49.268,106.5600,34
57169268674021,15:52:49.268,106.5600,11
57169284021143,15:52:49.284,106.6500,100
57179493542034,15:52:59.493,106.6000,7
57182208801404,15:53:02.208,106.5950,100
57193493969394,15:53:13.493,106.6200,7
57199030935223,15:53:19.030,106.5950,100
57203016743718,15:53:23.016,106.5800,64
57203965521001,15:53:23.965,106.5800,100
57204886611740,15:53:24.886,106.5800,7
57223496013899,15:53:43.496,106.5900,7
57233351299491,15:53:53.351,106.5900,15
57236628309953,15:53:56.628,106.5600,100
57236628309953,15:53:56.628,106.5600,100
57236628309953,15:53:56.628,106.5600,100
57236628321348,15:53:56.628,106.5600,100
57236629387426,15:53:56.629,106.5600,100
57236629416660,15:53:56.629,106.5500,100
57241380604727,15:54:01.380,106.5300,19
57243547182547,15:54:03.547,106.5600,81
57243547182547,15:54:03.547,106.5600,19
57248848440264,15:54:08.848,106.5600,21
57264310849031,15:54:24.310,106.5600,64
57264310870615,15:54:24.310,106.5700,173
57264310870615,15:54:24.310,106.5700,86
57264310878356,15:54:24.310,106.5700,14
57264310878356,15:54:24.310,106.5700,22
57264310883899,15:54:24.310,106.5600,100
57264310883899,15:54:24.310,106.5700,14
57264310886575,15:54:24.310,106.5700,64
57264310886575,15:54:24.310,106.5700,36
57264311233232,15:54:24.311,106.5700,22
57264311233933,15:54:24.311,106.5700,22
57265312469217,15:54:25.312,106.5700,20
57266416863315,15:54:26.416,106.6400,100
57269896802189,15:54:29.896,106.6700,7
57269898328899,15:54:29.898,106.6600,100
57273872205198,15:54:33.872,106.6650,100
57274341515637,15:54:34.341,106.6600,100
57278918132119,15:54:38.918,106.6700,100
57283835926440,15:54:43.835,106.6400,100
57283836287659,15:54:43.836,106.6300,81
57283836287659,15:54:43.836,106.6300,32
57283836291367,15:54:43.836,106.6300,68
57283836551078,15:54:43.836,106.6200,51
57283836610877,15:54:43.836,106.6200,49
57283836610877,15:54:43.836,106.6200,2
57283836660434,15:54:43.836,106.6200,47
57283836691646,15:54:43.836,106.6200,4
57283836723576,15:54:43.836,106.6200,43
57283836733868,15:54:43.836,106.6200,4
57283836777394,15:54:43.836,106.6100,10
57283836791371,15:54:43.836,106.6100,14
57283836833344,15:54:43.836,106.6100,51
57283837897078,15:54:43.837,106.6100,23
57283837926325,15:54:43.837,106.6100,2
57283837980850,15:54:43.837,106.5800,100
57285080642648,15:54:45.080,106.5700,100
57285080642648,15:54:45.080,106.5700,100
57285081269105,15:54:45.081,106.5000,72
57285083681104,15:54:45.083,106.5000,1
57300240356390,15:55:00.240,106.5900,63
57300240356390,15:55:00.240,106.5900,37
57300240398138,15:55:00.240,106.5900,49
57300240411980,15:55:00.240,106.5900,14
57310395039686,15:55:10.395,106.6500,100
57314617706830,15:55:14.617,106.6500,100
57319100059433,15:55:19.100,106.6300,100
57319438942327,15:55:19.438,106.6300,1
57349699968628,15:55:49.699,106.6700,7
57349699997423,15:55:49.699,106.6700,93
57358530907803,15:55:58.530,106.6700,100
57358530934199,15:55:58.530,106.6700,64
57358531359503,15:55:58.531,106.6700,100
57358531645250,15:55:58.531,106.6700,100
57358531659993,15:55:58.531,106.6600,100
57358531659993,15:55:58.531,106.6600,100
57358531659993,15:55:58.531,106.6600,11
57358531659993,15:55:58.531,106.6600,3
57358531665453,15:55:58.531,106.6600,27
57358608965671,15:55:58.608,106.6700,100
57360011713820,15:56:00.011,106.6700,3
57360011713820,15:56:00.011,106.6700,27
57362166455028,15:56:02.166,106.6650,100
57363500430160,15:56:03.500,106.6700,7
57364380157306,15:56:04.380,106.6600,100
57375251238653,15:56:15.251,106.6800,9
57375251238653,15:56:15.251,106.6800,100
57375251238653,15:56:15.251,106.6800,100
57375251258403,15:56:15.251,106.6900,5
57380685621153,15:56:20.685,106.6900,28
57380685645790,15:56:20.685,106.6900,2
57380685654877,15:56:20.685,106.6900,77
57380685654877,15:56:20.685,106.6900,7
57380685654877,15:56:20.685,106.6900,7
57380685654877,15:56:20.685,106.6900,54
57380685778918,15:56:20.685,106.6800,100
57380687261894,15:56:20.687,106.6700,12
57380687339944,15:56:20.687,106.6700,6
57380687405062,15:56:20.687,106.6700,3
57380687468678,15:56:20.687,106.6700,2
57380687534388,15:56:20.687,106.6700,1
57380688682202,15:56:20.688,106.6700,100
57380689708090,15:56:20.689,106.6800,100
57384018967610,15:56:24.018,106.6800,22
57391617275838,15:56:31.617,106.6800,78
57410135448412,15:56:50.135,106.7200,100
57410135448412,15:56:50.135,106.7200,100
57410135448412,15:56:50.135,106.7200,100
57410135478424,15:56:50.135,106.7200,179
57413302083095,15:56:53.302,106.8200,7
57416066470315,15:56:56.066,106.7800,200
57420773503320,15:57:00.773,106.7700,600
57420773517151,15:57:00.773,106.7500,100
57420773517151,15:57:00.773,106.7500,100
57420773572006,15:57:00.773,106.7500,131
57420773668292,15:57:00.773,106.7500,169
57420773668292,15:57:00.773,106.7500,31
57420773725310,15:57:00.773,106.7500,69
57422670846729,15:57:02.670,106.7550,100
57424727882489,15:57:04.727,106.8100,64
57425103693230,15:57:05.103,106.8400,7
57426515025364,15:57:06.515,106.8050,100
57426515025364,15:57:06.515,106.8050,36
57428862127940,15:57:08.862,106.7800,100
57444559863739,15:57:24.559,106.8200,100
57448185385671,15:57:28.185,106.8400,93
57448185385671,15:57:28.185,106.8400,100
57470291994736,15:57:50.291,106.8800,1
57470291994736,15:57:50.291,106.8800,9
57470905464167,15:57:50.905,106.8800,7
57481306379598,15:58:01.306,106.8800,7
57481306408735,15:58:01.306,106.8800,57
57481306408735,15:58:01.306,106.8800,200
57481306408735,15:58:01.306,106.8800,100
57481306875949,15:58:01.306,106.8800,88
57481306880931,15:58:01.306,106.8800,75
57483119090660,15:58:03.119,106.9000,100
57485760793805,15:58:05.760,106.9150,97
57490954299094,15:58:10.954,106.9400,96
57501069654627,15:58:21.069,106.9300,100
57501069763098,15:58:21.069,106.9100,30
57501072259732,15:58:21.072,106.9300,30
57501072847858,15:58:21.072,106.9300,70
57502725238126,15:58:22.725,106.9300,9
57508437202840,15:58:28.437,106.9400,104
57508437202840,15:58:28.437,106.9400,2
57508437231168,15:58:28.437,106.9400,798
57508437231168,15:58:28.437,106.9400,200
57508437241967,15:58:28.437,106.9400,100
57508437241967,15:58:28.437,106.9400,100
57508437241967,15:58:28.437,106.9400,83
57508437259274,15:58:28.437,106.9400,100
57508437278525,15:58:28.437,106.9400,17
57508437278525,15:58:28.437,106.9400,15
57508437282844,15:58:28.437,106.9400,68
57508437295573,15:58:28.437,106.9400,100
57508437619810,15:58:28.437,106.9400,3
57508688146119,15:58:28.688,106.9400,100
57508897088490,15:58:28.897,106.9400,100
57508899594862,15:58:28.899,106.9400,14
57508899594862,15:58:28.899,106.9400,86
57509211726257,15:58:29.211,106.9400,100
57509455497860,15:58:29.455,106.9400,14
57510106744711,15:58:30.106,106.9600,7
57510321786899,15:58:30.321,106.9600,93
57510321786899,15:58:30.321,106.9600,7
57510321814934,15:58:30.321,106.9600,93
57511918902589,15:58:31.918,106.9900,100
57513100087965,15:58:33.100,106.9700,17
57519305829030,15:58:39.305,106.9900,7
57527307282783,15:58:47.307,107.0000,7
57537307285400,15:58:57.307,107.0000,7
57540623513441,15:59:00.623,106.9900,14
57542573529297,15:59:02.573,106.9900,100
57543768122047,15:59:03.768,106.9900,72
57543768122047,15:59:03.768,106.9900,28
57543801093752,15:59:03.801,107.0000,100
57543801593704,15:59:03.801,107.0000,100
57547306942139,15:59:07.306,107.0000,7
57548147522771,15:59:08.147,106.9950,72
57548147522771,15:59:08.147,106.9900,17
57548147545145,15:59:08.147,106.9900,83
57548147545145,15:59:08.147,106.9900,17
57548147576445,15:59:08.147,106.9900,53
57548836577017,15:59:08.836,106.9900,21
57548836577017,15:59:08.836,107.0000,79
57550530396023,15:59:10.530,106.9950,33
57555048127299,15:59:15.048,107.0000,73
57555048127299,15:59:15.048,107.0000,32
57555048127299,15:59:15.048,107.0000,100
57555048127299,15:59:15.048,107.0000,100
57555048127299,15:59:15.048,107.0000,9
57555048127299,15:59:15.048,107.0000,86
57555048195125,15:59:15.048,107.0000,7
57556506853441,15:59:16.506,107.0000,7
57559233752379,15:59:19.233,106.9900,99
57559536257382,15:59:19.536,106.9800,100
57559540888365,15:59:19.540,106.9700,14
57562833510576,15:59:22.833,106.9200,56
57562839704020,15:59:22.839,106.9300,12
57578579621466,15:59:38.579,106.9600,7
57579029174005,15:59:39.029,106.9700,100
57579029201534,15:59:39.029,106.9700,100
57579029201534,15:59:39.029,106.9700,100
57579029201534,15:59:39.029,106.9700,100
57579029201534,15:59:39.029,106.9700,100
57579029947685,15:59:39.029,106.9700,70
57579092921006,15:59:39.092,106.9800,56
57579092946528,15:59:39.092,106.9800,44
57579506880192,15:59:39.506,107.0000,7
57579506904904,15:59:39.506,107.0000,11
57580492306602,15:59:40.492,107.0000,82
57580492306602,15:59:40.492,107.0000,18
57580576600248,15:59:40.576,107.0000,54
57580636533851,15:59:40.636,107.0000,26
57580666760092,15:59:40.666,107.0000,78
57580874571518,15:59:40.874,107.0100,18
57581514566754,15:59:41.514,107.0200,100
57585356916899,15:59:45.356,107.0000,1
57585378204895,15:59:45.378,107.0100,30
57585378204895,15:59:45.378,107.0200,165
57585378245044,15:59:45.378,107.0200,135
57585378245044,15:59:45.378,107.0200,61
57586307010523,15:59:46.307,107.0200,7
57586471250447,15:59:46.471,107.0200,32
57586471250447,15:59:46.471,107.0400,68
57586869250777,15:59:46.869,107.0400,100
57587045453235,15:59:47.045,107.0000,10
57587047465818,15:59:47.047,107.0000,20
57587251417862,15:59:47.251,107.0000,5
57587253344613,15:59:47.253,107.0000,5
57590204706339,15:59:50.204,107.0300,43
57590204856254,15:59:50.204,106.9800,7
57590204856254,15:59:50.204,106.9500,90
57590463285609,15:59:50.463,107.0200,100
57590580300428,15:59:50.580,107.0300,57
57590580300428,15:59:50.580,107.0300,43
57592360321923,15:59:52.360,107.0300,41
57594133181201,15:59:54.133,107.0300,4
57594257774781,15:59:54.257,107.0300,112
57594257774781,15:59:54.257,107.0300,106
57595010073380,15:59:55.010,107.0300,76
57595496733170,15:59:55.496,107.0300,61
57598860360421,15:59:58.860,106.9900,76
57599214034102,15:59:59.214,106.9900,85
57600270259068,16:00:00.270,106.9900,9493
62965324618543,17:29:25.324,107.4300,2
