timestamp,time,price,volume
34200821466157,09:30:00.821,0.0000,0
34340155918029,09:32:20.155,10.8000,100
34380111795323,09:33:00.111,10.7700,100
34500015527737,09:35:00.015,10.6500,100
34500026787053,09:35:00.026,10.6400,100
34500272949769,09:35:00.272,10.5800,100
34509603284327,09:35:09.603,10.6100,100
34509607488944,09:35:09.607,10.6100,100
34509607590905,09:35:09.607,10.6100,100
34509608977304,09:35:09.608,10.6100,100
34509608977304,09:35:09.608,10.6100,84
34509609017032,09:35:09.609,10.6100,16
34509614343202,09:35:09.614,10.6100,100
34509614343202,09:35:09.614,10.6100,100
34520167351290,09:35:20.167,10.6200,100
34520167351290,09:35:20.167,10.6200,100
34520167351290,09:35:20.167,10.6200,100
34520167351290,09:35:20.167,10.6200,100
34520167990041,09:35:20.167,10.6200,100
34520167990041,09:35:20.167,10.6200,100
34520167990041,09:35:20.167,10.6200,100
34520169353054,09:35:20.169,10.6100,82
34520180655860,09:35:20.180,10.6100,100
34520212068539,09:35:20.212,10.6000,100
34520861772718,09:35:20.861,10.5900,100
34523114730947,09:35:23.114,10.5800,100
34565380786708,09:36:05.380,10.5500,100
34565385497908,09:36:05.385,10.5300,100
34567163545171,09:36:07.163,10.5400,100
34567469022519,09:36:07.469,10.5400,100
34567475873713,09:36:07.475,10.5400,100
34620740547550,09:37:00.740,10.5700,100
34667755083764,09:37:47.755,10.5800,100
34667755083764,09:37:47.755,10.5700,100
34667755083764,09:37:47.755,10.5700,100
34720868833027,09:38:40.868,10.5900,100
34740036876955,09:39:00.036,10.5800,100
34740036935689,09:39:00.036,10.5800,100
34765127619931,09:39:25.127,10.5600,100
34765127619931,09:39:25.127,10.5600,100
34805194805934,09:40:05.194,10.5500,100
34849099500072,09:40:49.099,10.5500,100
34865478010843,09:41:05.478,10.5300,100
35015873210481,09:43:35.873,10.5400,7
35034162382379,09:43:54.162,10.5300,100
35034162382379,09:43:54.162,10.5300,100
35034162382379,09:43:54.162,10.5300,100
35034178813431,09:43:54.178,10.5300,100
35042262385281,09:44:02.262,10.5300,100
35287901114173,09:48:07.901,10.5200,100
35287978324000,09:48:07.978,10.5100,100
35287997648940,09:48:07.997,10.5100,100
35409218803907,09:50:09.218,10.5200,100
35409218803907,09:50:09.218,10.5200,100
35409219165289,09:50:09.219,10.5200,100
35409222187406,09:50:09.222,10.5200,100
35409222187406,09:50:09.222,10.5200,100
35409222187406,09:50:09.222,10.5200,100
35409222187406,09:50:09.222,10.5100,100
35409223117462,09:50:09.223,10.5200,100
35409223117462,09:50:09.223,10.5200,100
35410609026223,09:50:10.609,10.5200,100
35435900979057,09:50:35.900,10.5100,100
35470931004700,09:51:10.931,10.5300,100
35530210140150,09:52:10.210,10.5000,100
35761829111851,09:56:01.829,10.4800,100
35763888126858,09:56:03.888,10.4900,100
35833514060192,09:57:13.514,10.4900,100
35833514170670,09:57:13.514,10.4900,100
36040193718221,10:00:40.193,10.4900,53
36040193909347,10:00:40.193,10.4900,51
36040193909347,10:00:40.193,10.4900,100
36040194332067,10:00:40.194,10.4900,100
36040194332067,10:00:40.194,10.4900,100
36041642387706,10:00:41.642,10.4900,100
36041647640695,10:00:41.647,10.4900,100
36044872108738,10:00:44.872,10.5000,100
36044872108738,10:00:44.872,10.5000,100
36071231444271,10:01:11.231,10.5100,100
36071231444271,10:01:11.231,10.5100,100
36071231938768,10:01:11.231,10.5100,100
36073451035513,10:01:13.451,10.5200,100
36328040364724,10:05:28.040,10.5000,100
36328041938049,10:05:28.041,10.5000,39
36337131171527,10:05:37.131,10.4900,100
36428243742757,10:07:08.243,10.5000,100
36708701617404,10:11:48.701,10.5000,100
36722424032594,10:12:02.424,10.5000,100
36722582238141,10:12:02.582,10.5000,100
37145358399504,10:19:05.358,10.5100,100
37273307120138,10:21:13.307,10.5000,25
37291984409847,10:21:31.984,10.5000,100
37291984409847,10:21:31.984,10.5000,100
37305278675877,10:21:45.278,10.5000,40
37305278675877,10:21:45.278,10.5000,160
37305278704704,10:21:45.278,10.5000,40
37305278704704,10:21:45.278,10.5000,100
37305291060023,10:21:45.291,10.5000,100
37305291060023,10:21:45.291,10.5000,100
37305291060023,10:21:45.291,10.5000,100
37305384216914,10:21:45.384,10.5000,100
37305384216914,10:21:45.384,10.4900,100
37305384216914,10:21:45.384,10.4900,100
37305384216914,10:21:45.384,10.4900,100
37305384216914,10:21:45.384,10.4900,100
37305392832550,10:21:45.392,10.4800,95
37305416665239,10:21:45.416,10.4800,100
37305416665239,10:21:45.416,10.4800,100
37305789136763,10:21:45.789,10.4700,100
37305789136763,10:21:45.789,10.4700,100
37305789136763,10:21:45.789,10.4700,100
37306794406918,10:21:46.794,10.4600,100
37306799454810,10:21:46.799,10.4600,100
37306799454810,10:21:46.799,10.4600,100
37368853379986,10:22:48.853,10.4600,100
37368853492462,10:22:48.853,10.4600,50
37368853516322,10:22:48.853,10.4600,50
37370053152236,10:22:50.053,10.4300,100
37370053152236,10:22:50.053,10.4300,100
37370053152236,10:22:50.053,10.4300,3
37370058052264,10:22:50.058,10.4300,100
37370058120035,10:22:50.058,10.4400,100
37370058120035,10:22:50.058,10.4400,44
37370314898070,10:22:50.314,10.4400,100
37408090965636,10:23:28.090,10.4300,100
37408090965636,10:23:28.090,10.4300,100
37456502354494,10:24:16.502,10.4400,100
37456502354494,10:24:16.502,10.4400,100
37459084585213,10:24:19.084,10.4400,99
37459084661289,10:24:19.084,10.4400,1
37459084661289,10:24:19.084,10.4400,200
37459084661289,10:24:19.084,10.4400,100
37459084661289,10:24:19.084,10.4400,100
37462439586915,10:24:22.439,10.4400,100
37462600323377,10:24:22.600,10.4400,59
37462600323377,10:24:22.600,10.4400,100
37462615837697,10:24:22.615,10.4400,100
37462630430347,10:24:22.630,10.4400,100
37565293782842,10:26:05.293,10.4400,80
37565295354554,10:26:05.295,10.4400,200
37565797937760,10:26:05.797,10.4400,100
37684153788645,10:28:04.153,10.4400,41
37684153788645,10:28:04.153,10.4400,100
37684153788645,10:28:04.153,10.4400,159
37684154053290,10:28:04.154,10.4400,100
37684154053290,10:28:04.154,10.4400,100
37684154056260,10:28:04.154,10.4400,41
37686075114917,10:28:06.075,10.4400,100
37686075182123,10:28:06.075,10.4400,100
37686075193095,10:28:06.075,10.4400,100
37751226762344,10:29:11.226,10.4500,100
37751226829969,10:29:11.226,10.4500,100
37751237685395,10:29:11.237,10.4500,100
37751237685395,10:29:11.237,10.4500,100
37801748465023,10:30:01.748,10.4500,100
37806633855400,10:30:06.633,10.4700,100
37969168784721,10:32:49.168,10.4900,100
37984828679980,10:33:04.828,10.5000,100
37984828679980,10:33:04.828,10.5000,100
38042858744708,10:34:02.858,10.5000,100
38042858751912,10:34:02.858,10.5000,100
38042858963794,10:34:02.858,10.5000,100
38055229620273,10:34:15.229,10.5000,100
38055233863030,10:34:15.233,10.5000,100
38071249322908,10:34:31.249,10.5000,10
38071260101108,10:34:31.260,10.5000,100
38071260109152,10:34:31.260,10.5000,90
38257477340556,10:37:37.477,10.5000,100
38257482516082,10:37:37.482,10.5000,100
38257482516082,10:37:37.482,10.5000,100
38257482516082,10:37:37.482,10.5000,100
38265954521324,10:37:45.954,10.5000,100
38313143363815,10:38:33.143,10.5100,100
38313143363815,10:38:33.143,10.5100,100
38313143825243,10:38:33.143,10.5100,100
38313155794329,10:38:33.155,10.5100,100
38315907862911,10:38:35.907,10.5100,100
38334282128900,10:38:54.282,10.5200,100
38334282128900,10:38:54.282,10.5200,100
38334282600264,10:38:54.282,10.5200,100
38378905821321,10:39:38.905,10.5300,32
38378914764688,10:39:38.914,10.5300,68
38378914764688,10:39:38.914,10.5300,32
38378914817058,10:39:38.914,10.5300,68
38378918401015,10:39:38.918,10.5300,100
38378918401015,10:39:38.918,10.5300,100
38543827707788,10:42:23.827,10.5300,100
38543827707788,10:42:23.827,10.5300,100
38543827707788,10:42:23.827,10.5300,100
38543849826642,10:42:23.849,10.5300,100
38543849826642,10:42:23.849,10.5300,100
38633484446387,10:43:53.484,10.5400,300
38641029852602,10:44:01.029,10.5500,100
38641050304266,10:44:01.050,10.5500,100
38641050304266,10:44:01.050,10.5500,100
38641050304266,10:44:01.050,10.5500,59
38641050304266,10:44:01.050,10.5500,100
38641050304266,10:44:01.050,10.5500,41
38709256402921,10:45:09.256,10.5700,100
38763873402101,10:46:03.873,10.5600,100
38820213499504,10:47:00.213,10.5600,100
38820213499504,10:47:00.213,10.5600,50
38820242269097,10:47:00.242,10.5600,100
38820250270912,10:47:00.250,10.5600,53
38820267188892,10:47:00.267,10.5600,100
38820459674250,10:47:00.459,10.5600,100
38820556803171,10:47:00.556,10.5600,3
38857462601651,10:47:37.462,10.5600,5
38865704708056,10:47:45.704,10.5500,100
38865705281581,10:47:45.705,10.5500,100
38865705281581,10:47:45.705,10.5500,100
38865705281581,10:47:45.705,10.5500,100
38923112921861,10:48:43.112,10.5400,100
39095086253387,10:51:35.086,10.5300,500
39095119458252,10:51:35.119,10.5300,100
39133384042497,10:52:13.384,10.5300,51
39157065130261,10:52:37.065,10.5300,49
39157065130261,10:52:37.065,10.5300,51
39197675905292,10:53:17.675,10.5200,100
39297141582740,10:54:57.141,10.5200,6
39297141582740,10:54:57.141,10.5200,9
39381062510332,10:56:21.062,10.5200,100
39381062510332,10:56:21.062,10.5200,100
39381062510332,10:56:21.062,10.5200,100
39381064371375,10:56:21.064,10.5200,100
39381064396379,10:56:21.064,10.5200,100
39381064396379,10:56:21.064,10.5200,100
39386718686224,10:56:26.718,10.5200,200
39386718686224,10:56:26.718,10.5200,200
39386718686224,10:56:26.718,10.5200,100
39386731534504,10:56:26.731,10.5200,100
39386731534504,10:56:26.731,10.5200,100
39413331845253,10:56:53.331,10.5200,100
39413331892727,10:56:53.331,10.5200,100
39434531585336,10:57:14.531,10.5200,191
39458945371247,10:57:38.945,10.5200,100
39458945459440,10:57:38.945,10.5200,100
39458945510328,10:57:38.945,10.5200,100
39458945542567,10:57:38.945,10.5200,100
39458946404053,10:57:38.946,10.5200,100
39501770597704,10:58:21.770,10.5100,56
39501770597704,10:58:21.770,10.5100,100
39519148560734,10:58:39.148,10.5000,200
39519148560734,10:58:39.148,10.5000,100
39519148782496,10:58:39.148,10.5000,100
39519148936538,10:58:39.148,10.5000,100
39519149129539,10:58:39.149,10.5000,100
39519450228626,10:58:39.450,10.5000,100
39523104872067,10:58:43.104,10.5000,45
39523104872067,10:58:43.104,10.5000,100
39523104872067,10:58:43.104,10.5000,100
39523104872067,10:58:43.104,10.5000,55
39620170042878,11:00:20.170,10.4900,100
39620170042878,11:00:20.170,10.4900,100
39620170042878,11:00:20.170,10.4900,100
39620170042878,11:00:20.170,10.4900,100
39628274387789,11:00:28.274,10.4900,100
39663398074851,11:01:03.398,10.4800,100
39663398074851,11:01:03.398,10.4800,100
39663398074851,11:01:03.398,10.4800,100
39663398074851,11:01:03.398,10.4800,100
39663402232091,11:01:03.402,10.4800,100
39663431553076,11:01:03.431,10.4800,100
39663477542442,11:01:03.477,10.4800,100
39663507143385,11:01:03.507,10.4800,100
39665980770706,11:01:05.980,10.4800,100
39666488617362,11:01:06.488,10.4850,100
39666488617362,11:01:06.488,10.4800,300
39666488617362,11:01:06.488,10.4800,100
39666488617362,11:01:06.488,10.4800,200
39666488617362,11:01:06.488,10.4800,100
39666488617362,11:01:06.488,10.4800,100
39666488617362,11:01:06.488,10.4800,100
39666488617362,11:01:06.488,10.4800,100
39666662962519,11:01:06.662,10.4900,100
39666662962519,11:01:06.662,10.4900,100
39666669506943,11:01:06.669,10.4900,100
39666680690531,11:01:06.680,10.4900,61
39666888280396,11:01:06.888,10.4900,39
39666888280396,11:01:06.888,10.4900,61
39677242449538,11:01:17.242,10.4900,100
39705194200326,11:01:45.194,10.4900,100
39738241612580,11:02:18.241,10.5000,44
39798315843951,11:03:18.315,10.4900,16
39798315919466,11:03:18.315,10.4900,84
40005175396644,11:06:45.175,10.4900,100
40019758569198,11:06:59.758,10.4900,100
40019758569198,11:06:59.758,10.4900,100
40049259800984,11:07:29.259,10.4900,6
40082804892079,11:08:02.804,10.4800,100
40082804892079,11:08:02.804,10.4800,100
40082804892079,11:08:02.804,10.4800,100
40082804892079,11:08:02.804,10.4800,100
40083041816831,11:08:03.041,10.4800,100
40086471520333,11:08:06.471,10.4800,100
40086471520333,11:08:06.471,10.4800,100
40196606961898,11:09:56.606,10.4800,100
40220152698321,11:10:20.152,10.4800,100
40220152698321,11:10:20.152,10.4700,100
40220152698321,11:10:20.152,10.4700,100
40240266276701,11:10:40.266,10.4700,100
40240266403083,11:10:40.266,10.4700,100
40240266403083,11:10:40.266,10.4700,100
40240266403083,11:10:40.266,10.4700,100
40243291747498,11:10:43.291,10.4700,100
40243291747498,11:10:43.291,10.4700,100
40243291747498,11:10:43.291,10.4700,100
40281203564282,11:11:21.203,10.4600,100
40281203873924,11:11:21.203,10.4600,87
40324712781421,11:12:04.712,10.4500,100
40330231360023,11:12:10.231,10.4500,200
40330231758364,11:12:10.231,10.4500,100
40359130988091,11:12:39.130,10.4500,100
40386367745369,11:13:06.367,10.4500,200
40386367745369,11:13:06.367,10.4500,100
40387722812200,11:13:07.722,10.4500,100
40387754294082,11:13:07.754,10.4500,100
40389853477680,11:13:09.853,10.4500,180
40408837552294,11:13:28.837,10.4400,100
40410191436841,11:13:30.191,10.4400,100
40415884935714,11:13:35.884,10.4350,100
40415884935714,11:13:35.884,10.4400,100
40415884935714,11:13:35.884,10.4400,100
40415885395952,11:13:35.885,10.4400,100
40415887060443,11:13:35.887,10.4400,300
40415887060443,11:13:35.887,10.4400,100
40415887060443,11:13:35.887,10.4400,85
40415965509735,11:13:35.965,10.4400,100
40415965509735,11:13:35.965,10.4400,100
40460237330781,11:14:20.237,10.4300,100
40460237330781,11:14:20.237,10.4300,100
40508124576004,11:15:08.124,10.4300,120
40508124576004,11:15:08.124,10.4300,100
40508124576004,11:15:08.124,10.4300,56
40508124846412,11:15:08.124,10.4300,44
40508124846412,11:15:08.124,10.4300,7
40514714210312,11:15:14.714,10.4300,100
40514714210312,11:15:14.714,10.4300,100
40514714210312,11:15:14.714,10.4300,100
40544154708289,11:15:44.154,10.4300,100
40607491400058,11:16:47.491,10.4300,100
40614208197156,11:16:54.208,10.4300,100
40693082222215,11:18:13.082,10.4300,100
40693082222215,11:18:13.082,10.4300,100
40745564401979,11:19:05.564,10.4400,100
40745564469189,11:19:05.564,10.4400,87
40745579646646,11:19:05.579,10.4400,100
40745579646646,11:19:05.579,10.4400,100
40745588443764,11:19:05.588,10.4400,100
40745588443764,11:19:05.588,10.4400,100
40757149758577,11:19:17.149,10.4400,100
40757149758577,11:19:17.149,10.4400,200
40757149758577,11:19:17.149,10.4400,100
40757149825653,11:19:17.149,10.4400,100
40757161147149,11:19:17.161,10.4400,100
40757161157742,11:19:17.161,10.4400,100
40839056734351,11:20:39.056,10.4500,200
40839057173436,11:20:39.057,10.4500,100
40839062383829,11:20:39.062,10.4500,100
40839071250192,11:20:39.071,10.4500,200
40841514448496,11:20:41.514,10.4500,200
40841514547578,11:20:41.514,10.4500,100
40913906531311,11:21:53.906,10.4500,200
40913906536743,11:21:53.906,10.4500,200
41010284105100,11:23:30.284,10.4500,100
41010285408310,11:23:30.285,10.4500,100
41010285408310,11:23:30.285,10.4500,100
41010310776682,11:23:30.310,10.4600,100
41010310776682,11:23:30.310,10.4600,100
41039815940177,11:23:59.815,10.4600,100
41040469769967,11:24:00.469,10.4600,100
41040469769967,11:24:00.469,10.4600,100
41040469769967,11:24:00.469,10.4600,100
41099604985057,11:24:59.604,10.4800,100
41099604985057,11:24:59.604,10.4800,100
41104719602568,11:25:04.719,10.4800,100
41104719602568,11:25:04.719,10.4800,100
41104719602568,11:25:04.719,10.4800,100
41104719602568,11:25:04.719,10.4800,100
41110413509621,11:25:10.413,10.4800,100
41110413509621,11:25:10.413,10.4800,100
41110439074533,11:25:10.439,10.4800,65
41110439074533,11:25:10.439,10.4800,35
41116048864465,11:25:16.048,10.4800,13
41136232276577,11:25:36.232,10.4900,100
41136277341523,11:25:36.277,10.4900,100
41136277341523,11:25:36.277,10.4900,100
41136277341523,11:25:36.277,10.4900,58
41136277341523,11:25:36.277,10.4900,100
41136277341523,11:25:36.277,10.4900,42
41178493014500,11:26:18.493,10.4800,48
41179847834867,11:26:19.847,10.4800,100
41270383446445,11:27:50.383,10.4900,100
41270383446445,11:27:50.383,10.4900,100
41372440311929,11:29:32.440,10.5200,100
41435015551751,11:30:35.015,10.5300,100
41435028911148,11:30:35.028,10.5400,100
41435028911148,11:30:35.028,10.5400,100
41435028911148,11:30:35.028,10.5400,100
41435028911148,11:30:35.028,10.5400,100
41435028911148,11:30:35.028,10.5400,100
41435050523510,11:30:35.050,10.5400,100
41435050523510,11:30:35.050,10.5400,15
41485416110350,11:31:25.416,10.5600,100
41485416191537,11:31:25.416,10.5600,28
41485428886081,11:31:25.428,10.5600,100
41539621559472,11:32:19.621,10.5600,100
41539642956113,11:32:19.642,10.5600,98
41539677148102,11:32:19.677,10.5600,100
41539677148102,11:32:19.677,10.5600,59
41539677213248,11:32:19.677,10.5600,41
41539677213248,11:32:19.677,10.5600,100
41540444905264,11:32:20.444,10.5500,100
41540444905264,11:32:20.444,10.5500,100
41540450600524,11:32:20.450,10.5500,100
41685256757336,11:34:45.256,10.5500,100
42006197794105,11:40:06.197,10.5400,100
42008241433314,11:40:08.241,10.5300,100
42008241433314,11:40:08.241,10.5300,100
42008241433314,11:40:08.241,10.5300,100
42008241433314,11:40:08.241,10.5300,100
42008241433314,11:40:08.241,10.5300,100
42008241433314,11:40:08.241,10.5300,100
42008246964944,11:40:08.246,10.5300,13
42101004950013,11:41:41.004,10.5200,100
42102529428869,11:41:42.529,10.5200,100
42160560200040,11:42:40.560,10.5200,100
42272268100547,11:44:32.268,10.5300,200
42272268134950,11:44:32.268,10.5300,200
42272268248910,11:44:32.268,10.5300,100
42272268248910,11:44:32.268,10.5300,14
42272268248910,11:44:32.268,10.5300,100
42272268248910,11:44:32.268,10.5300,100
42272268248910,11:44:32.268,10.5300,100
42272268248910,11:44:32.268,10.5300,100
42272293858037,11:44:32.293,10.5300,100
42272311923981,11:44:32.311,10.5300,45
42272324221661,11:44:32.324,10.5300,55
42272324221661,11:44:32.324,10.5300,100
42272324221661,11:44:32.324,10.5300,100
42272324221661,11:44:32.324,10.5300,100
42272324221661,11:44:32.324,10.5300,145
42272336986087,11:44:32.336,10.5300,55
42272336986087,11:44:32.336,10.5300,145
42272337040156,11:44:32.337,10.5300,55
42533411368131,11:48:53.411,10.5300,100
42751904393427,11:52:31.904,10.5000,5
42752407060094,11:52:32.407,10.5000,100
42822302078735,11:53:42.302,10.5000,100
42924714971794,11:55:24.714,10.5000,100
42924715372692,11:55:24.715,10.5000,100
42924715403352,11:55:24.715,10.5000,100
42925249772639,11:55:25.249,10.4900,100
42925249772639,11:55:25.249,10.4900,100
43184960368986,11:59:44.960,10.4900,300
43196512163697,11:59:56.512,10.4900,100
43196512163697,11:59:56.512,10.4900,100
43196512163697,11:59:56.512,10.4900,12
43295924000156,12:01:35.924,10.4900,100
43295924000156,12:01:35.924,10.4900,100
43295924000156,12:01:35.924,10.4900,100
43342746317398,12:02:22.746,10.4900,100
43593289392973,12:06:33.289,10.5000,100
43593289392973,12:06:33.289,10.5000,100
43593289392973,12:06:33.289,10.5000,100
43593289780264,12:06:33.289,10.5000,100
43593289780264,12:06:33.289,10.5000,100
43593289780264,12:06:33.289,10.5000,100
43593289948180,12:06:33.289,10.5000,100
43593289948180,12:06:33.289,10.5000,100
44058307074430,12:14:18.307,10.5000,100
44058307074430,12:14:18.307,10.5000,100
44058683663922,12:14:18.683,10.4900,100
44058683663922,12:14:18.683,10.4900,100
44058683663922,12:14:18.683,10.4900,100
44058683665240,12:14:18.683,10.4900,200
44317804125016,12:18:37.804,10.4900,100
44379679282490,12:19:39.679,10.5000,400
44379679343355,12:19:39.679,10.5000,100
44380714778378,12:19:40.714,10.5000,100
44380714778378,12:19:40.714,10.5000,100
44601903686947,12:23:21.903,10.5000,100
44601903686947,12:23:21.903,10.5000,100
44601903686947,12:23:21.903,10.5000,100
44604108466023,12:23:24.108,10.5000,100
44611599017730,12:23:31.599,10.5000,100
44611599017730,12:23:31.599,10.5000,17
44611599017730,12:23:31.599,10.5000,100
44706446402123,12:25:06.446,10.5100,100
44706446402123,12:25:06.446,10.5100,200
44706446402123,12:25:06.446,10.5100,54
44706446786245,12:25:06.446,10.5100,200
44706446786245,12:25:06.446,10.5100,100
44706456708430,12:25:06.456,10.5100,100
44706456713038,12:25:06.456,10.5100,100
44956103507468,12:29:16.103,10.5100,100
45007533110425,12:30:07.533,10.5000,100
45239269467897,12:33:59.269,10.5000,100
45239269467897,12:33:59.269,10.5000,79
45629235961088,12:40:29.235,10.4900,267
45629235992858,12:40:29.235,10.4900,56
45629235992858,12:40:29.235,10.4900,39
45718376831787,12:41:58.376,10.4800,100
45718376831787,12:41:58.376,10.4800,100
45718379212789,12:41:58.379,10.4800,100
45718379283009,12:41:58.379,10.4800,100
45718379339072,12:41:58.379,10.4800,100
45718398061006,12:41:58.398,10.4800,100
45718398061006,12:41:58.398,10.4800,16
45718398061006,12:41:58.398,10.4800,84
45718398501533,12:41:58.398,10.4800,16
45740280637460,12:42:20.280,10.4900,100
45740857787599,12:42:20.857,10.4900,100
45740857787599,12:42:20.857,10.4900,15
45742091445208,12:42:22.091,10.4900,100
45742091445208,12:42:22.091,10.4900,100
45744275005062,12:42:24.275,10.4950,300
45857859295585,12:44:17.859,10.5000,100
45857859295585,12:44:17.859,10.5000,100
45857859295585,12:44:17.859,10.5000,165
45857859295585,12:44:17.859,10.5000,7
45857859390357,12:44:17.859,10.5000,12
45857859433076,12:44:17.859,10.5000,372
45857881610085,12:44:17.881,10.5000,100
45857881613975,12:44:17.881,10.5000,16
45857882170113,12:44:17.882,10.5100,200
45857882170113,12:44:17.882,10.5100,100
45857882170113,12:44:17.882,10.5100,200
45857901156207,12:44:17.901,10.5100,100
45875483562932,12:44:35.483,10.5200,200
45875483562932,12:44:35.483,10.5200,200
45881791246688,12:44:41.791,10.5200,100
45881792268437,12:44:41.792,10.5200,100
45882485310142,12:44:42.485,10.5200,100
45893459607656,12:44:53.459,10.5200,100
45955970071971,12:45:55.970,10.5200,100
45960171358430,12:46:00.171,10.5200,300
45960171358430,12:46:00.171,10.5300,100
45960171358430,12:46:00.171,10.5300,100
45960171387967,12:46:00.171,10.5300,100
45960171387967,12:46:00.171,10.5300,200
45960741964819,12:46:00.741,10.5400,100
46234430328940,12:50:34.430,10.5500,100
46234440583158,12:50:34.440,10.5400,300
46329989237733,12:52:09.989,10.5400,16
46506529420850,12:55:06.529,10.5300,15
46539179544379,12:55:39.179,10.5200,300
46539179544379,12:55:39.179,10.5200,100
46539217994132,12:55:39.217,10.5200,100
46539221506784,12:55:39.221,10.5200,100
46539221554171,12:55:39.221,10.5200,17
46539225384019,12:55:39.225,10.5200,100
46643256839343,12:57:23.256,10.5400,100
46643256839343,12:57:23.256,10.5400,100
46643259396819,12:57:23.259,10.5500,100
46676211358452,12:57:56.211,10.5500,100
46676229089290,12:57:56.229,10.5500,100
46676229089290,12:57:56.229,10.5500,100
46862313032361,13:01:02.313,10.5300,100
46952258244130,13:02:32.258,10.5300,200
46952258244130,13:02:32.258,10.5300,100
46983230288630,13:03:03.230,10.5300,100
47095188879374,13:04:55.188,10.5300,100
47107566842285,13:05:07.566,10.5300,282
47107566842285,13:05:07.566,10.5300,42
47107578987302,13:05:07.578,10.5300,100
47107578987302,13:05:07.578,10.5300,100
47305737698757,13:08:25.737,10.5400,100
47305737698757,13:08:25.737,10.5400,200
47305797609728,13:08:25.797,10.5400,100
47305809631643,13:08:25.809,10.5400,100
47305809631643,13:08:25.809,10.5400,100
47350259470075,13:09:10.259,10.5500,200
47350259470075,13:09:10.259,10.5500,13
47389741435224,13:09:49.741,10.5500,87
47389741435224,13:09:49.741,10.5500,83
47389741435224,13:09:49.741,10.5500,130
47389741591634,13:09:49.741,10.5500,70
47557199736989,13:12:37.199,10.5600,100
47557199767477,13:12:37.199,10.5600,100
47557199875643,13:12:37.199,10.5600,100
47557327566875,13:12:37.327,10.5700,100
47557327566875,13:12:37.327,10.5700,200
47557327566875,13:12:37.327,10.5700,100
47594198913879,13:13:14.198,10.5800,100
47594203166687,13:13:14.203,10.5900,100
47594220937006,13:13:14.220,10.6000,100
47594220937006,13:13:14.220,10.6000,100
47594220937006,13:13:14.220,10.6000,100
47594220937006,13:13:14.220,10.6000,100
47594220937006,13:13:14.220,10.6000,100
47594222758172,13:13:14.222,10.6000,100
47594222758172,13:13:14.222,10.6000,100
47594274787341,13:13:14.274,10.5900,100
47604476459901,13:13:24.476,10.5850,100
47604477037457,13:13:24.477,10.5850,100
47604499107646,13:13:24.499,10.5900,500
47604499107646,13:13:24.499,10.5900,100
47604499107646,13:13:24.499,10.5900,100
47604499107646,13:13:24.499,10.5900,100
47604499899860,13:13:24.499,10.5900,100
47604499899860,13:13:24.499,10.5900,100
47604528162728,13:13:24.528,10.6000,100
47604528162728,13:13:24.528,10.6000,100
47604528162728,13:13:24.528,10.6000,100
47604528162728,13:13:24.528,10.6000,100
47604528837221,13:13:24.528,10.6000,100
47604528908570,13:13:24.528,10.6000,18
47604528908570,13:13:24.528,10.6000,82
47604528920697,13:13:24.528,10.6000,18
47604528920697,13:13:24.528,10.6000,82
47604529145093,13:13:24.529,10.6000,18
47627338703489,13:13:47.338,10.6000,1747
47627338740488,13:13:47.338,10.6000,2453
47629081325721,13:13:49.081,10.5900,100
47664128208976,13:14:24.128,10.5900,100
47664130434237,13:14:24.130,10.5900,100
47664130434237,13:14:24.130,10.5900,100
47687673516343,13:14:47.673,10.5900,100
47687673516343,13:14:47.673,10.5900,100
47687673516343,13:14:47.673,10.5900,100
47687673516343,13:14:47.673,10.5900,100
47720036760410,13:15:20.036,10.6000,200
47720036760410,13:15:20.036,10.6000,21
47720053575306,13:15:20.053,10.6100,200
47720053575306,13:15:20.053,10.6100,200
47720054654352,13:15:20.054,10.6100,100
47720069982891,13:15:20.069,10.6100,200
47720069982891,13:15:20.069,10.6100,100
47720069982891,13:15:20.069,10.6100,100
47720086570496,13:15:20.086,10.6100,200
47720086570496,13:15:20.086,10.6100,100
47720093202823,13:15:20.093,10.6100,100
47720096076928,13:15:20.096,10.6100,100
47720099279238,13:15:20.099,10.6100,300
47720099744110,13:15:20.099,10.6100,100
47720099797322,13:15:20.099,10.6100,100
47720099800231,13:15:20.099,10.6100,18
47720099801945,13:15:20.099,10.6100,100
47720157140306,13:15:20.157,10.6100,6
47835228036415,13:17:15.228,10.5900,200
47835228069698,13:17:15.228,10.5900,400
47837494419564,13:17:17.494,10.5800,100
47837496034826,13:17:17.496,10.5800,7
47837496436322,13:17:17.496,10.5700,100
47839112528486,13:17:19.112,10.5600,100
47938265422393,13:18:58.265,10.5600,98
47938265449206,13:18:58.265,10.5600,102
48112634382969,13:21:52.634,10.5400,100
48151529171558,13:22:31.529,10.5400,200
48151529800385,13:22:31.529,10.5400,300
48151530951925,13:22:31.530,10.5400,100
48151530951925,13:22:31.530,10.5400,100
48151530951925,13:22:31.530,10.5400,100
48151532620920,13:22:31.532,10.5400,100
48151532620920,13:22:31.532,10.5400,18
48151532620920,13:22:31.532,10.5400,200
48151532620920,13:22:31.532,10.5400,100
48151532620920,13:22:31.532,10.5400,100
48151532620920,13:22:31.532,10.5400,100
48151532620920,13:22:31.532,10.5400,100
48151543190748,13:22:31.543,10.5400,100
48151543190748,13:22:31.543,10.5400,100
48151543190748,13:22:31.543,10.5400,100
48151543190748,13:22:31.543,10.5400,100
48151543190748,13:22:31.543,10.5400,18
48151543190748,13:22:31.543,10.5400,200
48151543190748,13:22:31.543,10.5400,82
48159552841248,13:22:39.552,10.5400,52
48199653704003,13:23:19.653,10.5300,100
48199653704003,13:23:19.653,10.5300,100
48199654204436,13:23:19.654,10.5300,100
48199654204436,13:23:19.654,10.5300,100
48230942372960,13:23:50.942,10.5300,48
48236896346444,13:23:56.896,10.5300,100
48236896346444,13:23:56.896,10.5300,18
48237897545592,13:23:57.897,10.5350,182
48514357127852,13:28:34.357,10.5300,100
48514357127852,13:28:34.357,10.5300,100
48514594473663,13:28:34.594,10.5300,11
48514594481852,13:28:34.594,10.5300,100
48519246356654,13:28:39.246,10.5200,100
48519246356654,13:28:39.246,10.5200,200
48519246862454,13:28:39.246,10.5200,100
48519250820661,13:28:39.250,10.5200,100
48535524743236,13:28:55.524,10.5200,100
48550544604762,13:29:10.544,10.5200,100
48550544604762,13:29:10.544,10.5200,100
48625565383583,13:30:25.565,10.5200,100
48627333351043,13:30:27.333,10.5200,6
48673753618556,13:31:13.753,10.5200,100
48698773437921,13:31:38.773,10.5200,400
48713847716267,13:31:53.847,10.5300,100
48714345773254,13:31:54.345,10.5350,100
48714356135216,13:31:54.356,10.5400,100
48714356135216,13:31:54.356,10.5400,100
48714356135216,13:31:54.356,10.5400,100
48714356135216,13:31:54.356,10.5400,100
48714358103850,13:31:54.358,10.5400,100
48714379373012,13:31:54.379,10.5500,100
48714379448915,13:31:54.379,10.5500,20
48714382340517,13:31:54.382,10.5500,100
48729941679164,13:32:09.941,10.5600,100
48729941679164,13:32:09.941,10.5600,100
48762509906244,13:32:42.509,10.5700,100
48762509906244,13:32:42.509,10.5700,100
48770807355802,13:32:50.807,10.5700,500
48817164181956,13:33:37.164,10.5650,300
48876277489471,13:34:36.277,10.5800,100
48876277489471,13:34:36.277,10.5800,100
48876527539200,13:34:36.527,10.5800,200
48907024617254,13:35:07.024,10.5800,100
48908153307502,13:35:08.153,10.5800,100
48908153946303,13:35:08.153,10.5800,100
48909585774731,13:35:09.585,10.5800,19
48909585774731,13:35:09.585,10.5800,100
48909585774731,13:35:09.585,10.5800,100
48987692327837,13:36:27.692,10.5800,100
48992234525302,13:36:32.234,10.5700,100
49199970276067,13:39:59.970,10.5700,100
49199970276067,13:39:59.970,10.5700,100
49199981170163,13:39:59.981,10.5700,100
49199981170163,13:39:59.981,10.5700,72
49318817965451,13:41:58.817,10.5600,300
49318817965451,13:41:58.817,10.5600,100
49452159363160,13:44:12.159,10.5600,4
49568062980872,13:46:08.062,10.5600,96
49568062980872,13:46:08.062,10.5600,100
49568062980872,13:46:08.062,10.5600,100
49568062980872,13:46:08.062,10.5600,4
49919944843736,13:51:59.944,10.5600,100
49919944843736,13:51:59.944,10.5600,100
50215231184531,13:56:55.231,10.5600,96
50215231184531,13:56:55.231,10.5600,100
50215231184531,13:56:55.231,10.5600,100
50215246060195,13:56:55.246,10.5700,100
50215246060195,13:56:55.246,10.5700,100
50215255563711,13:56:55.255,10.5700,100
50220241094447,13:57:00.241,10.5700,34
50220241094447,13:57:00.241,10.5700,66
50250265943950,13:57:30.265,10.5700,100
50335353611330,13:58:55.353,10.5700,100
50335353611330,13:58:55.353,10.5700,100
50338672454281,13:58:58.672,10.5700,100
50402714808629,14:00:02.714,10.5600,100
50423395655122,14:00:23.395,10.5700,100
50442923875590,14:00:42.923,10.5700,119
50442923900419,14:00:42.923,10.5700,81
50443021059560,14:00:43.021,10.5800,100
50443086702251,14:00:43.086,10.5800,100
50467016617727,14:01:07.016,10.5700,100
50467017675392,14:01:07.017,10.5700,96
50467504892808,14:01:07.504,10.5700,100
50475999911576,14:01:15.999,10.5800,100
50502699114049,14:01:42.699,10.5900,100
50513235007792,14:01:53.235,10.5950,100
50594345369977,14:03:14.345,10.6000,100
50670123058446,14:04:30.123,10.6200,7
50678093782097,14:04:38.093,10.6200,38
50678093782097,14:04:38.093,10.6200,62
50678110380425,14:04:38.110,10.6200,100
50731248004209,14:05:31.248,10.6600,100
50731249302398,14:05:31.249,10.6600,100
50731249302398,14:05:31.249,10.6600,100
50731256253514,14:05:31.256,10.6600,100
50731256279367,14:05:31.256,10.6600,185
50759258207415,14:05:59.258,10.6700,100
50776733812098,14:06:16.733,10.6700,100
50820230751069,14:07:00.230,10.6800,96
50820243199331,14:07:00.243,10.6800,100
50820243256592,14:07:00.243,10.6800,4
50820243256592,14:07:00.243,10.6800,96
50820244612281,14:07:00.244,10.6800,100
50820244612281,14:07:00.244,10.6800,100
50820249472146,14:07:00.249,10.6800,4
50825744337604,14:07:05.744,10.6900,100
50825753909572,14:07:05.753,10.7000,100
50839691094130,14:07:19.691,10.6900,100
50839691160976,14:07:19.691,10.6900,100
50839699095156,14:07:19.699,10.6800,100
50855408979479,14:07:35.408,10.7000,100
50862570630578,14:07:42.570,10.6900,100
50862609907707,14:07:42.609,10.6900,100
50930274000584,14:08:50.274,10.7100,100
50930274725103,14:08:50.274,10.7100,100
50930307744181,14:08:50.307,10.7100,100
51040661408846,14:10:40.661,10.7000,100
51040661408846,14:10:40.661,10.7000,6
51040661554445,14:10:40.661,10.7000,100
51040661907250,14:10:40.661,10.7000,100
51040673827223,14:10:40.673,10.7000,100
51040673827223,14:10:40.673,10.7000,100
51041672567904,14:10:41.672,10.7000,100
51043192353457,14:10:43.192,10.7000,100
51058306006937,14:10:58.306,10.7000,100
51058306006937,14:10:58.306,10.7000,80
51060994365983,14:11:00.994,10.7000,100
51061120977909,14:11:01.120,10.7000,20
51090214500106,14:11:30.214,10.7000,100
51090214500106,14:11:30.214,10.7000,100
51090214500106,14:11:30.214,10.7000,100
51095821469750,14:11:35.821,10.7000,12
51122271635499,14:12:02.271,10.7100,100
51122271635499,14:12:02.271,10.7100,11
51122271635499,14:12:02.271,10.7100,100
51122271635499,14:12:02.271,10.7100,100
51122271635499,14:12:02.271,10.7100,100
51187929700501,14:13:07.929,10.7100,200
51207326107645,14:13:27.326,10.7100,100
51207377818396,14:13:27.377,10.7100,200
51224575707005,14:13:44.575,10.7200,100
51244136353273,14:14:04.136,10.7200,100
51244145379711,14:14:04.145,10.7200,100
51257589855241,14:14:17.589,10.7200,100
51257589958518,14:14:17.589,10.7200,100
51257590700757,14:14:17.590,10.7200,100
51257599273120,14:14:17.599,10.7200,100
51262569972444,14:14:22.569,10.7300,100
51264944156907,14:14:24.944,10.7300,100
51264944156907,14:14:24.944,10.7300,100
51264965176286,14:14:24.965,10.7300,100
51265948804430,14:14:25.948,10.7300,100
51301568575879,14:15:01.568,10.7200,100
51301568575879,14:15:01.568,10.7200,400
51318782930452,14:15:18.782,10.7100,100
51400208732805,14:16:40.208,10.7000,500
51437119634761,14:17:17.119,10.7000,100
51478020494796,14:17:58.020,10.6900,100
51525646856513,14:18:45.646,10.6900,100
51532451026541,14:18:52.451,10.6900,12
51571034603782,14:19:31.034,10.6900,188
51571034603782,14:19:31.034,10.6900,6
51571034950803,14:19:31.034,10.6900,200
51571432513812,14:19:31.432,10.6900,100
51588552813020,14:19:48.552,10.6900,100
51636043303146,14:20:36.043,10.6800,100
51636043303146,14:20:36.043,10.6800,200
51677124690255,14:21:17.124,10.6900,100
51764974895637,14:22:44.974,10.7000,100
51764974895637,14:22:44.974,10.7000,200
51764974895637,14:22:44.974,10.7000,100
51764975014388,14:22:44.975,10.7000,200
51765144077889,14:22:45.144,10.7100,100
51768685941648,14:22:48.685,10.7100,100
51768685941648,14:22:48.685,10.7100,100
51775686703357,14:22:55.686,10.7200,100
51775686703357,14:22:55.686,10.7200,100
51788382321427,14:23:08.382,10.7200,200
51788382321427,14:23:08.382,10.7200,100
51797195702036,14:23:17.195,10.7100,100
51826298069059,14:23:46.298,10.7200,100
51826298069059,14:23:46.298,10.7200,100
51826298069059,14:23:46.298,10.7200,24
51826298069059,14:23:46.298,10.7200,100
51826298069059,14:23:46.298,10.7200,100
51847407469746,14:24:07.407,10.7200,100
51879261976160,14:24:39.261,10.7300,67
51879262403633,14:24:39.262,10.7300,33
51895245195121,14:24:55.245,10.7300,200
51956890346993,14:25:56.890,10.7300,100
51956890763796,14:25:56.890,10.7300,200
52007241402470,14:26:47.241,10.7300,200
52007953564006,14:26:47.953,10.7300,96
52046910374184,14:27:26.910,10.7300,100
52050641947423,14:27:30.641,10.7350,100
52069722249362,14:27:49.722,10.7300,200
52069722249362,14:27:49.722,10.7300,100
52092938874190,14:28:12.938,10.7200,100
52115915983240,14:28:35.915,10.7100,200
52154268065442,14:29:14.268,10.7000,100
52154270292207,14:29:14.270,10.7000,100
52154270292207,14:29:14.270,10.7000,26
52155482619991,14:29:15.482,10.7000,100
52155482619991,14:29:15.482,10.7000,100
52164543939479,14:29:24.543,10.7000,26
52167479399025,14:29:27.479,10.6900,100
52181720158285,14:29:41.720,10.7000,100
52181720158285,14:29:41.720,10.7000,100
52273255075512,14:31:13.255,10.7000,4
52273259629744,14:31:13.259,10.7000,200
52273259629744,14:31:13.259,10.7000,96
52291392462943,14:31:31.392,10.6900,100
52291392462943,14:31:31.392,10.6900,100
52333891559062,14:32:13.891,10.6900,100
52427190061424,14:33:47.190,10.6900,100
52441510338758,14:34:01.510,10.6900,100
52441512681401,14:34:01.512,10.6900,145
52567541585434,14:36:07.541,10.7000,200
52567542017447,14:36:07.542,10.7000,100
52567542034655,14:36:07.542,10.7000,100
52641132371724,14:37:21.132,10.7000,200
52641132371724,14:37:21.132,10.7000,7
52641132524438,14:37:21.132,10.7000,200
52641132674111,14:37:21.132,10.7000,200
52642535057459,14:37:22.535,10.7000,504
52642535057459,14:37:22.535,10.7000,196
52642535499374,14:37:22.535,10.7000,4
52659463791715,14:37:39.463,10.7000,200
52728338002082,14:38:48.338,10.7100,100
52736737359976,14:38:56.737,10.7100,100
52736737359976,14:38:56.737,10.7100,100
52746268491796,14:39:06.268,10.7100,100
52752804505564,14:39:12.804,10.7100,100
52874013421538,14:41:14.013,10.7350,100
52895241734786,14:41:35.241,10.7400,100
52897980255405,14:41:37.980,10.7400,100
52901397405550,14:41:41.397,10.7400,100
52928248281478,14:42:08.248,10.7400,100
52933751926619,14:42:13.751,10.7400,100
52938314676530,14:42:18.314,10.7400,200
52942747804697,14:42:22.747,10.7400,300
52977790240806,14:42:57.790,10.7500,100
52977790240806,14:42:57.790,10.7500,100
52979950061797,14:42:59.950,10.7500,100
52979950061797,14:42:59.950,10.7500,100
52996102053932,14:43:16.102,10.7500,100
52996102053932,14:43:16.102,10.7500,100
53007919172735,14:43:27.919,10.7500,100
53049251407508,14:44:09.251,10.7600,100
53049251407508,14:44:09.251,10.7600,100
53049251605342,14:44:09.251,10.7600,100
53052800484472,14:44:12.800,10.7700,100
53130241180977,14:45:30.241,10.7800,100
53130241180977,14:45:30.241,10.7800,100
53130241180977,14:45:30.241,10.7800,100
53166170266601,14:46:06.170,10.7900,100
53193161261593,14:46:33.161,10.7900,100
53315070096469,14:48:35.070,10.7900,200
53315070096469,14:48:35.070,10.7900,200
53356563530027,14:49:16.563,10.7900,100
53356563558013,14:49:16.563,10.7900,200
53361766281550,14:49:21.766,10.7800,100
53408065962178,14:50:08.065,10.7700,100
53408065962178,14:50:08.065,10.7700,100
53551580602683,14:52:31.580,10.7700,59
53551580637542,14:52:31.580,10.7700,41
53559580844931,14:52:39.580,10.7700,100
53607165777313,14:53:27.165,10.7800,100
53607165803761,14:53:27.165,10.7800,200
53607165803761,14:53:27.165,10.7800,270
53632288307099,14:53:52.288,10.8000,100
53632288307099,14:53:52.288,10.8000,100
53632288307099,14:53:52.288,10.8000,100
53632288307099,14:53:52.288,10.8000,100
53632288307099,14:53:52.288,10.8000,100
53638487413812,14:53:58.487,10.8000,100
53641683803062,14:54:01.683,10.7900,100
53681970417800,14:54:41.970,10.7900,100
53711184600328,14:55:11.184,10.7900,100
53720751442768,14:55:20.751,10.7900,100
53779098481842,14:56:19.098,10.7900,100
53842848706004,14:57:22.848,10.7800,100
53842848706004,14:57:22.848,10.7800,100
53842848706004,14:57:22.848,10.7800,100
53843349240605,14:57:23.349,10.7700,100
53843349240605,14:57:23.349,10.7700,18
53850814073696,14:57:30.814,10.7700,82
53863067602988,14:57:43.067,10.7700,100
53875010069185,14:57:55.010,10.7700,100
53875010069185,14:57:55.010,10.7700,400
53895195522684,14:58:15.195,10.7700,100
53932024896701,14:58:52.024,10.7800,100
53935893668887,14:58:55.893,10.7800,100
53935893668887,14:58:55.893,10.7800,100
53935893668887,14:58:55.893,10.7800,200
53935895560215,14:58:55.895,10.7800,100
53935895560215,14:58:55.895,10.7800,100
53935897520936,14:58:55.897,10.7800,200
53935898974034,14:58:55.898,10.7800,100
53963487107700,14:59:23.487,10.7800,100
53963488332831,14:59:23.488,10.7800,100
53963488904832,14:59:23.488,10.7800,100
53986895393849,14:59:46.895,10.7800,100
53986895393849,14:59:46.895,10.7800,100
53986895393849,14:59:46.895,10.7800,100
53996302018569,14:59:56.302,10.7800,100
54076022750147,15:01:16.022,10.7700,100
54128650157157,15:02:08.650,10.7600,100
54128650157157,15:02:08.650,10.7600,300
54180844211028,15:03:00.844,10.7500,100
54212214531992,15:03:32.214,10.7500,100
54253076871614,15:04:13.076,10.7500,100
54285691639460,15:04:45.691,10.7500,100
54291220441273,15:04:51.220,10.7500,100
54311980314230,15:05:11.980,10.7500,100
54313484496326,15:05:13.484,10.7500,99
54313556513682,15:05:13.556,10.7500,1
54329803014278,15:05:29.803,10.7500,100
54547233688728,15:09:07.233,10.7600,100
54547233688728,15:09:07.233,10.7600,100
54662179793480,15:11:02.179,10.7500,100
54662179793480,15:11:02.179,10.7500,100
54663682087968,15:11:03.682,10.7500,100
54667070674955,15:11:07.070,10.7500,100
54667072557791,15:11:07.072,10.7500,100
54667072557791,15:11:07.072,10.7500,100
54674641847650,15:11:14.641,10.7500,100
54808657851124,15:13:28.657,10.7600,19
54808657851124,15:13:28.657,10.7600,6
54849662636894,15:14:09.662,10.7600,100
54849662636894,15:14:09.662,10.7600,200
54881958761671,15:14:41.958,10.7600,91
54881958761671,15:14:41.958,10.7600,9
54902656284612,15:15:02.656,10.7600,17
54903961701220,15:15:03.961,10.7600,74
54912857731000,15:15:12.857,10.7600,544
54912858270297,15:15:12.858,10.7600,56
54912858270297,15:15:12.858,10.7600,400
54912858270297,15:15:12.858,10.7600,500
54912858270297,15:15:12.858,10.7600,400
54912858270297,15:15:12.858,10.7600,44
54925990914827,15:15:25.990,10.7600,100
54926858710916,15:15:26.858,10.7600,100
54926859149810,15:15:26.859,10.7600,100
54928011533713,15:15:28.011,10.7600,300
54935731537375,15:15:35.731,10.7500,100
54935731537375,15:15:35.731,10.7500,200
55006867954219,15:16:46.867,10.7500,100
55037623970612,15:17:17.623,10.7600,100
55047923457244,15:17:27.923,10.7600,100
55092867158016,15:18:12.867,10.7600,184
55092867158016,15:18:12.867,10.7600,116
55092867692061,15:18:12.867,10.7600,300
55101869041485,15:18:21.869,10.7600,140
55216235141983,15:20:16.235,10.7700,100
55216235141983,15:20:16.235,10.7700,26
55217617004681,15:20:17.617,10.7700,100
55225221293788,15:20:25.221,10.7700,100
55423105040295,15:23:43.105,10.7500,100
55423358796704,15:23:43.358,10.7500,100
55564383300911,15:26:04.383,10.7500,100
55644560035714,15:27:24.560,10.7500,10
55763515380924,15:29:23.515,10.7450,100
55763515380924,15:29:23.515,10.7500,100
55763515380924,15:29:23.515,10.7500,200
55763515380924,15:29:23.515,10.7500,100
55763515380924,15:29:23.515,10.7500,100
55766094910305,15:29:26.094,10.7500,100
55795252589660,15:29:55.252,10.7400,100
55820032390634,15:30:20.032,10.7300,100
55921870962236,15:32:01.870,10.7400,200
55921870962236,15:32:01.870,10.7400,23
56046085917380,15:34:06.085,10.7300,100
56076407502477,15:34:36.407,10.7300,100
56145321337400,15:35:45.321,10.7400,200
56298438583301,15:38:18.438,10.7400,200
56298438583301,15:38:18.438,10.7400,100
56298438583301,15:38:18.438,10.7400,16
56298438583301,15:38:18.438,10.7400,100
56298438583301,15:38:18.438,10.7400,100
56298438583301,15:38:18.438,10.7400,100
56298438823521,15:38:18.438,10.7400,100
56298438823521,15:38:18.438,10.7400,100
56298448909792,15:38:18.448,10.7400,100
56298448909792,15:38:18.448,10.7400,100
56298448909792,15:38:18.448,10.7400,1900
56434329205085,15:40:34.329,10.7350,100
56434330205748,15:40:34.330,10.7350,100
56588870785562,15:43:08.870,10.7400,100
56588870785562,15:43:08.870,10.7400,200
56588870785562,15:43:08.870,10.7400,100
56588870785562,15:43:08.870,10.7400,100
56588870785562,15:43:08.870,10.7400,100
56588870785562,15:43:08.870,10.7400,7
56588871331430,15:43:08.871,10.7400,77
56588875809711,15:43:08.875,10.7400,253
56629787177497,15:43:49.787,10.7400,100
56632261230812,15:43:52.261,10.7400,100
56641112282159,15:44:01.112,10.7400,100
56698696808064,15:44:58.696,10.7400,100
56698696808064,15:44:58.696,10.7400,100
56698696808064,15:44:58.696,10.7400,100
56700209369260,15:45:00.209,10.7300,100
56700209369260,15:45:00.209,10.7300,100
56718292338592,15:45:18.292,10.7300,35
56724532676743,15:45:24.532,10.7300,251
56724532676743,15:45:24.532,10.7300,100
56922769751417,15:48:42.769,10.7300,100
56922769751417,15:48:42.769,10.7300,100
56922769751417,15:48:42.769,10.7300,100
56922769751417,15:48:42.769,10.7300,100
56922769751417,15:48:42.769,10.7300,100
56922769925031,15:48:42.769,10.7300,100
56922770014827,15:48:42.770,10.7300,100
56930360051872,15:48:50.360,10.7250,100
56930360051872,15:48:50.360,10.7300,700
56930360051872,15:48:50.360,10.7300,100
56930360051872,15:48:50.360,10.7300,100
56930360051872,15:48:50.360,10.7300,200
57316849757793,15:55:16.849,10.7400,100
57316849757793,15:55:16.849,10.7400,4
57316849757793,15:55:16.849,10.7400,100
57316849757793,15:55:16.849,10.7400,100
57316849757793,15:55:16.849,10.7400,100
57321857517119,15:55:21.857,10.7400,10
57321857517119,15:55:21.857,10.7400,100
57321857517119,15:55:21.857,10.7400,90
57321859463471,15:55:21.859,10.7400,100
57322446948204,15:55:22.446,10.7400,100
57456353143923,15:57:36.353,10.7450,74
57456353143923,15:57:36.353,10.7450,26
57473730303249,15:57:53.730,10.7450,11
57473730303249,15:57:53.730,10.7450,160
57507689549326,15:58:27.689,10.7450,200
57522677141396,15:58:42.677,10.7400,100
57537704829550,15:58:57.704,10.7400,100
57570015084605,15:59:30.015,10.7450,75
57570941864815,15:59:30.941,10.7400,100
57580099353037,15:59:40.099,10.7400,397
57580099353037,15:59:40.099,10.7300,100
57580099353037,15:59:40.099,10.7300,100
57580099353037,15:59:40.099,10.7300,100
57580099353037,15:59:40.099,10.7300,400
57580099353037,15:59:40.099,10.7300,3
57580100326000,15:59:40.100,10.7400,100
57580157234072,15:59:40.157,10.7400,100
57580157234072,15:59:40.157,10.7400,100
57580157234072,15:59:40.157,10.7400,284
57580157281474,15:59:40.157,10.7400,16
57580157281474,15:59:40.157,10.7400,300
57580252674100,15:59:40.252,10.7450,100
57580252674100,15:59:40.252,10.7450,333
57580252674100,15:59:40.252,10.7400,1500
57580252674100,15:59:40.252,10.7400,200
57580252674100,15:59:40.252,10.7400,100
57580252674100,15:59:40.252,10.7400,300
57580252674100,15:59:40.252,10.7400,100
57580252674100,15:59:40.252,10.7400,300
57580252674100,15:59:40.252,10.7400,167
57580301830960,15:59:40.301,10.7400,100
57580316369296,15:59:40.316,10.7400,100
57580323098494,15:59:40.323,10.7400,33
57580323098494,15:59:40.323,10.7400,100
57580323098494,15:59:40.323,10.7400,100
57580323098494,15:59:40.323,10.7400,67
57580330324862,15:59:40.330,10.7400,100
57580330324862,15:59:40.330,10.7400,100
57580365422547,15:59:40.365,10.7400,100
57580391781928,15:59:40.391,10.7400,100
57580429656298,15:59:40.429,10.7400,100
57580454426878,15:59:40.454,10.7400,100
57593634988878,15:59:53.634,10.7400,100
57593637749602,15:59:53.637,10.7400,100
57600404390955,16:00:00.404,0.0000,0
