timestamp,time,price,volume
34080073844794,09:28:00.073,46.6500,100
34080073844794,09:28:00.073,46.6800,100
34200736434388,09:30:00.736,46.8200,1975
34584711647280,09:36:24.711,46.6300,4
34584711647280,09:36:24.711,46.5800,2
35410479064718,09:50:10.479,46.6600,330
35410479372921,09:50:10.479,46.6500,60
35566553624373,09:52:46.553,46.6600,5
35566553624373,09:52:46.553,46.6500,195
35566553651106,09:52:46.553,46.6600,313
35566553969594,09:52:46.553,46.6600,87
35566553969594,09:52:46.553,46.6500,13
35566554080913,09:52:46.554,46.6500,9
35566554080913,09:52:46.554,46.6500,82
35566554143170,09:52:46.554,46.6500,9
35566554148576,09:52:46.554,46.6500,34
35566554157940,09:52:46.554,46.6500,100
35566554159592,09:52:46.554,46.6500,100
35566554161512,09:52:46.554,46.6500,75
35566554161512,09:52:46.554,46.6500,25
35566554175239,09:52:46.554,46.6500,37
35566554175239,09:52:46.554,46.6500,46
35566554175239,09:52:46.554,46.6500,40
35614106717971,09:53:34.106,46.6300,98
36330427664715,10:05:30.427,46.3800,5
36413108114840,10:06:53.108,46.4100,100
36686604666973,10:11:26.604,46.4500,100
36799685653016,10:13:19.685,46.5000,100
37364999448101,10:22:44.999,46.4000,220
37517152707165,10:25:17.152,46.4400,20
37886958518649,10:31:26.958,46.4400,80
37886958518649,10:31:26.958,46.4500,20
37920817396004,10:32:00.817,46.4500,7
38303602069213,10:38:23.602,46.5200,100
38645793168978,10:44:05.793,46.6300,100
38794746703707,10:46:34.746,46.7200,100
38794748620507,10:46:34.748,46.7200,1
38962158062993,10:49:22.158,46.7300,100
39322844277815,10:55:22.844,46.7300,100
39322844338111,10:55:22.844,46.7400,100
39322844668878,10:55:22.844,46.7400,1
39322844773487,10:55:22.844,46.7400,99
39440050525867,10:57:20.050,46.6800,100
39440050525867,10:57:20.050,46.6800,100
39440050525867,10:57:20.050,46.6800,6
39440050525867,10:57:20.050,46.6800,100
39664815338169,11:01:04.815,46.6700,100
39664815345920,11:01:04.815,46.6800,100
39664815345920,11:01:04.815,46.6800,100
39664815969223,11:01:04.815,46.6800,100
41201413674402,11:26:41.413,46.6600,100
41250205426726,11:27:30.205,46.6700,100
41284351922219,11:28:04.351,46.6800,100
41284351990685,11:28:04.351,46.6900,100
41284352020272,11:28:04.352,46.6900,100
41284352098435,11:28:04.352,46.7100,1
41649289469776,11:34:09.289,46.7500,100
41649294028226,11:34:09.294,46.7700,100
41703500725869,11:35:03.500,46.8300,2
41747313423581,11:35:47.313,46.8300,98
41747313423581,11:35:47.313,46.8300,2
41990219931124,11:39:50.219,46.7800,5
41990219931124,11:39:50.219,46.7700,100
41990219931124,11:39:50.219,46.7700,2
41990219931124,11:39:50.219,46.7700,45
41990219931124,11:39:50.219,46.7700,95
41990219960517,11:39:50.219,46.7700,5
41990220074905,11:39:50.220,46.7600,100
41990220074905,11:39:50.220,46.7600,10
41990220338439,11:39:50.220,46.7700,20
41990220338439,11:39:50.220,46.7600,5
42196547302852,11:43:16.547,46.7600,100
42196547302852,11:43:16.547,46.7600,100
42616596377861,11:50:16.596,46.7900,100
42711051857466,11:51:51.051,46.8400,1
43190002974248,11:59:50.002,46.8400,100
43190003194452,11:59:50.003,46.7400,1
43190003240807,11:59:50.003,46.7400,1
43214754143806,12:00:14.754,46.8000,100
43402567657704,12:03:22.567,46.8400,100
43534451781039,12:05:34.451,46.8400,100
43534453830181,12:05:34.453,46.8500,100
43534453830181,12:05:34.453,46.8500,100
43962594313703,12:12:42.594,46.8900,2
43962594313703,12:12:42.594,46.8900,100
45572466710792,12:39:32.466,46.7700,100
45572466710792,12:39:32.466,46.7700,7
45572466710792,12:39:32.466,46.7700,100
45572466710792,12:39:32.466,46.7700,100
45572466754612,12:39:32.466,46.7600,10
45705330479694,12:41:45.330,46.7300,20
45715547508072,12:41:55.547,46.6100,2
46095280889073,12:48:15.280,46.6200,100
46095280975390,12:48:15.280,46.6300,100
46095331002051,12:48:15.331,46.5700,30
46143084753968,12:49:03.084,46.6400,100
47101640525721,13:05:01.640,46.6600,100
47101640568331,13:05:01.640,46.6600,100
47101640568331,13:05:01.640,46.6600,100
48029753322589,13:20:29.753,46.6300,100
48029753322589,13:20:29.753,46.6300,1
48029754549932,13:20:29.754,46.5800,20
48029754748562,13:20:29.754,46.6000,10
48029756954895,13:20:29.756,46.6100,100
48393549117006,13:26:33.549,46.6200,100
48666919056783,13:31:06.919,46.6400,100
48666920390552,13:31:06.920,46.6500,100
48666920439360,13:31:06.920,46.6600,100
48666920464050,13:31:06.920,46.6600,100
48953190814341,13:35:53.190,46.7200,100
48953191195035,13:35:53.191,46.7200,27
49433932052181,13:43:53.932,46.6300,100
49756598004179,13:49:16.598,46.6400,7
49756598004179,13:49:16.598,46.6200,26
49756598048150,13:49:16.598,46.6200,74
50403207872057,14:00:03.207,46.6800,100
50699857486292,14:04:59.857,46.9200,1
50699857524931,14:04:59.857,46.9900,40
50699857530941,14:04:59.857,46.9900,60
50714276627572,14:05:14.276,47.1400,100
50863574534449,14:07:43.574,47.0500,100
50869316692552,14:07:49.316,47.0400,100
50869317177703,14:07:49.317,47.0300,100
51011389378158,14:10:11.389,47.1000,100
51259082496854,14:14:19.082,47.1600,10
51277627245267,14:14:37.627,47.2000,97
51277627249638,14:14:37.627,47.2100,100
51277627483025,14:14:37.627,47.2100,7
51277627578646,14:14:37.627,47.2100,18
51277627601433,14:14:37.627,47.2100,75
51308255720490,14:15:08.255,47.2000,100
51400374208384,14:16:40.374,47.2500,100
51436369745307,14:17:16.369,47.3400,56
51803819708241,14:23:23.819,47.3300,100
51887017915992,14:24:47.017,47.2500,1
52074995309987,14:27:54.995,47.2200,5
52074995309987,14:27:54.995,47.2000,10
52074995309987,14:27:54.995,47.2000,95
52074995506930,14:27:54.995,47.2000,5
52074995555843,14:27:54.995,47.1900,22
52074995565748,14:27:54.995,47.1900,78
52074995565748,14:27:54.995,47.1900,100
52075995273221,14:27:55.995,47.1900,1
52077561407010,14:27:57.561,47.2000,10
52233753162390,14:30:33.753,47.1800,1
52270346494639,14:31:10.346,47.1600,1
52319953861694,14:31:59.953,47.1800,6
52319953861694,14:31:59.953,47.1800,3
52319954167811,14:31:59.954,47.1800,97
52319954167811,14:31:59.954,47.1800,100
52454138817615,14:34:14.138,47.1900,1
52519458465279,14:35:19.458,47.2300,100
52519458489850,14:35:19.458,47.2300,100
52519458891404,14:35:19.458,47.2400,100
52519458963763,14:35:19.458,47.2300,100
52522290652875,14:35:22.290,47.2600,10
52561441484691,14:36:01.441,47.2000,100
52561441484691,14:36:01.441,47.2000,100
52638999482854,14:37:18.999,47.1300,1
52693520425546,14:38:13.520,47.2000,3
52693520664923,14:38:13.520,47.2000,97
52826995439758,14:40:26.995,47.1200,1
52910376001705,14:41:50.376,47.1600,100
52910376001705,14:41:50.376,47.1600,100
52926525401414,14:42:06.525,47.1700,10
52929042772909,14:42:09.042,47.0900,5
53014991330564,14:43:34.991,47.1000,1
53017102235300,14:43:37.102,47.1500,100
53189255152933,14:46:29.255,47.2400,6
53189255152933,14:46:29.255,47.2400,90
53189255152933,14:46:29.255,47.2500,4
53189255673622,14:46:29.255,47.2500,1
53203014924909,14:46:43.014,47.2200,1
53216218980285,14:46:56.218,47.2700,100
53216218980285,14:46:56.218,47.2700,32
53216223270008,14:46:56.223,47.2300,17
53216227902984,14:46:56.227,47.2300,83
53330280290668,14:48:50.280,47.1900,5
53391038182145,14:49:51.038,47.2200,1
53470447598884,14:51:10.447,47.1900,95
53481807531676,14:51:21.807,47.2000,82
53481808541147,14:51:21.808,47.2000,18
53481808541147,14:51:21.808,47.2000,82
53535164065753,14:52:15.164,47.2500,20
53535164065753,14:52:15.164,47.2500,10
53579369877834,14:52:59.369,47.2700,1
53596845936115,14:53:16.845,47.3300,100
53752666888223,14:55:52.666,47.2500,7
53800394359542,14:56:40.394,47.3000,1
53952047682642,14:59:12.047,47.3300,1
53973869196707,14:59:33.869,47.3800,49
54139067293954,15:02:19.067,47.3300,1
54201312862369,15:03:21.312,47.2900,6
54201312862369,15:03:21.312,47.2900,27
54201312862369,15:03:21.312,47.2800,67
54201312890667,15:03:21.312,47.2800,33
54201313321281,15:03:21.313,47.2700,50
54201313329887,15:03:21.313,47.2700,33
54201313337398,15:03:21.313,47.2700,27
54222370043274,15:03:42.370,47.3100,10
54240030941991,15:04:00.030,47.2900,1
54240253261610,15:04:00.253,47.3000,1
54454683775786,15:07:34.683,47.2400,10
54454683801734,15:07:34.683,47.2400,90
54454683801734,15:07:34.683,47.2400,1
54486432448743,15:08:06.432,47.2600,23
54486432448743,15:08:06.432,47.2600,77
54488004983511,15:08:08.004,47.2600,1
54494122964697,15:08:14.122,47.2700,33
54494122991415,15:08:14.122,47.2700,67
54535387899758,15:08:55.387,47.2700,1
54638578021020,15:10:38.578,47.2200,9
54638578027895,15:10:38.578,47.2200,38
54638578042219,15:10:38.578,47.2200,39
54638578047613,15:10:38.578,47.2200,14
54638578477384,15:10:38.578,47.2000,100
54700035425758,15:11:40.035,47.1600,1
54746346309577,15:12:26.346,47.1000,5
54793267884823,15:13:13.267,47.1700,10
54795392548630,15:13:15.392,47.1800,1
54795392548630,15:13:15.392,47.1800,100
54795392548630,15:13:15.392,47.1800,100
54795392548630,15:13:15.392,47.1800,8
54795392548630,15:13:15.392,47.1800,21
54795392840834,15:13:15.392,47.1800,100
55059031504902,15:17:39.031,47.1600,100
55065006350027,15:17:45.006,47.1100,5
55074053693532,15:17:54.053,47.1400,1
55145546656006,15:19:05.546,47.1100,6
55201485353746,15:20:01.485,47.1900,1
55244314768100,15:20:44.314,47.1700,5
55298690910465,15:21:38.690,47.2000,1
55364613567350,15:22:44.613,47.1400,6
55455122619751,15:24:15.122,47.1500,1
55457501812963,15:24:17.501,47.1700,1
55459559923550,15:24:19.559,47.1900,15
55522251422262,15:25:22.251,47.1500,100
55522251427382,15:25:22.251,47.1400,58
55522251491436,15:25:22.251,47.1400,42
55635420583983,15:27:15.420,47.1100,1
55650774601740,15:27:30.774,47.0700,6
55676854133219,15:27:56.854,47.1400,4
55677013417723,15:27:57.013,47.1500,100
55677013443147,15:27:57.013,47.1500,85
55679919519794,15:27:59.919,47.2100,10
55764221782496,15:29:24.221,47.1200,2
55809099337495,15:30:09.099,47.1200,92
55825409967133,15:30:25.409,47.0900,1
55833366740082,15:30:33.366,47.1300,1
55846283609663,15:30:46.283,47.0900,5
55902004363253,15:31:42.004,47.1000,3
55987447442432,15:33:07.447,47.0800,5
55987447470468,15:33:07.447,47.0800,54
55987447470468,15:33:07.447,47.0800,100
55998688669309,15:33:18.688,47.0900,100
56052058110247,15:34:12.058,47.0200,1
56070518897859,15:34:30.518,47.0500,100
56070518897859,15:34:30.518,47.0600,1
56070519498515,15:34:30.519,47.0600,99
56070519498515,15:34:30.519,47.0600,1
56071878245984,15:34:31.878,47.0500,100
56071878270006,15:34:31.878,47.0500,100
56080762380550,15:34:40.762,47.0000,5
56105497693511,15:35:05.497,47.0300,100
56206249696058,15:36:46.249,47.0500,4
56206250359642,15:36:46.250,47.0500,101
56206250362189,15:36:46.250,47.0500,50
56206250362189,15:36:46.250,47.0500,50
56206250368048,15:36:46.250,47.0500,50
56206250455027,15:36:46.250,47.0400,100
56254324891554,15:37:34.324,47.0400,1
56323536993807,15:38:43.536,47.0300,1
56324479024714,15:38:44.479,47.0500,1
56324479024714,15:38:44.479,47.0500,1
56352948547845,15:39:12.948,47.0200,3
56353965161234,15:39:13.965,47.0600,1
56403528073178,15:40:03.528,47.0400,25
56403528594260,15:40:03.528,47.0400,21
56403528668149,15:40:03.528,47.0400,25
56403528963996,15:40:03.528,47.0400,29
56412584759723,15:40:12.584,46.9900,3
56493229374930,15:41:33.229,46.9900,5
56560004374270,15:42:40.004,46.9400,5
56573183371684,15:42:53.183,46.9700,5
56580107080579,15:43:00.107,47.0000,1
56580107242853,15:43:00.107,47.0100,1
56580107242853,15:43:00.107,47.0200,58
56580107256197,15:43:00.107,47.0200,33
56580386552733,15:43:00.386,47.0200,9
56580386734251,15:43:00.386,47.0100,1
56580386821716,15:43:00.386,47.0200,1
56637050813677,15:43:57.050,47.0600,51
56637051040870,15:43:57.051,47.0600,3
56637051048377,15:43:57.051,47.0600,34
56637051194223,15:43:57.051,47.0600,12
56639912220497,15:43:59.912,47.0700,10
56643794368580,15:44:03.794,47.0400,5
56677886482953,15:44:37.886,47.0700,1
56677886482953,15:44:37.886,47.0700,1
56677886482953,15:44:37.886,47.0700,98
56681376360389,15:44:41.376,47.0700,100
56742965046695,15:45:42.965,47.0300,3
56745401753405,15:45:45.401,47.0900,3
56764193996497,15:46:04.193,47.0900,1
56818967342674,15:46:58.967,47.0500,2
56831306728585,15:47:11.306,47.0600,76
56831307238351,15:47:11.307,47.0600,24
56831307420914,15:47:11.307,47.0500,98
56831307420914,15:47:11.307,47.0500,2
56831307655891,15:47:11.307,47.0500,98
56852003301393,15:47:32.003,47.0400,100
56897571720888,15:48:17.571,47.0200,6
56922255799579,15:48:42.255,47.0600,1
56944086072472,15:49:04.086,47.0500,1
56952207136143,15:49:12.207,47.0800,10
56963044097772,15:49:23.044,47.0400,5
56999995777036,15:49:59.995,47.0500,100
56999995878454,15:49:59.995,47.0500,35
57146105693372,15:52:26.105,47.0200,5
57146106305747,15:52:26.106,47.0100,100
57147682343265,15:52:27.682,46.9900,1
57169503609753,15:52:49.503,46.9700,10
57215425196762,15:53:35.425,47.0000,3
57233517089396,15:53:53.517,46.9700,10
57233519937356,15:53:53.519,46.9700,10
57233519963455,15:53:53.519,46.9700,80
57247461107816,15:54:07.461,47.0000,66
57247461113337,15:54:07.461,47.0000,34
57247461123152,15:54:07.461,47.0000,1
57267984348794,15:54:27.984,46.9800,2
57305404289962,15:55:05.404,47.0400,100
57305404289962,15:55:05.404,47.0400,100
57305404289962,15:55:05.404,47.0400,100
57362698454014,15:56:02.698,47.0600,3
57397138240947,15:56:37.138,47.0900,3
57417537149700,15:56:57.537,47.0700,100
57417537378693,15:56:57.537,47.0700,100
57417540036373,15:56:57.540,47.0700,38
57417540036373,15:56:57.540,47.0700,100
57444466113181,15:57:24.466,47.0700,100
57472221095560,15:57:52.221,47.0700,46
57472221095560,15:57:52.221,47.0700,54
57472221340164,15:57:52.221,47.0700,21
57472221398874,15:57:52.221,47.0700,25
57481218284821,15:58:01.218,47.0800,10
57486161953350,15:58:06.161,47.0900,3
57486161953350,15:58:06.161,47.0900,21
57486161953350,15:58:06.161,47.0900,1
57486191403619,15:58:06.191,47.1000,81
57486191403619,15:58:06.191,47.1000,100
57497016208729,15:58:17.016,47.1300,100
57503548353222,15:58:23.548,47.1300,100
57503548353222,15:58:23.548,47.1300,100
57503548353222,15:58:23.548,47.1300,100
57503548497723,15:58:23.548,47.1300,61
57509026971531,15:58:29.026,47.1300,94
57522074598111,15:58:42.074,47.1500,3
57564340946813,15:59:24.340,47.1500,1
57567639543815,15:59:27.639,47.1700,90
57567639543815,15:59:27.639,47.1700,10
57567639570942,15:59:27.639,47.1700,16
57567639570942,15:59:27.639,47.1700,49
57567643042288,15:59:27.643,47.1700,10
57567643276797,15:59:27.643,47.1700,90
57571400604040,15:59:31.400,47.1600,12
57571403254608,15:59:31.403,47.1600,13
57571612174827,15:59:31.612,47.1600,1
57575231591884,15:59:35.231,47.1900,37
57575298841090,15:59:35.298,47.1900,63
57575298841090,15:59:35.298,47.1900,37
57575339639004,15:59:35.339,47.1900,37
57579003878245,15:59:39.003,47.1900,100
57579003905995,15:59:39.003,47.1900,26
57579003905995,15:59:39.003,47.1900,154
57579746890419,15:59:39.746,47.2000,64
57579750231039,15:59:39.750,47.2000,10
57581009222542,15:59:41.009,47.2000,5
57592062657873,15:59:52.062,47.2000,21
57592062657873,15:59:52.062,47.2200,102
57600738394493,16:00:00.738,47.1700,21392
