timestamp,time,price,volume
34200951501472,09:30:00.951,2.1700,1581
34200973591738,09:30:00.973,2.2100,50
34295930094293,09:31:35.930,2.2200,2
34325181468233,09:32:05.181,2.2200,8
34325181571380,09:32:05.181,2.2000,30
34325293021638,09:32:05.293,2.2200,7
34402245346920,09:33:22.245,2.1900,5
34402256468492,09:33:22.256,2.1900,95
34402256515924,09:33:22.256,2.1900,5
34402256554911,09:33:22.256,2.1900,23
34402256560493,09:33:22.256,2.1900,100
34441132876499,09:34:01.132,2.1900,100
34441132876499,09:34:01.132,2.1900,100
34562432742481,09:36:02.432,2.1900,100
34562432742481,09:36:02.432,2.1900,100
34562432742481,09:36:02.432,2.1900,100
34579102626980,09:36:19.102,2.1900,100
34579102626980,09:36:19.102,2.1900,100
34594883684942,09:36:34.883,2.1900,100
34610939150048,09:36:50.939,2.1900,100
34621999036210,09:37:01.999,2.1900,9
34650547139913,09:37:30.547,2.2000,100
34882157076436,09:41:22.157,2.2300,100
34882157076436,09:41:22.157,2.2300,100
34886376278150,09:41:26.376,2.2400,100
34886376278150,09:41:26.376,2.2400,400
34944577670274,09:42:24.577,2.2400,410
34944577708484,09:42:24.577,2.2400,204
34944577992326,09:42:24.577,2.2400,77
35309437562745,09:48:29.437,2.2400,100
35309437562745,09:48:29.437,2.2400,100
35511917178240,09:51:51.917,2.2500,100
36473142869374,10:07:53.142,2.2700,100
36741338231283,10:12:21.338,2.2700,100
36741338231283,10:12:21.338,2.2700,100
36741338231283,10:12:21.338,2.2700,100
36741338412859,10:12:21.338,2.2700,100
36741339872199,10:12:21.339,2.2600,100
36741340171019,10:12:21.340,2.2600,100
36744141088664,10:12:24.141,2.2700,100
36744141088664,10:12:24.141,2.2700,100
36744141088664,10:12:24.141,2.2700,100
36744143907807,10:12:24.143,2.2600,100
36744143907807,10:12:24.143,2.2600,100
36744143907807,10:12:24.143,2.2600,100
36744158797181,10:12:24.158,2.2600,50
36744158797181,10:12:24.158,2.2700,100
36744158797181,10:12:24.158,2.2700,10
36760168692228,10:12:40.168,2.2700,100
36763040605572,10:12:43.040,2.2800,100
36763040605572,10:12:43.040,2.2800,100
36763040605572,10:12:43.040,2.2800,100
36763040605572,10:12:43.040,2.2800,100
37432222000707,10:23:52.222,2.2900,100
37432222305164,10:23:52.222,2.2900,100
38123724664870,10:35:23.724,2.2900,100
38128712283016,10:35:28.712,2.2900,100
38173721798541,10:36:13.721,2.2800,100
38173721798541,10:36:13.721,2.2800,100
38173721798541,10:36:13.721,2.2800,100
38173721798541,10:36:13.721,2.2800,200
38175951144436,10:36:15.951,2.2700,100
38175951144436,10:36:15.951,2.2700,100
38175954384991,10:36:15.954,2.2700,400
38175954384991,10:36:15.954,2.2700,100
38404389009776,10:40:04.389,2.2800,1300
38406399462793,10:40:06.399,2.2800,100
38406399462793,10:40:06.399,2.2800,100
38406399462793,10:40:06.399,2.2800,100
38501169318395,10:41:41.169,2.2800,250
38501169318395,10:41:41.169,2.2800,100
38522292611233,10:42:02.292,2.2800,500
38522292611233,10:42:02.292,2.2800,100
38522293073928,10:42:02.293,2.2800,100
38522293073928,10:42:02.293,2.2800,100
38522294519350,10:42:02.294,2.2800,100
38666243831439,10:44:26.243,2.2800,5
38666243831439,10:44:26.243,2.2800,95
38728742903127,10:45:28.742,2.2800,100
38731071250618,10:45:31.071,2.2800,100
38733079525474,10:45:33.079,2.2800,100
38735289981158,10:45:35.289,2.2800,200
38735290232778,10:45:35.290,2.2800,100
38735290232778,10:45:35.290,2.2800,100
38735291173395,10:45:35.291,2.2800,100
38735291173395,10:45:35.291,2.2800,100
38965685010707,10:49:25.685,2.2800,500
38965685010707,10:49:25.685,2.2800,100
39096744138866,10:51:36.744,2.2750,100
39222112124545,10:53:42.112,2.2800,100
39222112124545,10:53:42.112,2.2800,100
39417025007203,10:56:57.025,2.2800,1500
40238873204173,11:10:38.873,2.2900,1000
40238873204173,11:10:38.873,2.2900,100
40238895537349,11:10:38.895,2.3000,100
40239337986924,11:10:39.337,2.3000,100
40239338438006,11:10:39.338,2.3000,100
40244791212454,11:10:44.791,2.3000,100
40258976414611,11:10:58.976,2.3100,100
40259077355077,11:10:59.077,2.3000,100
40262566313292,11:11:02.566,2.3100,100
40262566682962,11:11:02.566,2.3100,23
40262604970548,11:11:02.604,2.3100,100
40517598630512,11:15:17.598,2.3000,100
40522473857107,11:15:22.473,2.2900,100
40522473857107,11:15:22.473,2.2900,100
40522473857107,11:15:22.473,2.2900,100
40525893018162,11:15:25.893,2.2800,100
40525893018162,11:15:25.893,2.2800,100
40525893018162,11:15:25.893,2.2800,1100
40550110996770,11:15:50.110,2.2800,100
40550110996770,11:15:50.110,2.2800,100
40550119722020,11:15:50.119,2.2800,100
40550119722020,11:15:50.119,2.2800,100
40550119722020,11:15:50.119,2.2800,100
40768662255280,11:19:28.662,2.2750,100
40832147011912,11:20:32.147,2.2700,100
40910705179528,11:21:50.705,2.2500,100
40910705179528,11:21:50.705,2.2500,100
40910705179528,11:21:50.705,2.2500,100
40910705179528,11:21:50.705,2.2500,200
40916788219245,11:21:56.788,2.2400,100
40916788219245,11:21:56.788,2.2400,200
40916960229918,11:21:56.960,2.2300,100
40927086885695,11:22:07.086,2.2400,100
40927086885695,11:22:07.086,2.2400,100
40927086885695,11:22:07.086,2.2400,100
40944032733100,11:22:24.032,2.2500,100
40944032733100,11:22:24.032,2.2500,100
40944041959947,11:22:24.041,2.2500,300
40944041959947,11:22:24.041,2.2500,100
40944041959947,11:22:24.041,2.2500,100
41027148497169,11:23:47.148,2.2400,100
41030988439879,11:23:50.988,2.2400,100
41030988439879,11:23:50.988,2.2400,100
41089321750773,11:24:49.321,2.2500,100
41118014002440,11:25:18.014,2.2500,1000
41220124380835,11:27:00.124,2.2500,100
41220124380835,11:27:00.124,2.2500,100
41673564357002,11:34:33.564,2.2500,100
41688170241419,11:34:48.170,2.2500,100
41692041020940,11:34:52.041,2.2500,1100
42230950372275,11:43:50.950,2.2700,100
42519855206702,11:48:39.855,2.2700,5
42519855206702,11:48:39.855,2.2700,100
42519855206702,11:48:39.855,2.2700,100
42519855206702,11:48:39.855,2.2700,195
43117331159976,11:58:37.331,2.2800,100
43117331159976,11:58:37.331,2.2800,100
43264955634500,12:01:04.955,2.2800,100
43264955634500,12:01:04.955,2.2800,100
43264955634500,12:01:04.955,2.2800,100
43264955634500,12:01:04.955,2.2800,100
43264955634500,12:01:04.955,2.2800,100
43264955634500,12:01:04.955,2.2800,100
43264955634500,12:01:04.955,2.2800,100
43395198749412,12:03:15.198,2.2800,100
43395198749412,12:03:15.198,2.2800,100
43395198749412,12:03:15.198,2.2800,100
43402556088417,12:03:22.556,2.2800,100
43407249231438,12:03:27.249,2.2900,100
43860459707578,12:11:00.459,2.3000,100
43860459707578,12:11:00.459,2.3000,100
43860494203127,12:11:00.494,2.3000,700
43860494203127,12:11:00.494,2.3000,100
44129523021311,12:15:29.523,2.3000,50
44129523021311,12:15:29.523,2.3000,100
44131542206123,12:15:31.542,2.3000,100
44131542206123,12:15:31.542,2.3000,100
44133833150795,12:15:33.833,2.3000,100
44133833227018,12:15:33.833,2.3000,100
44136009865316,12:15:36.009,2.3000,100
44136009865316,12:15:36.009,2.3000,100
44136692325645,12:15:36.692,2.2900,100
44136692325645,12:15:36.692,2.2900,100
44136692325645,12:15:36.692,2.2900,100
44136692325645,12:15:36.692,2.2900,100
44136692325645,12:15:36.692,2.2900,200
44138055264236,12:15:38.055,2.2900,100
44140364528367,12:15:40.364,2.2900,100
44152227014851,12:15:52.227,2.3000,200
44193227308807,12:16:33.227,2.3000,100
44318997479875,12:18:38.997,2.3100,100
44351759873969,12:19:11.759,2.3100,100
44751493879667,12:25:51.493,2.3200,100
44751493879667,12:25:51.493,2.3200,100
44967608307993,12:29:27.608,2.3200,100
44967608307993,12:29:27.608,2.3200,100
44967608307993,12:29:27.608,2.3200,100
44970128083200,12:29:30.128,2.3300,100
44970128083200,12:29:30.128,2.3300,100
44970128083200,12:29:30.128,2.3300,200
44970128083200,12:29:30.128,2.3300,100
44973896265720,12:29:33.896,2.3300,50
44973896265720,12:29:33.896,2.3300,100
44973896265720,12:29:33.896,2.3300,100
44973896265720,12:29:33.896,2.3300,100
44973896265720,12:29:33.896,2.3300,5
44973896265720,12:29:33.896,2.3300,345
44977762817794,12:29:37.762,2.3300,100
44977762817794,12:29:37.762,2.3300,100
44977762817794,12:29:37.762,2.3300,200
44977762817794,12:29:37.762,2.3300,100
44985601747625,12:29:45.601,2.3400,400
44988156636369,12:29:48.156,2.3400,100
44988156636369,12:29:48.156,2.3400,100
44988156636369,12:29:48.156,2.3400,100
44988156636369,12:29:48.156,2.3400,400
45380089830474,12:36:20.089,2.3400,100
45380089830474,12:36:20.089,2.3400,100
45380089924168,12:36:20.089,2.3400,100
45481557233717,12:38:01.557,2.3400,54
45481557262940,12:38:01.557,2.3400,46
45487424005872,12:38:07.424,2.3400,100
45487424005872,12:38:07.424,2.3400,100
45487424005872,12:38:07.424,2.3400,1
45494454135337,12:38:14.454,2.3400,100
45501636893616,12:38:21.636,2.3300,100
45501636893616,12:38:21.636,2.3300,100
45501636893616,12:38:21.636,2.3300,300
45515684269364,12:38:35.684,2.3200,100
45562845159355,12:39:22.845,2.3200,100
46425343229040,12:53:45.343,2.3300,1
46603628621209,12:56:43.628,2.3300,99
46603628621209,12:56:43.628,2.3300,100
46603628621209,12:56:43.628,2.3300,1
46603628621209,12:56:43.628,2.3300,100
46603628621209,12:56:43.628,2.3300,100
46603642537454,12:56:43.642,2.3300,100
46743216229661,12:59:03.216,2.3300,100
46792601416545,12:59:52.601,2.3300,100
47251279970725,13:07:31.279,2.3300,100
47251288663616,13:07:31.288,2.3300,100
47251288663616,13:07:31.288,2.3300,100
47462549613745,13:11:02.549,2.3200,100
47462550038965,13:11:02.550,2.3200,100
47462550038965,13:11:02.550,2.3200,100
47462550038965,13:11:02.550,2.3200,100
47505067682242,13:11:45.067,2.3000,100
47505067682242,13:11:45.067,2.3000,100
47505067682242,13:11:45.067,2.3000,100
47505067682242,13:11:45.067,2.3000,100
47505067682242,13:11:45.067,2.3000,400
47515028857225,13:11:55.028,2.3000,5
47515028857225,13:11:55.028,2.3000,1
47515028857225,13:11:55.028,2.3000,100
47515028857225,13:11:55.028,2.3000,100
47515030218881,13:11:55.030,2.3000,100
47515030218881,13:11:55.030,2.3000,94
47515041935932,13:11:55.041,2.3000,100
47517043953235,13:11:57.043,2.3000,100
47852660736395,13:17:32.660,2.3000,100
47852660736395,13:17:32.660,2.3000,100
47852660736395,13:17:32.660,2.3000,100
48425242150847,13:27:05.242,2.3000,1
48425242150847,13:27:05.242,2.3000,100
48679214459215,13:31:19.214,2.3000,100
48679214459215,13:31:19.214,2.3000,100
49126283254066,13:38:46.283,2.2900,100
49126283254066,13:38:46.283,2.2900,100
49126283254066,13:38:46.283,2.2900,100
49126283254066,13:38:46.283,2.2900,100
49145647316194,13:39:05.647,2.2800,100
49145647316194,13:39:05.647,2.2800,100
49413096766956,13:43:33.096,2.2800,100
50055029010433,13:54:15.029,2.2800,100
50378152840167,13:59:38.152,2.2800,100
50378152840167,13:59:38.152,2.2800,1
50409478630711,14:00:09.478,2.2900,5
50417627228047,14:00:17.627,2.3000,100
50439167482535,14:00:39.167,2.2900,100
50439167482535,14:00:39.167,2.2900,100
50439167482535,14:00:39.167,2.2900,100
50439655317518,14:00:39.655,2.2800,100
50447059903825,14:00:47.059,2.2800,100
50447059903825,14:00:47.059,2.2800,100
50447059903825,14:00:47.059,2.2800,1100
50447059903825,14:00:47.059,2.2800,100
50518790814956,14:01:58.790,2.2900,100
50805482516015,14:06:45.482,2.3300,100
50805482516015,14:06:45.482,2.3300,1
50805482516015,14:06:45.482,2.3300,1
50805482516015,14:06:45.482,2.3300,1
50805482516015,14:06:45.482,2.3300,100
50805482516015,14:06:45.482,2.3300,100
50805482516015,14:06:45.482,2.3300,197
50999154400432,14:09:59.154,2.3200,100
50999154437469,14:09:59.154,2.3200,100
50999154437469,14:09:59.154,2.3200,100
51006971562507,14:10:06.971,2.3200,7
51251598927473,14:14:11.598,2.3300,50
51251598927473,14:14:11.598,2.3300,50
51251599005122,14:14:11.599,2.3300,50
51251599005122,14:14:11.599,2.3300,1
51251599005122,14:14:11.599,2.3300,2
51251599005122,14:14:11.599,2.3300,100
51251599005122,14:14:11.599,2.3300,100
51251600019810,14:14:11.600,2.3300,100
51291282496617,14:14:51.282,2.3400,50
51349322166765,14:15:49.322,2.3500,100
51349322166765,14:15:49.322,2.3500,200
51972050770511,14:26:12.050,2.3600,100
51972074047860,14:26:12.074,2.3500,1
52173993059129,14:29:33.993,2.3600,100
52173993059129,14:29:33.993,2.3600,100
52173993059129,14:29:33.993,2.3600,100
52173993059129,14:29:33.993,2.3600,1
52173993059129,14:29:33.993,2.3600,100
52173993059129,14:29:33.993,2.3600,199
52227518008769,14:30:27.518,2.3600,100
52431111732761,14:33:51.111,2.3700,150
52431111732761,14:33:51.111,2.3700,50
52431111776070,14:33:51.111,2.3700,100
52518501148195,14:35:18.501,2.3700,100
52518501671476,14:35:18.501,2.3700,700
52518501697468,14:35:18.501,2.3700,50
52518501697468,14:35:18.501,2.3700,1
52518501697468,14:35:18.501,2.3700,1
52518501697468,14:35:18.501,2.3700,1
53116232550032,14:45:16.232,2.3800,100
53116232550032,14:45:16.232,2.3800,100
53116232550032,14:45:16.232,2.3800,100
53116259390008,14:45:16.259,2.3700,100
53116259390008,14:45:16.259,2.3700,100
53229421298022,14:47:09.421,2.3800,171
53229421298022,14:47:09.421,2.3800,100
53229421298022,14:47:09.421,2.3800,100
53229421298022,14:47:09.421,2.3800,29
53229421325655,14:47:09.421,2.3800,71
54155199895605,15:02:35.199,2.4000,150
54155199895605,15:02:35.199,2.4000,100
54155199895605,15:02:35.199,2.4000,100
54155199895605,15:02:35.199,2.4000,1
54155199895605,15:02:35.199,2.4000,1
54155199895605,15:02:35.199,2.4000,100
54155199895605,15:02:35.199,2.4000,800
54155199895605,15:02:35.199,2.4000,200
54155199895605,15:02:35.199,2.4000,100
54155204774446,15:02:35.204,2.4000,100
54164107154883,15:02:44.107,2.4100,100
54167862891088,15:02:47.862,2.4100,100
54167862891088,15:02:47.862,2.4100,200
54662135876145,15:11:02.135,2.4000,100
54662166521125,15:11:02.166,2.4000,100
54662166521125,15:11:02.166,2.4000,100
54662183440508,15:11:02.183,2.4000,100
54662183440508,15:11:02.183,2.4000,80
54680472510511,15:11:20.472,2.4000,100
54680472510511,15:11:20.472,2.4000,100
55628630749808,15:27:08.630,2.3700,100
55646808938668,15:27:26.808,2.3800,100
55659109931765,15:27:39.109,2.3800,100
55695757632534,15:28:15.757,2.3900,100
55753662095804,15:29:13.662,2.3900,10
55753662095804,15:29:13.662,2.3900,90
55862382709040,15:31:02.382,2.3800,100
55862382709040,15:31:02.382,2.3800,100
55862382709040,15:31:02.382,2.3800,100
55862382824170,15:31:02.382,2.3800,100
55877775332390,15:31:17.775,2.3800,5
55877775332390,15:31:17.775,2.3800,2
55877775332390,15:31:17.775,2.3800,1
55952057711322,15:32:32.057,2.3800,100
56055645763303,15:34:15.645,2.3800,100
56055645763303,15:34:15.645,2.3800,100
56162703024330,15:36:02.703,2.3800,95
56191295910825,15:36:31.295,2.3800,100
56729655351400,15:45:29.655,2.3700,100
56804998644471,15:46:44.998,2.3800,100
56804998644471,15:46:44.998,2.3800,100
56804998644471,15:46:44.998,2.3800,100
56804998644471,15:46:44.998,2.3800,100
56804998644471,15:46:44.998,2.3800,100
56804998644471,15:46:44.998,2.3800,100
56805704499157,15:46:45.704,2.3900,100
56806023637591,15:46:46.023,2.4000,100
56806023637591,15:46:46.023,2.4000,100
56806023637591,15:46:46.023,2.4000,200
56806025183381,15:46:46.025,2.4000,100
56806025898396,15:46:46.025,2.4000,100
56806025898396,15:46:46.025,2.4000,100
56806026390464,15:46:46.026,2.4000,100
56806026390464,15:46:46.026,2.4000,100
56924005994524,15:48:44.005,2.4000,100
56924005994524,15:48:44.005,2.4000,200
57010444351755,15:50:10.444,2.4000,400
57010444351755,15:50:10.444,2.4000,100
57010589821841,15:50:10.589,2.3900,100
57044747958040,15:50:44.747,2.3900,100
57044748268558,15:50:44.748,2.3900,1
57045447933118,15:50:45.447,2.4000,100
57045448518493,15:50:45.448,2.4000,100
57123957798534,15:52:03.957,2.4000,23
57163958952748,15:52:43.958,2.4000,9
57183945836348,15:53:03.945,2.4000,62
57183945836348,15:53:03.945,2.4000,38
57184949014365,15:53:04.949,2.3950,100
57196702763462,15:53:16.702,2.4000,94
57200652939599,15:53:20.652,2.4000,6
57200652939599,15:53:20.652,2.4000,194
57200652955651,15:53:20.652,2.4000,6
57205820611459,15:53:25.820,2.4000,100
57205820611459,15:53:25.820,2.4000,100
57205820611459,15:53:25.820,2.4000,200
57205820611459,15:53:25.820,2.4000,100
57205822226010,15:53:25.822,2.4000,300
57205822226010,15:53:25.822,2.4000,100
57206582814643,15:53:26.582,2.4000,100
57217772098481,15:53:37.772,2.4000,100
57217772098481,15:53:37.772,2.4000,100
57232221338593,15:53:52.221,2.4000,100
57232221338593,15:53:52.221,2.4000,100
57243225031223,15:54:03.225,2.4000,100
57243225031223,15:54:03.225,2.4000,100
57375597787479,15:56:15.597,2.4000,100
57375597787479,15:56:15.597,2.4000,100
57375597787479,15:56:15.597,2.4000,100
57375597787479,15:56:15.597,2.4000,150
57375597787479,15:56:15.597,2.4000,50
57375598339626,15:56:15.598,2.4000,34
57408313415630,15:56:48.313,2.3900,100
57408314955625,15:56:48.314,2.3900,61
57408317471984,15:56:48.317,2.3900,39
57408317471984,15:56:48.317,2.3900,100
57408317471984,15:56:48.317,2.3900,100
57483271170554,15:58:03.271,2.3900,100
57483271170554,15:58:03.271,2.3900,100
57483271170554,15:58:03.271,2.3900,100
57483271170554,15:58:03.271,2.3900,100
57483271170554,15:58:03.271,2.3900,100
57483271170554,15:58:03.271,2.3900,800
57483271202500,15:58:03.271,2.3900,52
57483273557939,15:58:03.273,2.3900,100
57483273557939,15:58:03.273,2.3900,100
57483273557939,15:58:03.273,2.3900,100
57483281777838,15:58:03.281,2.3900,58
57496855274964,15:58:16.855,2.4000,10
57508690599207,15:58:28.690,2.3900,82
57523867425687,15:58:43.867,2.3900,100
57542147372719,15:59:02.147,2.3900,118
57542147372719,15:59:02.147,2.3900,67
57542147372719,15:59:02.147,2.3900,134
57542147372719,15:59:02.147,2.3900,266
57542147372719,15:59:02.147,2.3900,15
57542147426614,15:59:02.147,2.3900,85
57548165785703,15:59:08.165,2.3850,852
57548165785703,15:59:08.165,2.3850,1704
57548165785703,15:59:08.165,2.3900,200
57548165785703,15:59:08.165,2.3900,100
57548165785703,15:59:08.165,2.3900,100
57548165785703,15:59:08.165,2.3900,210
57548165785703,15:59:08.165,2.3900,200
57548167906042,15:59:08.167,2.3900,200
57548167906042,15:59:08.167,2.3900,100
57548170661687,15:59:08.170,2.3900,200
57548170661687,15:59:08.170,2.3900,100
57548173425912,15:59:08.173,2.3900,200
57549323776646,15:59:09.323,2.3900,5
57575700459814,15:59:35.700,2.3950,96
57582260388946,15:59:42.260,2.3950,756
57582260388946,15:59:42.260,2.4000,100
57582260388946,15:59:42.260,2.4000,3624
57582260418003,15:59:42.260,2.4000,40
57582260526085,15:59:42.260,2.4000,136
57582260526085,15:59:42.260,2.4000,40
57595507309330,15:59:55.507,2.3900,1
57600500536882,16:00:00.500,2.3900,32064
58812123777302,16:20:12.123,2.4000,1
