timestamp,time,price,volume
34200275206257,09:30:00.275,27.3300,410
34202786081698,09:30:02.786,27.3000,15
34343168099840,09:32:23.168,27.5500,100
34568759814861,09:36:08.759,27.4500,12
34713138926635,09:38:33.138,27.5700,100
34871133482342,09:41:11.133,27.3000,28
34871174520310,09:41:11.174,27.3300,85
34871174538342,09:41:11.174,27.3300,15
34871174920967,09:41:11.174,27.3100,30
34871174920967,09:41:11.174,27.3000,520
34871174959543,09:41:11.174,27.3000,288
34871175227377,09:41:11.175,27.3000,629
34871175261916,09:41:11.175,27.3000,20
34886738082882,09:41:26.738,27.3300,30
34994258505810,09:43:14.258,27.3850,100
35038512191030,09:43:58.512,27.3500,100
35098279445014,09:44:58.279,27.3500,66
35098814469245,09:44:58.814,27.3500,34
35124742225741,09:45:24.742,27.3200,100
35254001668694,09:47:34.001,27.3050,100
35319000494130,09:48:39.000,27.2750,100
35366985964871,09:49:26.985,27.1600,100
35366987026287,09:49:26.987,27.1600,100
35366987398134,09:49:26.987,27.1500,100
35366987436206,09:49:26.987,27.1500,27
35366987448844,09:49:26.987,27.1500,1273
35494241723788,09:51:34.241,26.7800,50
35587091535443,09:53:07.091,26.7750,100
35643497911961,09:54:03.497,26.7500,100
35723877712310,09:55:23.877,26.7600,100
35724642054187,09:55:24.642,26.8400,100
35724642163537,09:55:24.642,26.8400,100
35724654958203,09:55:24.654,26.8500,100
35724654958203,09:55:24.654,26.8500,100
35724655009819,09:55:24.655,26.9200,92
35724655020381,09:55:24.655,26.9200,73
35737747637488,09:55:37.747,26.9400,100
35837225197081,09:57:17.225,26.9400,100
35837225773189,09:57:17.225,26.8700,100
35837225802883,09:57:17.225,26.8600,100
35837226400024,09:57:17.226,26.8700,100
35837226448433,09:57:17.226,26.8400,100
35941450278052,09:59:01.450,26.7500,100
35941457006079,09:59:01.457,26.7900,100
35941457006079,09:59:01.457,26.8400,100
35941457663871,09:59:01.457,26.8400,100
35941457686642,09:59:01.457,26.8400,100
36071679298433,10:01:11.679,26.7500,100
36096112136514,10:01:36.112,26.8600,5
36198799839206,10:03:18.799,26.8250,100
36586881632346,10:09:46.881,26.7500,100
36586881632346,10:09:46.881,26.7900,29
36586881673701,10:09:46.881,26.7900,71
36586881673701,10:09:46.881,26.7900,29
36623497559239,10:10:23.497,26.7900,90
36623497573269,10:10:23.497,26.7900,10
37097914002158,10:18:17.914,26.6500,70
37097914065884,10:18:17.914,26.6400,100
37097914084132,10:18:17.914,26.6400,1
37097914445106,10:18:17.914,26.6400,100
37097914718814,10:18:17.914,26.5900,60
37097914721330,10:18:17.914,26.5900,40
37166593930943,10:19:26.593,26.4400,3
37561721915216,10:26:01.721,26.6000,7
37628423840265,10:27:08.423,26.6000,7
37628423840265,10:27:08.423,26.6100,93
38046926356690,10:34:06.926,26.5100,100
38046926356690,10:34:06.926,26.5100,150
38160267164746,10:36:00.267,26.5100,50
38160267203963,10:36:00.267,26.5100,19
38160267534531,10:36:00.267,26.5100,31
38167379570140,10:36:07.379,26.5100,100
38211957829000,10:36:51.957,26.5400,100
38211957959747,10:36:51.957,26.6100,100
38221912538725,10:37:01.912,26.5200,100
38221912637485,10:37:01.912,26.5200,100
38221912637485,10:37:01.912,26.5200,100
38221912637485,10:37:01.912,26.5200,100
38221912675461,10:37:01.912,26.5200,29
39331224734720,10:55:31.224,26.5900,100
39331224734720,10:55:31.224,26.5900,100
39434761964981,10:57:14.761,26.6000,100
39434762517993,10:57:14.762,26.6000,100
39434769962617,10:57:14.769,26.5800,300
39434769996967,10:57:14.769,26.5800,29
39434770019036,10:57:14.770,26.5800,171
39434770455064,10:57:14.770,26.5300,100
39434771436652,10:57:14.771,26.4900,1
39434771436652,10:57:14.771,26.4900,100
39669342628998,11:01:09.342,26.4000,100
39669699364274,11:01:09.699,26.5200,100
39716301530302,11:01:56.301,26.4300,100
39738237774279,11:02:18.237,26.4700,100
39765298669611,11:02:45.298,26.4600,100
39802321354270,11:03:22.321,26.4000,100
39810316337360,11:03:30.316,26.4500,100
40028085389732,11:07:08.085,26.6500,100
40302929259829,11:11:42.929,26.6400,100
40515964603921,11:15:15.964,26.7400,100
40515965741531,11:15:15.965,26.7400,8
40515965741531,11:15:15.965,26.8000,92
40515965785185,11:15:15.965,26.7500,100
40515967367760,11:15:15.967,26.8000,8
40515974600272,11:15:15.974,26.8100,100
40515974600272,11:15:15.974,26.8100,100
40515982222403,11:15:15.982,26.9700,100
40515993830739,11:15:15.993,27.0000,100
40515994789568,11:15:15.994,27.0000,125
40515997872999,11:15:15.997,27.0000,100
40516004316854,11:15:16.004,27.0100,300
40516004316854,11:15:16.004,27.0100,100
40516004316854,11:15:16.004,27.0100,100
40516004316854,11:15:16.004,27.0100,100
40516004391824,11:15:16.004,27.0100,22
40516333366592,11:15:16.333,27.0200,100
40523392922249,11:15:23.392,26.8650,100
40526333754950,11:15:26.333,27.0500,100
40526333754950,11:15:26.333,27.0500,100
40529334215909,11:15:29.334,27.0400,100
40529334215909,11:15:29.334,27.0500,100
40548937500319,11:15:48.937,27.0000,100
40549938380817,11:15:49.938,27.0000,100
40550939294064,11:15:50.939,27.0000,100
40614008528522,11:16:54.008,27.0050,100
40614008557887,11:16:54.008,26.9700,100
40614009171929,11:16:54.009,26.9600,6
40614009256646,11:16:54.009,26.9600,94
40619607424394,11:16:59.607,26.9500,100
41257362673654,11:27:37.362,26.8950,100
41307968765464,11:28:27.968,26.9500,100
41403282013913,11:30:03.282,26.9900,100
41460461217105,11:31:00.461,26.9400,100
41460461217105,11:31:00.461,26.9400,100
41460461217105,11:31:00.461,26.9400,100
41460461217105,11:31:00.461,26.9400,100
41461462221294,11:31:01.462,26.9400,100
42131612959738,11:42:11.612,26.8450,100
42687494732623,11:51:27.494,26.8000,200
42687495559646,11:51:27.495,26.8000,29
42687495600235,11:51:27.495,26.8000,11
42741248178105,11:52:21.248,26.8000,29
42764400888321,11:52:44.400,26.7500,100
42808627517615,11:53:28.627,26.8250,100
42823844694166,11:53:43.844,26.8200,100
42823845224307,11:53:43.845,26.8200,300
42823846624871,11:53:43.846,26.7800,100
42858083142026,11:54:18.083,26.7850,100
43253253887989,12:00:53.253,26.7850,200
43314760451232,12:01:54.760,26.7100,100
43314760451232,12:01:54.760,26.7000,107
43330127549069,12:02:10.127,26.7000,58
43330127627183,12:02:10.127,26.7000,235
43330127627183,12:02:10.127,26.7000,100
43727891298577,12:08:47.891,26.6500,100
43727891298577,12:08:47.891,26.6400,100
43955773753559,12:12:35.773,26.7300,100
43958076292537,12:12:38.076,26.7500,100
43967432543909,12:12:47.432,26.7650,100
43989869756874,12:13:09.869,26.7600,100
44000490827868,12:13:20.490,26.7400,100
44001465868409,12:13:21.465,26.7300,100
44001479046340,12:13:21.479,26.7500,100
44001479046340,12:13:21.479,26.7500,100
44001482009663,12:13:21.482,26.7600,2800
44010702277551,12:13:30.702,26.7500,100
44018702570412,12:13:38.702,26.7600,100
44028703073628,12:13:48.703,26.7900,100
44028704697703,12:13:48.704,26.8000,160
44028704697703,12:13:48.704,26.8000,100
44225236013394,12:17:05.236,26.8900,25
44242317584129,12:17:22.317,26.9100,100
44260125507264,12:17:40.125,26.8600,100
44438256432825,12:20:38.256,26.8900,100
44438256460154,12:20:38.256,26.9200,100
44447720467407,12:20:47.720,27.0700,100
44458322611607,12:20:58.322,26.9100,100
44458322670215,12:20:58.322,26.9000,34
44458322677325,12:20:58.322,26.9000,55
44458323015142,12:20:58.323,26.9000,11
44458323044178,12:20:58.323,26.9200,100
44458323114488,12:20:58.323,26.9200,100
44458323182600,12:20:58.323,26.9200,100
44458323216326,12:20:58.323,26.9200,27
44458323264100,12:20:58.323,26.9200,73
44458338115969,12:20:58.338,26.8900,11
44458360149291,12:20:58.360,26.8900,11
44458360193202,12:20:58.360,26.8900,11
44458360237308,12:20:58.360,26.8900,11
44458360279431,12:20:58.360,26.8900,11
44458360320019,12:20:58.360,26.8900,11
44458360360331,12:20:58.360,26.8900,11
44458360400832,12:20:58.360,26.8900,11
44458360441150,12:20:58.360,26.8900,11
44458360482072,12:20:58.360,26.8900,1
44458360482072,12:20:58.360,26.8900,10
44458360525227,12:20:58.360,26.8900,11
44458360567519,12:20:58.360,26.8900,11
44458360608499,12:20:58.360,26.8900,11
44458360647678,12:20:58.360,26.8900,11
44458360687889,12:20:58.360,26.8900,11
44458360727633,12:20:58.360,26.8900,11
44458360768619,12:20:58.360,26.8900,11
44458360809513,12:20:58.360,26.8900,11
44458360849954,12:20:58.360,26.8900,2
44458360849954,12:20:58.360,26.8900,9
44458360892494,12:20:58.360,26.8900,11
44458360932645,12:20:58.360,26.8900,11
44458360973722,12:20:58.360,26.8900,11
44458361013434,12:20:58.361,26.8900,11
44458361053237,12:20:58.361,26.8900,11
44458361093943,12:20:58.361,26.8900,11
44458361134333,12:20:58.361,26.8900,11
44458361175339,12:20:58.361,26.9000,11
44613241382168,12:23:33.241,27.0800,100
44619112560508,12:23:39.112,26.9300,1
44619112621387,12:23:39.112,26.9300,35
44673331121080,12:24:33.331,26.9000,65
44673331121080,12:24:33.331,26.9300,65
44673331121080,12:24:33.331,26.9700,70
45197237872774,12:33:17.237,26.8700,100
45580380865961,12:39:40.380,26.8200,100
45587332800046,12:39:47.332,26.7600,48
45589735595834,12:39:49.735,26.7600,52
45589736784833,12:39:49.736,26.7500,24
45589736834759,12:39:49.736,26.7500,76
45589736834759,12:39:49.736,26.7500,93
45589736844643,12:39:49.736,26.7500,7
45592284073661,12:39:52.284,26.7500,100
45592284509959,12:39:52.284,26.7500,100
45592285295089,12:39:52.285,26.7500,100
45611401099836,12:40:11.401,26.7500,100
45614570677128,12:40:14.570,26.7800,100
45616409805833,12:40:16.409,26.7800,100
45639734987495,12:40:39.734,26.7650,100
45641261419910,12:40:41.261,26.8700,100
45642923305129,12:40:42.923,26.8800,100
45642923305129,12:40:42.923,26.8800,100
45674112342407,12:41:14.112,26.9100,100
45674118177015,12:41:14.118,26.8700,40
45674118220088,12:41:14.118,26.8700,100
45674118564381,12:41:14.118,26.8700,160
45675119502058,12:41:15.119,26.8700,160
45700913262052,12:41:40.913,26.8700,140
45700913262052,12:41:40.913,26.8700,60
45700913594903,12:41:40.913,26.8700,40
45701914593388,12:41:41.914,26.8700,100
45702915557728,12:41:42.915,26.8700,100
45715816624316,12:41:55.816,26.8700,400
45799770707897,12:43:19.770,26.8700,70
45804365650881,12:43:24.365,26.8700,900
45804365944949,12:43:24.365,26.8700,600
45824626958266,12:43:44.626,26.8300,100
45824626996288,12:43:44.626,26.8300,100
45824627045348,12:43:44.627,26.8300,100
45826593486161,12:43:46.593,26.8300,100
45848520543490,12:44:08.520,26.8300,100
45848520995705,12:44:08.520,26.8300,100
45848520995705,12:44:08.520,26.8300,200
45850971031027,12:44:10.971,26.8300,100
45850971130441,12:44:10.971,26.8300,24
45850971180987,12:44:10.971,26.8300,76
45860640770874,12:44:20.640,26.7600,100
45898355141246,12:44:58.355,26.8400,500
45968596851788,12:46:08.596,26.8000,100
45993846037804,12:46:33.846,26.7600,100
46066403192013,12:47:46.403,26.9400,100
46154992038086,12:49:14.992,27.0000,300
46154992038086,12:49:14.992,27.0000,100
46155993082367,12:49:15.993,27.0000,2
46169432215582,12:49:29.432,27.0000,100
46185200895989,12:49:45.200,27.0000,100
46186038877032,12:49:46.038,27.0000,36
46186336403674,12:49:46.336,27.0000,62
46186336403674,12:49:46.336,27.0000,38
46187395068009,12:49:47.395,27.0200,100
46187395160542,12:49:47.395,27.0600,100
46206498388306,12:50:06.498,26.9400,700
46214562188884,12:50:14.562,27.0000,3
46214562572821,12:50:14.562,27.0000,100
46214562645678,12:50:14.562,27.0000,10
46222408069040,12:50:22.408,27.0200,14
46222408082477,12:50:22.408,27.0200,103
46234764503471,12:50:34.764,27.1000,100
46253994595588,12:50:53.994,27.0700,200
46273784519962,12:51:13.784,27.1400,4200
46273796262543,12:51:13.796,27.1000,100
46287289255138,12:51:27.289,27.0900,100
46293480794102,12:51:33.480,27.0700,300
46314286993300,12:51:54.286,27.0700,100
46314896035135,12:51:54.896,27.0700,200
46314896035135,12:51:54.896,27.0700,100
46430867218295,12:53:50.867,26.9500,10
46432547125252,12:53:52.547,26.9400,100
46432547162852,12:53:52.547,26.9400,100
46432548635246,12:53:52.548,26.9300,1
46436107304388,12:53:56.107,26.9400,100
46459673620600,12:54:19.673,26.7500,10
46477197448704,12:54:37.197,26.7400,10
46480598442776,12:54:40.598,26.8450,100
46482627232323,12:54:42.627,26.7700,10
46506998265143,12:55:06.998,26.9500,50
46506998265143,12:55:06.998,26.9700,50
46506998305292,12:55:06.998,26.9700,50
46512937391086,12:55:12.937,26.9300,10
46633014510936,12:57:13.014,26.8400,2000
46673214822983,12:57:53.214,26.8700,100
46673214843229,12:57:53.214,26.8500,155
46673214863510,12:57:53.214,26.8500,52
46673214877001,12:57:53.214,26.9200,100
46673214912022,12:57:53.214,26.8500,93
46674241935816,12:57:54.241,26.8500,100
46681231372024,12:58:01.231,26.8900,100
46682234462948,12:58:02.234,26.9200,10
46686386862221,12:58:06.386,26.8900,100
46699228378066,12:58:19.228,26.9000,100
46699232145028,12:58:19.232,26.9600,100
47201452037799,13:06:41.452,27.0250,100
47201454401838,13:06:41.454,27.0300,100
47739777513801,13:15:39.777,27.0700,100
48034220316497,13:20:34.220,27.0300,500
48034220388180,13:20:34.220,27.0300,200
48034220388180,13:20:34.220,27.0300,100
48035221337932,13:20:35.221,27.0300,100
48042413645948,13:20:42.413,27.0300,200
48042413645948,13:20:42.413,27.0300,1
48086888192603,13:21:26.888,26.9300,100
48088729652450,13:21:28.729,26.9800,100
48090068084685,13:21:30.068,26.9500,50
48140701774876,13:22:20.701,27.0400,300
48157972661897,13:22:37.972,27.0400,97
48157972699589,13:22:37.972,27.0400,91
48157972707978,13:22:37.972,27.0400,48
48519433676645,13:28:39.433,27.0400,64
48519433960773,13:28:39.433,27.0350,100
48559879394989,13:29:19.879,27.0200,630
48590829255619,13:29:50.829,27.0700,14
48618817051057,13:30:18.817,27.0450,100
48618817051057,13:30:18.817,27.0600,500
48629375245290,13:30:29.375,27.0000,3
48629375245290,13:30:29.375,27.0000,97
49291308669446,13:41:31.308,27.0300,100
49291311006863,13:41:31.311,27.0300,100
49291312172762,13:41:31.312,27.0300,100
49291312172762,13:41:31.312,27.0300,3
49291312172762,13:41:31.312,27.0300,97
49291312278952,13:41:31.312,27.0300,3
49291327928365,13:41:31.327,27.0200,7
49291327928365,13:41:31.327,27.0200,293
49291327981095,13:41:31.327,27.0200,100
49291328002209,13:41:31.328,27.0200,100
49291328369732,13:41:31.328,27.0200,7
49292329335145,13:41:32.329,27.0100,100
50285888477285,13:58:05.888,26.9500,100
50285888559650,13:58:05.888,26.9500,100
50285888585170,13:58:05.888,26.9500,90
50285888918010,13:58:05.888,26.9500,10
50285889521858,13:58:05.889,26.9300,1
50286890314654,13:58:06.890,26.9500,36
50286890319298,13:58:06.890,26.9500,94
50286890371778,13:58:06.890,26.9500,70
50286890432719,13:58:06.890,26.8700,100
52146970669864,14:29:06.970,26.9600,4
52146970739215,14:29:06.970,26.8500,100
52838141148897,14:40:38.141,26.8500,7
52838258002311,14:40:38.258,26.8200,1
53341111515657,14:49:01.111,26.7400,134
53341111595354,14:49:01.111,26.7400,166
53342112563763,14:49:02.112,26.7300,35
53342112623334,14:49:02.112,26.7400,265
53357533534337,14:49:17.533,26.7750,100
53373416767004,14:49:33.416,26.8000,80
53373416767004,14:49:33.416,26.8000,20
53375291035536,14:49:35.291,26.8000,80
53375291035536,14:49:35.291,26.8100,20
53375291068319,14:49:35.291,26.8100,80
53375291068319,14:49:35.291,26.8100,20
53375291330632,14:49:35.291,26.8100,61
53375291371382,14:49:35.291,26.8100,19
53649680761783,14:54:09.680,26.9300,20
53682165750011,14:54:42.165,26.9350,100
53711178422062,14:55:11.178,26.9700,10
53711178422062,14:55:11.178,26.9700,90
53716553670885,14:55:16.553,26.9500,100
53716553711573,14:55:16.553,26.9500,200
53717554702097,14:55:17.554,26.8500,100
53717554779493,14:55:17.554,26.9500,100
53717554782704,14:55:17.554,26.9500,100
53718557370141,14:55:18.557,26.9500,10
53892682907679,14:58:12.682,27.1000,1
53892682907679,14:58:12.682,27.1000,1
53892682907679,14:58:12.682,27.1000,1
53902647046773,14:58:22.647,27.0700,100
53902647487343,14:58:22.647,27.0700,400
53902647806527,14:58:22.647,27.0600,4
53902647858677,14:58:22.647,27.0600,96
53903648285103,14:58:23.648,27.0700,45
54410197057835,15:06:50.197,26.9950,100
54560788123286,15:09:20.788,26.9750,100
54723858070830,15:12:03.858,26.9300,1
54723858142268,15:12:03.858,26.9200,4
54723858195560,15:12:03.858,26.9100,3
54723858195560,15:12:03.858,26.9100,97
54723858205338,15:12:03.858,26.9100,3
54723858853112,15:12:03.858,26.9100,20
54724859263859,15:12:04.859,26.9100,100
54787097838012,15:13:07.097,26.8800,1
55470404136091,15:24:30.404,26.7700,31
55532598165404,15:25:32.598,26.7000,32
55588006372912,15:26:28.006,26.7500,100
55588006410124,15:26:28.006,26.7500,40
55588007621150,15:26:28.007,26.7500,100
55589628003392,15:26:29.628,26.8300,20
55599284251131,15:26:39.284,26.8800,100
55615834106855,15:26:55.834,26.9200,15
55615834155958,15:26:55.834,26.9200,22
55615921994373,15:26:55.921,26.7800,100
55622114094869,15:27:02.114,26.9100,4
55622114094869,15:27:02.114,26.9100,96
55631029917820,15:27:11.029,26.8450,100
55675030440349,15:27:55.030,26.8500,100
55675030944432,15:27:55.030,26.8500,1
55675030946995,15:27:55.030,26.8500,1
55675030948330,15:27:55.030,26.8500,1
55675030950955,15:27:55.030,26.8500,1
55675030952222,15:27:55.030,26.8500,1
55675030957005,15:27:55.030,26.8500,1
55675030958513,15:27:55.030,26.8500,1
55675030960338,15:27:55.030,26.8500,1
55675031631847,15:27:55.031,26.8500,192
55992017779577,15:33:12.017,26.8500,265
55992017841276,15:33:12.017,26.8500,100
55992017857622,15:33:12.017,26.8500,35
55993018568367,15:33:13.018,26.8500,8
56139127897624,15:35:39.127,26.7700,100
56143609703775,15:35:43.609,26.7500,100
56190158623975,15:36:30.158,26.7500,100
56203067403014,15:36:43.067,26.7600,100
56203067403014,15:36:43.067,26.7700,92
56203067403014,15:36:43.067,26.7700,100
56203067403014,15:36:43.067,26.7700,8
56203067446972,15:36:43.067,26.7700,30
56203067467617,15:36:43.067,26.7700,59
56256359079279,15:37:36.359,26.7700,40
56261859519829,15:37:41.859,26.7500,100
56271440031185,15:37:51.440,26.7200,80
56661772678212,15:44:21.772,26.8450,100
56700078474724,15:45:00.078,26.7800,65
56700078542602,15:45:00.078,26.7650,100
56700078615769,15:45:00.078,26.7800,35
56700078904260,15:45:00.078,26.7700,65
56700079398043,15:45:00.079,26.7500,100
56700079433757,15:45:00.079,26.7400,148
56700079443364,15:45:00.079,26.7400,30
56700099596110,15:45:00.099,26.7700,10
56785276406015,15:46:25.276,26.7700,100
56785281316748,15:46:25.281,26.7900,10
56785281402186,15:46:25.281,26.7900,46
56785281719118,15:46:25.281,26.7900,44
56935441393839,15:48:55.441,26.7700,100
56941575342896,15:49:01.575,26.7500,100
56941575342896,15:49:01.575,26.7400,22
56973488765638,15:49:33.488,26.7500,100
56974890730501,15:49:34.890,26.6800,100
57018467906755,15:50:18.467,26.6900,40
57018478305635,15:50:18.478,26.6900,20
57043329466774,15:50:43.329,26.7200,100
57043329466774,15:50:43.329,26.7200,10
57043329466774,15:50:43.329,26.7200,90
57043329508322,15:50:43.329,26.7200,10
57172169147227,15:52:52.169,26.8500,20
57246700710844,15:54:06.700,26.8400,131
57246700744950,15:54:06.700,26.8400,150
57246700789364,15:54:06.700,26.8400,19
57266141410367,15:54:26.141,26.8500,20
57300182287394,15:55:00.182,26.9300,100
57300182289947,15:55:00.182,26.9300,9
57300261640582,15:55:00.261,26.9300,20
57301704272274,15:55:01.704,26.9900,100
57314623576373,15:55:14.623,26.8800,4
57322901712211,15:55:22.901,26.9800,61
57322901792560,15:55:22.901,26.9900,139
57322902105550,15:55:22.902,26.9800,139
57322902178468,15:55:22.902,26.9900,60
57329503361205,15:55:29.503,26.8800,100
57379106446064,15:56:19.106,26.9200,100
57389047208132,15:56:29.047,26.9800,100
57402369225964,15:56:42.369,26.9100,20
57462902925594,15:57:42.902,26.9500,100
57484773622638,15:58:04.773,26.9600,20
57486404790141,15:58:06.404,26.9500,200
57486404790141,15:58:06.404,26.9500,47
57486404790141,15:58:06.404,26.9500,13
57486404790141,15:58:06.404,26.9500,24
57486404790141,15:58:06.404,26.9500,33
57502637695708,15:58:22.637,26.8500,20
57509206226688,15:58:29.206,26.8500,20
57538110316076,15:58:58.110,26.9300,100
57542110376921,15:59:02.110,26.9300,20
57542110376921,15:59:02.110,26.9400,80
57569648383862,15:59:29.648,26.8800,20
57580301427679,15:59:40.301,26.9400,18
57580301850892,15:59:40.301,26.9400,40
57581100917828,15:59:41.100,26.9700,85
57581100917828,15:59:41.100,26.9800,20
57581100917828,15:59:41.100,26.9800,20
57581100917828,15:59:41.100,26.9900,74
57582264766424,15:59:42.264,26.9400,14
57582264766424,15:59:42.264,26.9400,55
57582264766424,15:59:42.264,26.9000,31
57588385176029,15:59:48.385,26.9700,100
57588385176029,15:59:48.385,26.9700,100
57588385176029,15:59:48.385,26.9700,2
57588715341826,15:59:48.715,26.9100,18
57588715341826,15:59:48.715,26.9100,2
57590491724499,15:59:50.491,26.9200,61
57594124090532,15:59:54.124,26.9200,4
57594124090532,15:59:54.124,26.9200,13
57599910790331,15:59:59.910,26.9500,32
57599910790331,15:59:59.910,26.9600,168
57600199193567,16:00:00.199,26.9600,41
57600199193567,16:00:00.199,26.9600,2432
