timestamp,time,price,volume
34200654687119,09:30:00.654,0.0000,0
34271989893154,09:31:11.989,47.8400,12
34271990236470,09:31:11.990,47.8400,88
34272051324436,09:31:12.051,47.7600,100
34272068316258,09:31:12.068,47.8300,15
34272069006641,09:31:12.069,47.7600,15
34333180893714,09:32:13.180,47.5700,46
34333180893714,09:32:13.180,47.5700,54
34333180993329,09:32:13.180,47.5700,100
34333250192702,09:32:13.250,47.5200,100
34333552222515,09:32:13.552,47.4200,100
34333602367182,09:32:13.602,47.4200,100
34333718562510,09:32:13.718,47.4200,100
34333718890297,09:32:13.718,47.4200,100
34345351269564,09:32:25.351,47.3500,100
34375025430990,09:32:55.025,47.3500,100
34380073284779,09:33:00.073,47.3500,10
34380083604720,09:33:00.083,47.3400,100
34380083833654,09:33:00.083,47.3400,10
34403425995120,09:33:23.425,47.2300,100
34403426068833,09:33:23.426,47.2200,100
34403426085710,09:33:23.426,47.2200,29
34403426105035,09:33:23.426,47.2200,66
34403426110625,09:33:23.426,47.2200,5
34403426559848,09:33:23.426,47.2200,36
34403427035491,09:33:23.427,47.2100,100
34403427306616,09:33:23.427,47.2200,100
34480026635813,09:34:40.026,47.0100,100
34480502798331,09:34:40.502,47.0100,100
34486762903154,09:34:46.762,47.0900,100
34486762903154,09:34:46.762,47.0900,100
34486762903154,09:34:46.762,47.0900,100
34489774027204,09:34:49.774,47.1100,100
34489775270463,09:34:49.775,47.1100,100
34489775286611,09:34:49.775,47.1200,100
34489775302181,09:34:49.775,47.1200,100
34489775305041,09:34:49.775,47.1200,100
34489775321715,09:34:49.775,47.1300,100
34546381612130,09:35:46.381,47.1200,100
34546381612130,09:35:46.381,47.1200,100
34546771510948,09:35:46.771,47.0400,100
34546771518531,09:35:46.771,47.0400,100
34552462445638,09:35:52.462,47.0100,100
34552462445638,09:35:52.462,47.0100,100
34552462445638,09:35:52.462,47.0100,75
34563625992119,09:36:03.625,47.0100,100
34563625992119,09:36:03.625,47.0100,100
34563625992119,09:36:03.625,47.0100,1
34571672912454,09:36:11.672,46.9900,100
34571672912454,09:36:11.672,46.9900,24
34571672912454,09:36:11.672,47.0000,200
34571672973361,09:36:11.672,47.0100,100
34571673150613,09:36:11.673,47.0000,196
34571673580451,09:36:11.673,47.0000,100
34571673681492,09:36:11.673,47.0000,131
34571673853933,09:36:11.673,47.0000,1100
34571673904763,09:36:11.673,47.0000,49
34571686449121,09:36:11.686,47.0000,100
34571686449121,09:36:11.686,47.0000,30
34571686449121,09:36:11.686,47.0000,200
34571687884810,09:36:11.687,47.0100,100
34571687884810,09:36:11.687,47.0100,100
34571688398184,09:36:11.688,47.0200,100
34571688972700,09:36:11.688,47.0000,42
34571689010331,09:36:11.689,47.0000,100
34571689771004,09:36:11.689,47.0100,100
34571689771004,09:36:11.689,47.0100,30
34571689771004,09:36:11.689,47.0100,10
34571689771004,09:36:11.689,47.0100,100
34571724134356,09:36:11.724,47.0000,800
34571724567732,09:36:11.724,47.0000,928
34581559547253,09:36:21.559,46.9700,100
34581559547253,09:36:21.559,46.9600,200
34581559548133,09:36:21.559,46.9600,100
34581567089464,09:36:21.567,46.9800,200
34581567089464,09:36:21.567,46.9900,100
34581567089464,09:36:21.567,46.9900,100
34581567089464,09:36:21.567,46.9900,100
34581571488061,09:36:21.571,46.9900,1022
34581571491042,09:36:21.571,47.0000,100
34581571491042,09:36:21.571,47.0000,100
34581571527686,09:36:21.571,46.9900,110
34581571798370,09:36:21.571,46.9900,100
34581571971509,09:36:21.571,47.0000,100
34581571971509,09:36:21.571,47.0000,100
34581574917384,09:36:21.574,47.0200,100
34582084401837,09:36:22.084,47.0400,100
34582557080152,09:36:22.557,47.0300,100
34582557105176,09:36:22.557,47.0300,100
34582557105176,09:36:22.557,47.0300,100
34582557372166,09:36:22.557,47.0000,100
34602501020140,09:36:42.501,47.0300,100
34602501206768,09:36:42.501,47.0300,100
34617479726879,09:36:57.479,47.0600,100
34619817835792,09:36:59.817,47.0600,100
34621296744108,09:37:01.296,47.0000,64
34632340082299,09:37:12.340,46.9400,100
34637485853140,09:37:17.485,46.9400,600
34637485860969,09:37:17.485,46.9400,100
34637485889567,09:37:17.485,46.9400,100
34637485929300,09:37:17.485,46.9400,600
34637485966869,09:37:17.485,46.9400,500
34637485966869,09:37:17.485,46.9300,100
34637486041494,09:37:17.486,46.9300,500
34637486266574,09:37:17.486,46.9200,100
34637486380954,09:37:17.486,46.9200,100
34637486385692,09:37:17.486,46.9200,100
34637492273650,09:37:17.492,46.9300,100
34637493067313,09:37:17.493,46.9300,100
34637493067313,09:37:17.493,46.9300,110
34637499266088,09:37:17.499,46.9700,100
34637501942614,09:37:17.501,46.9900,100
34640268395200,09:37:20.268,47.0100,100
34645024983555,09:37:25.024,46.9900,200
34645024983555,09:37:25.024,46.9900,400
34645025075862,09:37:25.025,46.9900,42
34645025245511,09:37:25.025,46.9800,100
34645055153156,09:37:25.055,47.0000,1700
34645055154637,09:37:25.055,47.0000,100
34645055160767,09:37:25.055,47.0100,100
34645056229166,09:37:25.056,47.0000,100
34645056653484,09:37:25.056,47.0200,100
34645056799871,09:37:25.056,47.0400,96
34645056878894,09:37:25.056,47.0400,4
34645056878894,09:37:25.056,47.0400,96
34645057065261,09:37:25.057,47.0400,4
34645057065261,09:37:25.057,47.0400,100
34696592674551,09:38:16.592,47.0900,10
34696593053065,09:38:16.593,47.1000,100
34696593918069,09:38:16.593,47.1400,100
34696593918069,09:38:16.593,47.1400,100
34788693990133,09:39:48.693,47.0200,100
34788881112878,09:39:48.881,46.9900,240
34788881120107,09:39:48.881,46.9900,100
34789547031821,09:39:49.547,46.9400,600
34789547057647,09:39:49.547,46.9400,1490
34789553028794,09:39:49.553,47.0000,200
34789553137352,09:39:49.553,47.0000,2100
34796190690785,09:39:56.190,46.9400,100
34796190690785,09:39:56.190,46.9400,200
34796190690785,09:39:56.190,46.9300,100
34803939492342,09:40:03.939,47.0300,100
34803939492342,09:40:03.939,47.0300,100
34804677259062,09:40:04.677,46.9900,100
34805177740460,09:40:05.177,47.0300,100
34805299298108,09:40:05.299,47.0200,100
34805840818959,09:40:05.840,47.0300,100
34820023197095,09:40:20.023,46.9800,100
34834735131424,09:40:34.735,46.9700,100
34834751360367,09:40:34.751,46.9600,100
34834751360367,09:40:34.751,46.9600,100
34834751360367,09:40:34.751,46.9600,100
34834877783158,09:40:34.877,46.9700,100
34834877869115,09:40:34.877,46.9400,100
34834879870497,09:40:34.879,46.9600,100
34834879870497,09:40:34.879,46.9600,100
34834929539394,09:40:34.929,46.9500,100
34843932626729,09:40:43.932,46.9500,100
34855034271779,09:40:55.034,46.9400,100
34855039976790,09:40:55.039,46.9400,400
34855039976790,09:40:55.039,46.9800,100
34855040952711,09:40:55.040,46.9800,200
34856046623539,09:40:56.046,47.0050,100
34867126605343,09:41:07.126,46.9800,200
34867126632171,09:41:07.126,46.9800,1000
34878084029129,09:41:18.084,46.9200,100
34878404291486,09:41:18.404,46.9500,200
34878404291486,09:41:18.404,46.9600,100
34878404569968,09:41:18.404,46.9600,100
34878404659167,09:41:18.404,46.9300,100
34878405271808,09:41:18.405,46.9600,100
34878412451262,09:41:18.412,46.9400,100
34878412451262,09:41:18.412,46.9400,100
34878423897264,09:41:18.423,46.9500,100
34878426115072,09:41:18.426,46.9500,2190
34878429769391,09:41:18.429,46.9500,10
34878455060633,09:41:18.455,46.9800,100
34878464357222,09:41:18.464,46.9800,10
34878464390737,09:41:18.464,46.9800,90
34878464390737,09:41:18.464,46.9800,100
34878466148986,09:41:18.466,46.9700,100
34878653753704,09:41:18.653,46.9700,490
34878653796384,09:41:18.653,46.9700,110
34878653796384,09:41:18.653,46.9700,100
34878654596359,09:41:18.654,46.9800,100
34878654596359,09:41:18.654,46.9800,100
34878658309891,09:41:18.658,46.9800,2400
34878658309891,09:41:18.658,46.9800,100
34878662014157,09:41:18.662,47.0000,100
34878662014157,09:41:18.662,47.0000,100
34878662014157,09:41:18.662,47.0100,100
34878663131900,09:41:18.663,47.0100,100
34878663131900,09:41:18.663,47.0000,100
34878663131900,09:41:18.663,47.0000,120
34878663131900,09:41:18.663,47.0000,100
34878663131900,09:41:18.663,47.0000,100
34878663363464,09:41:18.663,47.0100,100
34878682902404,09:41:18.682,47.0000,2300
34879183585288,09:41:19.183,47.0100,100
34879608772260,09:41:19.608,46.9700,100
34879608801027,09:41:19.608,46.9700,400
34879617315131,09:41:19.617,46.9900,100
34879618485161,09:41:19.618,47.0000,100
34879618865237,09:41:19.618,46.9900,2051
34879618889559,09:41:19.618,46.9900,249
34879618889559,09:41:19.618,46.9900,100
34879620205433,09:41:19.620,47.0000,100
34879620205433,09:41:19.620,47.0000,100
34879622232918,09:41:19.622,47.0100,100
34879627708621,09:41:19.627,47.0100,100
34879628253825,09:41:19.628,47.0000,100
34880190783459,09:41:20.190,47.0300,100
34880190783459,09:41:20.190,47.0300,100
34895781018658,09:41:35.781,47.0000,400
34895784230641,09:41:35.784,47.0000,100
34895784230641,09:41:35.784,47.0000,60
34895784261227,09:41:35.784,47.0000,440
34895784286597,09:41:35.784,47.0000,100
34895784286597,09:41:35.784,47.0000,100
34896017658617,09:41:36.017,47.0300,200
34898961884247,09:41:38.961,47.0000,300
34911180993947,09:41:51.180,46.9900,200
34911180993947,09:41:51.180,47.0000,100
34911180993947,09:41:51.180,47.0000,100
34911180993947,09:41:51.180,47.0000,300
34911185278531,09:41:51.185,46.9800,100
34911185369032,09:41:51.185,46.9800,100
34911185653877,09:41:51.185,46.9800,100
34911186603973,09:41:51.186,46.9800,100
34911187054746,09:41:51.187,47.0000,100
34911187079088,09:41:51.187,47.0000,1060
34911187079088,09:41:51.187,47.0000,100
34911296257964,09:41:51.296,47.0000,100
34911297371526,09:41:51.297,47.0000,2700
34911297377871,09:41:51.297,47.0200,100
34911297736983,09:41:51.297,47.0100,100
34912297954288,09:41:52.297,47.0000,100
34912297954288,09:41:52.297,47.0000,400
34914100107721,09:41:54.100,47.0000,100
34940557437139,09:42:20.557,46.9300,400
34940583824741,09:42:20.583,46.9600,2500
34940588640199,09:42:20.588,46.9700,1500
34940588662823,09:42:20.588,46.9700,1400
34940592582491,09:42:20.592,46.9900,100
34940592582491,09:42:20.592,46.9900,100
34940592582491,09:42:20.592,46.9900,200
34940595259387,09:42:20.595,47.0100,100
34940595521374,09:42:20.595,47.0200,1
34940595521374,09:42:20.595,47.0200,26
34940595527287,09:42:20.595,47.0200,65
34940595573959,09:42:20.595,47.0000,100
34940595573959,09:42:20.595,47.0000,300
34940595643764,09:42:20.595,46.9900,1238
34940595677758,09:42:20.595,47.0100,100
34940595750979,09:42:20.595,47.0200,9
34940599046074,09:42:20.599,47.0100,100
34940599136508,09:42:20.599,47.0000,100
34940599136508,09:42:20.599,47.0000,73
34940599163577,09:42:20.599,47.0000,27
34940634939466,09:42:20.634,46.9900,500
34940635933206,09:42:20.635,46.9800,100
34940640778955,09:42:20.640,46.9800,100
34940640778955,09:42:20.640,46.9800,100
34940640778955,09:42:20.640,46.9900,100
34940642014874,09:42:20.642,47.0000,100
34940661038966,09:42:20.661,47.0100,27
34940662109284,09:42:20.662,47.0100,73
34940663262068,09:42:20.663,47.0100,100
34940663368920,09:42:20.663,47.0000,60
34940664455699,09:42:20.664,47.0100,100
34967025497881,09:42:47.025,46.9700,200
34967025497881,09:42:47.025,46.9800,100
34967025497881,09:42:47.025,46.9800,200
34968243019226,09:42:48.243,47.0200,100
34968243019226,09:42:48.243,47.0200,6
34968243019226,09:42:48.243,47.0200,100
34968254135080,09:42:48.254,47.0300,4
34968510132076,09:42:48.510,47.0000,100
34968510213541,09:42:48.510,47.0000,500
35025278622236,09:43:45.278,46.9500,66
35025278627198,09:43:45.278,46.9500,361
35025278851859,09:43:45.278,46.9500,73
35025315448813,09:43:45.315,46.9700,200
35025315448813,09:43:45.315,46.9800,10
35025315448813,09:43:45.315,46.9800,179
35025323710440,09:43:45.323,46.9800,2082
35025330551554,09:43:45.330,46.9300,100
35025335246314,09:43:45.335,46.9800,100
35030024370258,09:43:50.024,46.9800,100
35075942694314,09:44:35.942,47.0000,100
35075945536372,09:44:35.945,47.0100,100
35077005125263,09:44:37.005,47.0000,12
35077005325345,09:44:37.005,47.0000,88
35077005325345,09:44:37.005,47.0000,600
35095796887466,09:44:55.796,47.0500,100
35095800469681,09:44:55.800,47.0800,100
35102261353019,09:45:02.261,47.0200,172
35102262406178,09:45:02.262,47.0100,100
35102263748685,09:45:02.263,47.0000,100
35102302651896,09:45:02.302,47.0000,205
35112210136214,09:45:12.210,46.9600,93
35113121839535,09:45:13.121,46.9900,200
35113121839535,09:45:13.121,47.0000,100
35149870142275,09:45:49.870,46.9800,100
35163972864191,09:46:03.972,46.9550,100
35187014849489,09:46:27.014,46.8700,1
35205673913129,09:46:45.673,46.8900,100
35205673913129,09:46:45.673,46.8900,10
35228918697252,09:47:08.918,46.8900,90
35228918697252,09:47:08.918,46.8900,27
35228918698674,09:47:08.918,46.8900,73
35228919012847,09:47:08.919,46.9000,66
35228919033784,09:47:08.919,46.9000,34
35228920795405,09:47:08.920,46.9000,7
35228920795405,09:47:08.920,46.8900,19
35228924006803,09:47:08.924,46.8900,81
35228924006803,09:47:08.924,46.8900,19
35232537786795,09:47:12.537,46.9100,9
35232537821168,09:47:12.537,46.9100,91
35232537821168,09:47:12.537,46.9100,100
35232537821168,09:47:12.537,46.9100,100
35245123180971,09:47:25.123,46.9200,100
35259391972733,09:47:39.391,46.9700,100
35259391972733,09:47:39.391,46.9700,100
35280506678815,09:48:00.506,46.9600,1
35299593696655,09:48:19.593,46.9300,100
35299593696655,09:48:19.593,46.9300,100
35299593696655,09:48:19.593,46.9300,1
35299594322288,09:48:19.594,46.9100,69
35299594425890,09:48:19.594,46.9100,52
35300025785850,09:48:20.025,46.9200,100
35300025785850,09:48:20.025,46.9200,100
35304642507393,09:48:24.642,46.9200,100
35308537195279,09:48:28.537,46.9500,100
35308538294621,09:48:28.538,46.9600,100
35308538859421,09:48:28.538,46.9700,100
35315675179307,09:48:35.675,47.0300,100
35315676006163,09:48:35.676,47.0400,30
35315676060089,09:48:35.676,47.0400,70
35323466532100,09:48:43.466,47.0100,100
35348678179199,09:49:08.678,47.0100,200
35348681546858,09:49:08.681,47.0300,100
35348681546858,09:49:08.681,47.0300,100
35348686306024,09:49:08.686,47.0400,100
35348686646826,09:49:08.686,47.0500,100
35348686646826,09:49:08.686,47.0500,100
35348686816015,09:49:08.686,47.0400,179
35348686840055,09:49:08.686,47.0400,122
35348686843925,09:49:08.686,47.0400,100
35348729376395,09:49:08.729,47.0200,200
35348729404677,09:49:08.729,47.0200,101
35348794158732,09:49:08.794,46.9900,100
35354300957841,09:49:14.300,46.9700,1
35355023254176,09:49:15.023,46.9200,100
35355434173492,09:49:15.434,46.9100,100
35360796270173,09:49:20.796,46.9100,100
35360796270173,09:49:20.796,46.9100,290
35360796270173,09:49:20.796,46.9100,100
35360796270173,09:49:20.796,46.9100,200
35360796270173,09:49:20.796,46.9100,100
35362985940098,09:49:22.985,46.9800,100
35369601148388,09:49:29.601,46.9100,200
35369674858104,09:49:29.674,46.9100,100
35369674858104,09:49:29.674,46.9100,200
35369674858104,09:49:29.674,46.9100,100
35382055525245,09:49:42.055,46.8700,100
35382055525245,09:49:42.055,46.8700,300
35382082832669,09:49:42.082,46.8900,100
35382082832669,09:49:42.082,46.9000,100
35382082832669,09:49:42.082,46.9000,200
35382082832669,09:49:42.082,46.9000,100
35382151782549,09:49:42.151,46.9200,100
35382151832757,09:49:42.151,46.9200,100
35382157212096,09:49:42.157,46.9100,100
35382157212096,09:49:42.157,46.9100,100
35382157212096,09:49:42.157,46.9100,100
35383766106169,09:49:43.766,46.9200,100
35383766106169,09:49:43.766,46.9200,100
35383766868923,09:49:43.766,46.9300,100
35383767402859,09:49:43.767,46.9400,100
35393453450385,09:49:53.453,46.8900,42
35393453475895,09:49:53.453,46.8900,188
35393454246034,09:49:53.454,46.8900,42
35393454682124,09:49:53.454,46.8900,66
35393454712427,09:49:53.454,46.8900,62
35393454712427,09:49:53.454,46.8900,1
35399679999350,09:49:59.679,46.8900,100
35399681525376,09:49:59.681,46.8900,100
35399685221538,09:49:59.685,46.8900,100
35399685221538,09:49:59.685,46.8900,100
35399685221538,09:49:59.685,46.9000,200
35399685221538,09:49:59.685,46.9000,100
35399687942864,09:49:59.687,46.9100,100
35399687942864,09:49:59.687,46.9100,100
35399688008865,09:49:59.688,46.9100,100
35399688008865,09:49:59.688,46.9100,100
35399693681047,09:49:59.693,46.9100,100
35399693681047,09:49:59.693,46.9100,110
35405028652747,09:50:05.028,46.8900,100
35405028652747,09:50:05.028,46.8900,300
35405051487608,09:50:05.051,46.9000,100
35405051487608,09:50:05.051,46.9000,100
35405051487608,09:50:05.051,46.9000,200
35405051487608,09:50:05.051,46.9000,200
35405051583610,09:50:05.051,46.8900,100
35405053192689,09:50:05.053,46.8900,10
35405053192689,09:50:05.053,46.8900,10
35405053192689,09:50:05.053,46.8900,100
35405053670856,09:50:05.053,46.8900,100
35405054750366,09:50:05.054,46.9100,100
35405054750366,09:50:05.054,46.9100,100
35405057904887,09:50:05.057,46.9100,100
35406171495308,09:50:06.171,46.9200,100
35417008081078,09:50:17.008,46.9400,100
35417008081078,09:50:17.008,46.9400,100
35417011896017,09:50:17.011,46.9300,100
35423093995747,09:50:23.093,46.9100,100
35433732257073,09:50:33.732,46.8900,100
35434733232392,09:50:34.733,46.8900,100
35443148402609,09:50:43.148,46.9200,100
35445510837596,09:50:45.510,46.9000,400
35458215278855,09:50:58.215,46.8900,400
35458215278855,09:50:58.215,46.8900,1
35471682744793,09:51:11.682,46.9000,200
35471698153088,09:51:11.698,46.9000,300
35471700129293,09:51:11.700,46.9000,70
35472683663923,09:51:12.683,46.9000,100
35475498916715,09:51:15.498,46.9000,100
35482986673178,09:51:22.986,46.9100,100
35482986673178,09:51:22.986,46.9100,100
35483020766260,09:51:23.020,46.9200,100
35486902977745,09:51:26.902,46.8900,100
35488737579124,09:51:28.737,46.9100,100
35488742050072,09:51:28.742,46.8900,500
35488770479907,09:51:28.770,46.8900,200
35488770479907,09:51:28.770,46.9000,100
35488770479907,09:51:28.770,46.9000,100
35488774031799,09:51:28.774,46.9200,200
35488775087161,09:51:28.775,46.9200,100
35488778153587,09:51:28.778,46.9300,100
35488778153587,09:51:28.778,46.9300,100
35488778783818,09:51:28.778,46.9200,100
35488867797642,09:51:28.867,46.9100,100
35509686051074,09:51:49.686,46.9000,100
35510688341465,09:51:50.688,46.9000,100
35510692335682,09:51:50.692,46.9000,100
35510820972503,09:51:50.820,46.9000,100
35514002436665,09:51:54.002,46.9000,100
35514002468419,09:51:54.002,46.9000,400
35514004328732,09:51:54.004,46.8700,100
35514005557960,09:51:54.005,46.8900,200
35514005557960,09:51:54.005,46.9000,100
35514009389006,09:51:54.009,46.9000,3147
35514009822874,09:51:54.009,46.9000,598
35514009850189,09:51:54.009,46.9000,155
35514021762984,09:51:54.021,46.9000,100
35514022784286,09:51:54.022,46.9100,100
35514024235978,09:51:54.024,46.9100,100
35514024235978,09:51:54.024,46.9100,100
35514024235978,09:51:54.024,46.9100,100
35514034279138,09:51:54.034,46.9000,100
35514632011223,09:51:54.632,46.9100,100
35515025988667,09:51:55.025,46.9100,100
35515025988667,09:51:55.025,46.9100,700
35518541239050,09:51:58.541,46.9000,100
35518541239050,09:51:58.541,46.9000,100
35527990058175,09:52:07.990,46.9100,100
35527991321049,09:52:07.991,46.9200,100
35534667028485,09:52:14.667,46.9200,1
35537684384198,09:52:17.684,46.9300,100
35537688171773,09:52:17.688,46.9400,100
35537688171773,09:52:17.688,46.9400,100
35537688171773,09:52:17.688,46.9400,100
35537688690287,09:52:17.688,46.9400,100
35537688690287,09:52:17.688,46.9300,100
35539520111809,09:52:19.520,46.9450,100
35539524214574,09:52:19.524,46.9300,100
35540525305505,09:52:20.525,46.9300,100
35542989380578,09:52:22.989,46.9300,100
35542989380578,09:52:22.989,46.9600,100
35543462504917,09:52:23.462,46.9400,200
35543462504917,09:52:23.462,46.9300,100
35548154279879,09:52:28.154,46.9300,100
35548158019968,09:52:28.158,46.9300,100
35590750827240,09:53:10.750,46.9300,100
35595521360811,09:53:15.521,46.9000,300
35595527438360,09:53:15.527,46.9000,100
35603173695801,09:53:23.173,46.9100,100
35607379259462,09:53:27.379,46.9000,100
35609048955356,09:53:29.048,46.9000,400
35609057628553,09:53:29.057,46.9000,100
35609057628553,09:53:29.057,46.9000,100
35609100108341,09:53:29.100,46.9100,200
35609106240922,09:53:29.106,46.9200,100
35609220933786,09:53:29.220,46.9100,100
35613607447034,09:53:33.607,46.9400,100
35613608237438,09:53:33.608,46.9600,100
35620023927035,09:53:40.023,46.9200,100
35624647365711,09:53:44.647,46.9400,30
35700501870984,09:55:00.501,47.0100,100
35714639355523,09:55:14.639,46.9900,100
35738288866081,09:55:38.288,47.0000,100
35746747461368,09:55:46.747,47.0000,100
35746747461368,09:55:46.747,47.0000,100
35746747533632,09:55:46.747,47.0000,100
35746747533632,09:55:46.747,47.0000,100
35747107878099,09:55:47.107,46.9900,35
35759900972978,09:55:59.900,46.9800,100
35759901097630,09:55:59.901,46.9800,15
35759901097630,09:55:59.901,46.9700,85
35759901150451,09:55:59.901,46.9700,15
35759901175068,09:55:59.901,46.9700,15
35759901343406,09:55:59.901,46.9700,3
35759965248614,09:55:59.965,46.9500,100
35760902070653,09:56:00.902,46.9700,100
35785024082960,09:56:25.024,46.9400,100
35785024082960,09:56:25.024,46.9400,100
35785025354988,09:56:25.025,46.9400,100
35792022054291,09:56:32.022,46.9000,100
35793097099390,09:56:33.097,46.8900,1
35795104046670,09:56:35.104,46.9000,100
35820396036264,09:57:00.396,46.8500,100
35820861480868,09:57:00.861,46.8400,40
35820861555069,09:57:00.861,46.8400,160
35820861656081,09:57:00.861,46.8600,100
35820862319274,09:57:00.862,46.8700,100
35820873845652,09:57:00.873,46.9000,100
35837103916285,09:57:17.103,47.0000,100
35837103941431,09:57:17.103,47.0000,100
35845023062270,09:57:25.023,47.0200,100
35852728884656,09:57:32.728,47.0500,100
35862998281109,09:57:42.998,47.0000,11
35863012486522,09:57:43.012,47.0200,1
35866356059781,09:57:46.356,47.0400,50
35904070469112,09:58:24.070,47.0000,89
35904070469112,09:58:24.070,47.0000,100
35904070469112,09:58:24.070,47.0000,100
35904070469112,09:58:24.070,47.0000,100
35904070469112,09:58:24.070,47.0000,100
35904070469112,09:58:24.070,47.0000,100
35904070469112,09:58:24.070,47.0000,1
35905072126445,09:58:25.072,47.0000,100
35920025371511,09:58:40.025,46.9600,100
35921109028681,09:58:41.109,46.9600,100
35922248868341,09:58:42.248,46.9800,100
35922248898590,09:58:42.248,46.9800,1
35930024552840,09:58:50.024,46.9700,100
35930024668343,09:58:50.024,46.9600,100
35930756454651,09:58:50.756,46.9700,100
35936869267962,09:58:56.869,46.9900,100
35936869267962,09:58:56.869,46.9900,400
35937114086317,09:58:57.114,47.0000,100
35937121047539,09:58:57.121,47.0100,100
35945024112834,09:59:05.024,47.0100,100
35947020850914,09:59:07.020,47.0100,100
35957000008055,09:59:17.000,47.0300,1
35965028270961,09:59:25.028,47.0200,100
35979582445368,09:59:39.582,47.0600,100
35983111755555,09:59:43.111,47.0600,100
35984114001566,09:59:44.114,47.0700,100
35984114001566,09:59:44.114,47.0600,100
35987080388882,09:59:47.080,47.0700,100
35990022321800,09:59:50.022,47.0700,100
35990022321800,09:59:50.022,47.0600,100
35990022440949,09:59:50.022,47.0600,100
36005922224100,10:00:05.922,47.0000,42
36005922331621,10:00:05.922,47.0000,42
36005922384035,10:00:05.922,47.0000,16
36005922384035,10:00:05.922,47.0000,26
36005922411154,10:00:05.922,47.0000,13
36005923617506,10:00:05.923,47.0000,61
36005923617506,10:00:05.923,47.0000,26
36005923617506,10:00:05.923,47.0000,13
36005925396984,10:00:05.925,46.9800,42
36005926996126,10:00:05.926,46.9800,33
36005926996126,10:00:05.926,46.9600,9
36005930868577,10:00:05.930,46.9600,42
36005932713650,10:00:05.932,46.9600,42
36005940022768,10:00:05.940,46.9600,7
36005940022768,10:00:05.940,46.9600,35
36006896149058,10:00:06.896,46.9600,42
36008648497475,10:00:08.648,46.9600,42
36008648651322,10:00:08.648,46.9600,42
36008648767113,10:00:08.648,46.9600,16
36008648767113,10:00:08.648,46.9600,26
36008648905208,10:00:08.648,46.9600,42
36008651076518,10:00:08.651,46.9600,32
36008651076518,10:00:08.651,46.9600,10
36008743947641,10:00:08.743,46.9600,16
36008743947641,10:00:08.743,46.9600,42
36008743947641,10:00:08.743,46.9600,42
36009874777135,10:00:09.874,47.0600,100
36009877448401,10:00:09.877,47.0300,100
36009877724489,10:00:09.877,47.0300,100
36009877724489,10:00:09.877,47.0300,100
36009877724489,10:00:09.877,47.0300,87
36009877752576,10:00:09.877,47.0300,13
36009908981974,10:00:09.908,47.0100,100
36009916725132,10:00:09.916,46.9900,100
36011353120924,10:00:11.353,46.9800,200
36012337552241,10:00:12.337,47.0000,100
36012337766297,10:00:12.337,47.0000,100
36013638461978,10:00:13.638,46.9900,2
36013638463334,10:00:13.638,46.9900,98
36017018451849,10:00:17.018,46.9800,189
36017018524208,10:00:17.018,46.9800,11
36017018524208,10:00:17.018,46.9800,100
36017035354224,10:00:17.035,46.9900,100
36017149120233,10:00:17.149,46.9900,100
36017264739360,10:00:17.264,47.0100,100
36017290170898,10:00:17.290,47.0100,100
36017340149764,10:00:17.340,47.0100,100
36017714108832,10:00:17.714,47.0100,10
36017714133463,10:00:17.714,47.0100,2
36017714161777,10:00:17.714,47.0100,88
36019189038817,10:00:19.189,47.0000,100
36019189038817,10:00:19.189,47.0000,100
36019189038817,10:00:19.189,47.0000,100
36019189202926,10:00:19.189,47.0000,100
36019278977094,10:00:19.278,47.0000,100
36019278977094,10:00:19.278,47.0000,100
36022424562618,10:00:22.424,47.0000,100
36022424562618,10:00:22.424,47.0000,100
36022688141576,10:00:22.688,47.0000,100
36022815233010,10:00:22.815,47.0000,100
36023006381957,10:00:23.006,47.0000,100
36023006381957,10:00:23.006,47.0000,100
36023278597683,10:00:23.278,47.0000,100
36025022315251,10:00:25.022,46.9900,100
36028384305764,10:00:28.384,47.0100,100
36028384653835,10:00:28.384,47.0200,39
36028384765801,10:00:28.384,47.0200,33
36028384789179,10:00:28.384,47.0200,28
36028384789179,10:00:28.384,47.0200,72
36028384908430,10:00:28.384,47.0200,28
36030025217165,10:00:30.025,47.0200,100
36030025217165,10:00:30.025,47.0200,84
36030025217165,10:00:30.025,47.0200,16
36030025873761,10:00:30.025,47.0200,100
36031353105294,10:00:31.353,47.0200,100
36036157546645,10:00:36.157,47.0300,200
36046787412772,10:00:46.787,47.0200,300
36046886337276,10:00:46.886,47.0200,100
36056656063583,10:00:56.656,47.0200,100
36075670449258,10:01:15.670,46.9700,100
36075683222962,10:01:15.683,46.9800,100
36075683222962,10:01:15.683,46.9900,100
36075683314591,10:01:15.683,46.9700,28
36085026047878,10:01:25.026,46.9900,78
36085026047878,10:01:25.026,46.9900,22
36085026152225,10:01:25.026,46.9900,88
36086884377180,10:01:26.884,47.0000,100
36086890586323,10:01:26.890,47.0100,100
36086890586323,10:01:26.890,47.0100,100
36086890586323,10:01:26.890,47.0100,4
36093204905126,10:01:33.204,46.9500,200
36093205174485,10:01:33.205,46.9600,100
36093281770081,10:01:33.281,46.9900,100
36093365722617,10:01:33.365,46.9850,100
36099883049179,10:01:39.883,47.0000,100
36104081962791,10:01:44.081,46.9700,100
36106082732764,10:01:46.082,47.0000,100
36106082732764,10:01:46.082,47.0000,100
36108082868175,10:01:48.082,47.0000,100
36108082868175,10:01:48.082,47.0000,100
36108082868175,10:01:48.082,47.0000,100
36110884747809,10:01:50.884,47.0000,100
36119084282667,10:01:59.084,46.9900,100
36119812904493,10:01:59.812,46.9750,100
36120467140737,10:02:00.467,47.0000,100
36120467140737,10:02:00.467,47.0000,300
36123884485335,10:02:03.884,47.0000,100
36141435686990,10:02:21.435,46.9700,2
36154254213415,10:02:34.254,46.9700,100
36154254213415,10:02:34.254,46.9700,6
36154950835908,10:02:34.950,47.0000,200
36154950835908,10:02:34.950,47.0000,50
36156685272438,10:02:36.685,47.0000,100
36165023439730,10:02:45.023,46.9700,100
36165494901762,10:02:45.494,46.9900,100
36165685072854,10:02:45.685,47.0000,100
36166483847327,10:02:46.483,47.0000,200
36166702552925,10:02:46.702,46.9400,42
36166707805556,10:02:46.707,46.9400,58
36167960562665,10:02:47.960,47.0000,100
36167960562665,10:02:47.960,47.0000,103
36167960562665,10:02:47.960,47.0000,43
36167960562665,10:02:47.960,47.0000,100
36168686174788,10:02:48.686,46.9500,100
36169948850324,10:02:49.948,47.0000,100
36170027658637,10:02:50.027,46.9900,100
36170132148512,10:02:50.132,47.0000,100
36170132163585,10:02:50.132,47.0000,100
36170132244508,10:02:50.132,47.0000,100
36188485639452,10:03:08.485,46.9900,100
36188500753155,10:03:08.500,46.9850,300
36188767260657,10:03:08.767,46.9600,100
36189138204563,10:03:09.138,46.9850,100
36191646137507,10:03:11.646,46.9500,100
36191685098853,10:03:11.685,46.9800,100
36192247037611,10:03:12.247,47.0000,100
36192247037611,10:03:12.247,47.0000,100
36192333335562,10:03:12.333,47.0000,100
36192619240700,10:03:12.619,46.9400,100
36192619657659,10:03:12.619,46.9500,100
36193296028419,10:03:13.296,47.0000,100
36193296028419,10:03:13.296,47.0000,102
36194970807715,10:03:14.970,46.9800,100
36194970807715,10:03:14.970,46.9800,100
36194970943030,10:03:14.970,46.9800,100
36195284675957,10:03:15.284,47.0000,100
36196885884564,10:03:16.885,47.0000,300
36196885884564,10:03:16.885,47.0000,4
36198160210369,10:03:18.160,46.9800,100
36198359954919,10:03:18.359,46.9900,100
36201885646303,10:03:21.885,47.0000,300
36201885646303,10:03:21.885,47.0000,100
36208800115868,10:03:28.800,46.9900,100
36208800224188,10:03:28.800,46.9900,100
36208800263318,10:03:28.800,46.9900,100
36208801508257,10:03:28.801,46.9800,100
36208886228873,10:03:28.886,46.9900,100
36208886228873,10:03:28.886,46.9900,100
36209172984200,10:03:29.172,46.9600,100
36209173270048,10:03:29.173,46.9500,100
36209280560589,10:03:29.280,46.9600,300
36212087257532,10:03:32.087,47.0000,47
36212486200852,10:03:32.486,47.0000,100
36212486200852,10:03:32.486,47.0000,100
36212486200852,10:03:32.486,47.0000,19
36212486200852,10:03:32.486,47.0000,100
36214486467611,10:03:34.486,47.0000,100
36214913291024,10:03:34.913,46.9700,100
36215085921561,10:03:35.085,46.9900,100
36215086045622,10:03:35.086,46.9700,100
36215086045622,10:03:35.086,46.9700,100
36215087254548,10:03:35.087,46.9900,100
36218139008293,10:03:38.139,46.9900,100
36219085026440,10:03:39.085,47.0000,100
36219085026440,10:03:39.085,47.0000,200
36219102966489,10:03:39.102,46.9950,100
36219102978456,10:03:39.102,46.9950,100
36219104618977,10:03:39.104,47.0000,10
36219104618977,10:03:39.104,47.0000,100
36219776403915,10:03:39.776,46.9700,100
36219933152831,10:03:39.933,46.9900,100
36219935495586,10:03:39.935,47.0000,100
36219966857523,10:03:39.966,46.9900,100
36220086762466,10:03:40.086,47.0000,100
36220086762466,10:03:40.086,47.0000,100
36220685224615,10:03:40.685,47.0000,100
36220934200892,10:03:40.934,46.9900,100
36223908238468,10:03:43.908,46.9800,71
36223908262888,10:03:43.908,46.9800,29
36225885910275,10:03:45.885,47.0000,100
36225885910275,10:03:45.885,47.0000,100
36227085717720,10:03:47.085,47.0000,200
36231306309891,10:03:51.306,46.9800,71
36232109238932,10:03:52.109,47.0000,100
36232111404062,10:03:52.111,47.0000,100
36232111428666,10:03:52.111,47.0000,100
36232111490318,10:03:52.111,47.0000,100
36232131264762,10:03:52.131,47.0000,100
36238285959328,10:03:58.285,46.9900,56
36239485145998,10:03:59.485,47.0000,300
36240485647140,10:04:00.485,47.0000,155
36240486349996,10:04:00.486,47.0100,100
36240486388882,10:04:00.486,47.0100,100
36240575405400,10:04:00.575,47.0000,73
36240575433475,10:04:00.575,47.0000,27
36240577164783,10:04:00.577,47.0000,14
36241166315722,10:04:01.166,47.0100,100
36241195542691,10:04:01.195,47.0000,100
36242687265778,10:04:02.687,47.0000,200
36242687265778,10:04:02.687,47.0000,100
36248266609906,10:04:08.266,46.9800,6
36248289137762,10:04:08.289,46.9800,100
36248289137762,10:04:08.289,46.9800,100
36259050879835,10:04:19.050,47.0000,100
36259050879835,10:04:19.050,47.0000,100
36259050879835,10:04:19.050,47.0000,2
36259050928462,10:04:19.050,47.0000,2
36259051058372,10:04:19.051,47.0000,98
36259051058372,10:04:19.051,47.0000,98
36259089126061,10:04:19.089,47.0000,200
36259089126061,10:04:19.089,47.0000,100
36259280261659,10:04:19.280,47.0000,100
36259280319252,10:04:19.280,47.0000,100
36263102754932,10:04:23.102,46.9900,100
36263102754932,10:04:23.102,46.9900,98
36263108392205,10:04:23.108,46.9600,100
36263191024333,10:04:23.191,46.9400,100
36264551386883,10:04:24.551,47.0000,100
36267687354727,10:04:27.687,46.9900,100
36268289598298,10:04:28.289,47.0000,100
36268289598298,10:04:28.289,47.0000,200
36269287374200,10:04:29.287,46.9700,200
36269287374200,10:04:29.287,47.0000,200
36269287374200,10:04:29.287,47.0000,98
36269287374200,10:04:29.287,47.0000,100
36271088039159,10:04:31.088,47.0000,100
36284416939636,10:04:44.416,46.9900,100
36301659099649,10:05:01.659,46.9900,100
36301689583233,10:05:01.689,47.0000,100
36301692711316,10:05:01.692,47.0100,100
36301696535734,10:05:01.696,47.0100,100
36301696560409,10:05:01.696,47.0100,100
36301696560409,10:05:01.696,47.0100,100
36305288784451,10:05:05.288,46.9900,100
36305288784451,10:05:05.288,46.9900,100
36305288784451,10:05:05.288,46.9900,100
36308161957973,10:05:08.161,46.9750,200
36309889496014,10:05:09.889,47.0000,300
36311089735275,10:05:11.089,47.0000,200
36312290703190,10:05:12.290,47.0000,300
36312292068420,10:05:12.292,47.0100,100
36312408938121,10:05:12.408,47.0100,100
36313005538757,10:05:13.005,47.0100,100
36322090600207,10:05:22.090,47.0000,100
36322122488407,10:05:22.122,47.0000,100
36322404628908,10:05:22.404,46.9900,100
36322490260590,10:05:22.490,46.9900,100
36322490260590,10:05:22.490,46.9900,100
36322562951173,10:05:22.562,46.9900,1
36325329381448,10:05:25.329,46.9800,1
36327807286110,10:05:27.807,47.0000,100
36327890896754,10:05:27.890,47.0000,100
36328052935874,10:05:28.052,47.0000,100
36328053049270,10:05:28.053,46.9900,200
36328053085748,10:05:28.053,46.9900,100
36328053085748,10:05:28.053,46.9900,100
36328054658078,10:05:28.054,47.0000,100
36328054658078,10:05:28.054,47.0000,100
36328377280176,10:05:28.377,47.0000,100
36335787953870,10:05:35.787,47.0200,200
36337743252155,10:05:37.743,47.0300,100
36337745134912,10:05:37.745,47.0400,100
36337745134912,10:05:37.745,47.0300,100
36337745204520,10:05:37.745,47.0300,100
36337745277727,10:05:37.745,47.0400,100
36338441772267,10:05:38.441,47.0300,100
36339279563390,10:05:39.279,47.0200,100
36339279589139,10:05:39.279,47.0200,27
36343005845503,10:05:43.005,47.0100,100
36343005845503,10:05:43.005,47.0100,300
36343737866020,10:05:43.737,47.0000,100
36343738620293,10:05:43.738,46.9900,100
36343894658914,10:05:43.894,47.0000,100
36343894658914,10:05:43.894,47.0000,100
36343894731497,10:05:43.894,47.0100,100
36343894731497,10:05:43.894,47.0100,100
36343894843380,10:05:43.894,47.0200,100
36344271364438,10:05:44.271,47.0100,100
36346492266732,10:05:46.492,46.9700,100
36346720408942,10:05:46.720,46.9650,200
36348891259308,10:05:48.891,46.9900,200
36348891259308,10:05:48.891,46.9900,100
36349510000304,10:05:49.510,47.0000,100
36349646598193,10:05:49.646,47.0000,100
36349648301257,10:05:49.648,47.0000,100
36349648301257,10:05:49.648,47.0000,100
36349791045521,10:05:49.791,47.0000,100
36350594200583,10:05:50.594,46.9900,100
36352691232274,10:05:52.691,47.0000,200
36352691232274,10:05:52.691,47.0000,100
36367888014295,10:06:07.888,46.9900,100
36367888014295,10:06:07.888,46.9900,7
36367888014295,10:06:07.888,46.9900,2
36368092906708,10:06:08.092,46.9900,100
36368094138613,10:06:08.094,47.0000,100
36370176596144,10:06:10.176,46.9900,100
36374141636676,10:06:14.141,46.9800,300
36375319911182,10:06:15.319,46.9600,100
36376694593353,10:06:16.694,47.0000,100
36376694593353,10:06:16.694,47.0000,100
36379239041978,10:06:19.239,47.0100,100
36379239041978,10:06:19.239,47.0100,16
36379239084288,10:06:19.239,47.0100,84
36408368112803,10:06:48.368,47.0000,100
36417945828955,10:06:57.945,47.0100,100
36429929584509,10:07:09.929,46.9800,100
36429929584509,10:07:09.929,46.9800,100
36429929584509,10:07:09.929,46.9800,100
36430059309943,10:07:10.059,47.0000,85
36430096777967,10:07:10.096,47.0000,15
36432396431586,10:07:12.396,46.9700,100
36432396431586,10:07:12.396,46.9700,100
36432494846326,10:07:12.494,46.9900,100
36432494846326,10:07:12.494,47.0000,200
36433296685868,10:07:13.296,47.0000,100
36433695962876,10:07:13.695,46.9700,10
36436465966431,10:07:16.465,46.9800,100
36437099510964,10:07:17.099,47.0000,100
36437494999058,10:07:17.494,47.0000,300
36437575939320,10:07:17.575,47.0000,100
36440096788356,10:07:20.096,47.0000,200
36440497395490,10:07:20.497,46.9900,25
36440697503518,10:07:20.697,47.0000,100
36453895327001,10:07:33.895,47.0000,200
36467348762323,10:07:47.348,47.0100,100
36467348762323,10:07:47.348,47.0100,100
36467348762323,10:07:47.348,47.0100,100
36467349679073,10:07:47.349,47.0100,100
36467830143120,10:07:47.830,47.0000,100
36467896663401,10:07:47.896,47.0000,100
36467896663401,10:07:47.896,47.0000,100
36468005938519,10:07:48.005,47.0000,100
36468006449450,10:07:48.006,47.0000,100
36468006449450,10:07:48.006,47.0000,100
36469378894065,10:07:49.378,47.0000,100
36473973373227,10:07:53.973,46.9900,100
36473973373227,10:07:53.973,46.9900,100
36475897320499,10:07:55.897,47.0000,100
36477096949028,10:07:57.096,47.0000,100
36483624114437,10:08:03.624,46.9900,7
36483631046359,10:08:03.631,46.9800,100
36483631046359,10:08:03.631,46.9800,100
36483650543264,10:08:03.650,46.9700,100
36483696536781,10:08:03.696,46.9700,100
36483696536781,10:08:03.696,46.9700,200
36483696536781,10:08:03.696,46.9700,100
36483696536781,10:08:03.696,46.9700,100
36484275799676,10:08:04.275,46.9800,100
36484875307624,10:08:04.875,46.9900,100
36485531425605,10:08:05.531,47.0000,200
36485531425605,10:08:05.531,47.0000,100
36485531425605,10:08:05.531,47.0000,100
36488025036025,10:08:08.025,47.0000,100
36488263954272,10:08:08.263,47.0000,100
36488263981985,10:08:08.263,47.0000,100
36488263981985,10:08:08.263,47.0000,100
36488276769097,10:08:08.276,46.9900,100
36488296723009,10:08:08.296,46.9800,100
36488478495687,10:08:08.478,46.9650,200
36488915388828,10:08:08.915,46.9900,100
36490651318205,10:08:10.651,46.9800,100
36490651428460,10:08:10.651,46.9800,100
36490696648142,10:08:10.696,46.9800,100
36491264525777,10:08:11.264,47.0000,200
36491278340194,10:08:11.278,47.0000,200
36491496218492,10:08:11.496,47.0000,100
36491565350251,10:08:11.565,46.9950,100
36491897362269,10:08:11.897,47.0000,300
36492347285183,10:08:12.347,47.0000,200
36492347309928,10:08:12.347,47.0000,100
36493349468506,10:08:13.349,47.0000,200
36498099736088,10:08:18.099,47.0000,300
36498099736088,10:08:18.099,47.0000,154
36502697308567,10:08:22.697,47.0000,300
36502747700109,10:08:22.747,47.0000,100
36509899035582,10:08:29.899,47.0000,100
36509899281004,10:08:29.899,47.0000,100
36509900329086,10:08:29.900,47.0000,100
36509900329086,10:08:29.900,47.0000,100
36509900617811,10:08:29.900,47.0000,100
36509902052549,10:08:29.902,46.9900,100
36509902052549,10:08:29.902,46.9900,100
36509902052549,10:08:29.902,47.0000,100
36509902052549,10:08:29.902,47.0000,100
36512349607657,10:08:32.349,47.0000,100
36513350654239,10:08:33.350,47.0000,100
36514502826810,10:08:34.502,47.0000,300
36514504725387,10:08:34.504,47.0000,100
36514505140635,10:08:34.505,46.9900,200
36514505249888,10:08:34.505,46.9900,200
36514506408645,10:08:34.506,47.0000,100
36514506408645,10:08:34.506,47.0000,100
36514506408645,10:08:34.506,47.0000,100
36514506408645,10:08:34.506,47.0000,100
36514506408645,10:08:34.506,47.0000,100
36518499531243,10:08:38.499,47.0000,300
36518499531243,10:08:38.499,47.0000,100
36518511730584,10:08:38.511,47.0000,100
36518511792638,10:08:38.511,47.0000,100
36518511826597,10:08:38.511,47.0000,100
36522501136040,10:08:42.501,47.0000,300
36522501237797,10:08:42.501,46.9900,100
36522501354081,10:08:42.501,46.9900,100
36522501354081,10:08:42.501,46.9900,100
36522653946102,10:08:42.653,46.9950,200
36526299466834,10:08:46.299,47.0000,300
36527289821061,10:08:47.289,47.0000,100
36527499402516,10:08:47.499,47.0000,100
36527549731781,10:08:47.549,47.0000,76
36527549797301,10:08:47.549,47.0000,24
36527551687634,10:08:47.551,47.0000,100
36527551687634,10:08:47.551,47.0000,100
36527746999057,10:08:47.746,46.9900,100
36527746999057,10:08:47.746,46.9900,100
36527899105674,10:08:47.899,46.9900,100
36527899105674,10:08:47.899,46.9900,100
36529699449420,10:08:49.699,47.0000,100
36531700087806,10:08:51.700,47.0000,300
36531700087806,10:08:51.700,47.0000,100
36531700420476,10:08:51.700,47.0000,100
36531700497862,10:08:51.700,47.0000,100
36539955933187,10:08:59.955,47.0000,100
36540101710411,10:09:00.101,47.0000,100
36542440893808,10:09:02.440,47.0000,100
36542440920659,10:09:02.440,47.0000,100
36543493070091,10:09:03.493,47.0000,100
36543493070091,10:09:03.493,47.0000,100
36543699953719,10:09:03.699,47.0000,100
36543752594505,10:09:03.752,47.0000,200
36544499547915,10:09:04.499,47.0000,300
36544499637411,10:09:04.499,46.9900,100
36544499637411,10:09:04.499,46.9900,100
36544500234343,10:09:04.500,46.9900,100
36544500234343,10:09:04.500,46.9900,100
36544500234343,10:09:04.500,46.9900,100
36544500414552,10:09:04.500,46.9900,100
36544500858973,10:09:04.500,46.9900,100
36544500858973,10:09:04.500,46.9900,100
36544500858973,10:09:04.500,47.0000,100
36544500858973,10:09:04.500,47.0000,100
36544500858973,10:09:04.500,47.0000,100
36544616391061,10:09:04.616,47.0000,100
36545499724452,10:09:05.499,47.0000,200
36545499805568,10:09:05.499,47.0000,100
36545499805568,10:09:05.499,47.0000,100
36545499805568,10:09:05.499,47.0000,100
36545499805568,10:09:05.499,47.0000,100
36545499838942,10:09:05.499,47.0000,10
36545499838942,10:09:05.499,47.0000,100
36545501113287,10:09:05.501,47.0000,100
36546670785072,10:09:06.670,46.9800,100
36546670785072,10:09:06.670,46.9800,100
36546670852062,10:09:06.670,46.9800,41
36546700166492,10:09:06.700,46.9800,100
36547847628307,10:09:07.847,47.0000,200
36548343358905,10:09:08.343,46.9900,100
36548700067926,10:09:08.700,46.9900,100
36548700067926,10:09:08.700,46.9900,100
36549355030938,10:09:09.355,47.0000,100
36551300920184,10:09:11.300,47.0000,100
36551300920184,10:09:11.300,47.0000,100
36563352145397,10:09:23.352,47.0000,100
36563352168480,10:09:23.352,47.0000,100
36563500455728,10:09:23.500,47.0000,100
36568401844836,10:09:28.401,47.0000,100
36572740206822,10:09:32.740,46.9700,27
36580274562027,10:09:40.274,46.9100,100
36583079792321,10:09:43.079,46.9100,8
36583079817590,10:09:43.079,46.9100,92
36586797472530,10:09:46.797,46.9000,100
36586804370597,10:09:46.804,46.9000,100
36600896247223,10:10:00.896,46.8800,100
36610521845824,10:10:10.521,46.8700,8
36610522017565,10:10:10.522,46.8600,100
36610541773245,10:10:10.541,46.8600,69
36610555243213,10:10:10.555,46.8500,100
36610555640969,10:10:10.555,46.8400,100
36610556225436,10:10:10.556,46.8300,100
36610556786772,10:10:10.556,46.8300,100
36610990720454,10:10:10.990,46.8300,100
36610990720454,10:10:10.990,46.8300,100
36612030373338,10:10:12.030,46.8100,100
36632566895494,10:10:32.566,46.7700,8
36632566922340,10:10:32.566,46.7700,30
36632566922340,10:10:32.566,46.7700,8
36637906449293,10:10:37.906,46.7300,100
36650077531219,10:10:50.077,46.7000,400
36650077562562,10:10:50.077,46.7000,100
36650077865435,10:10:50.077,46.7000,100
36650077865435,10:10:50.077,46.7000,20
36650078823363,10:10:50.078,46.7000,80
36650078823363,10:10:50.078,46.7000,100
36650078823363,10:10:50.078,46.7000,40
36650089323586,10:10:50.089,46.6900,20
36650089323586,10:10:50.089,46.6900,100
36650483982652,10:10:50.483,46.6800,100
36667462850630,10:11:07.462,46.6300,600
36673676104891,10:11:13.676,46.6100,100
36675243433056,10:11:15.243,46.6100,100
36681634124017,10:11:21.634,46.5800,1000
36689173352760,10:11:29.173,46.5500,100
36689222176825,10:11:29.222,46.5700,180
36689222840234,10:11:29.222,46.5700,100
36689222840234,10:11:29.222,46.5700,100
36689306007502,10:11:29.306,46.5700,100
36689306059606,10:11:29.306,46.5700,100
36689333592653,10:11:29.333,46.5700,100
36689521421960,10:11:29.521,46.5700,100
36689547393470,10:11:29.547,46.5600,100
36689547393470,10:11:29.547,46.5600,100
36689551748119,10:11:29.551,46.5600,100
36693441491444,10:11:33.441,46.5600,400
36693441523478,10:11:33.441,46.5600,100
36693441523478,10:11:33.441,46.5600,56
36693446858053,10:11:33.446,46.5600,81
36693446858053,10:11:33.446,46.5600,100
36693446858053,10:11:33.446,46.5600,100
36693446858053,10:11:33.446,46.5600,100
36694134118157,10:11:34.134,46.5700,100
36694165692863,10:11:34.165,46.5700,26
36694834695106,10:11:34.834,46.5800,100
36697817627502,10:11:37.817,46.6000,100
36697817627502,10:11:37.817,46.6000,100
36702679736940,10:11:42.679,46.6000,100
36705399497026,10:11:45.399,46.6200,100
36705474513835,10:11:45.474,46.6200,100
36705474513835,10:11:45.474,46.6200,100
36705474513835,10:11:45.474,46.6200,100
36708101863655,10:11:48.101,46.6200,100
36708695551755,10:11:48.695,46.6400,126
36708696522100,10:11:48.696,46.6400,200
36709649275078,10:11:49.649,46.6400,62
36736958664445,10:12:16.958,46.6100,28
36736958718902,10:12:16.958,46.6100,72
36736958718902,10:12:16.958,46.6100,100
36736958718902,10:12:16.958,46.6100,11
36736959204737,10:12:16.959,46.6000,100
36736964405839,10:12:16.964,46.5900,100
36736968120802,10:12:16.968,46.5900,100
36736968538394,10:12:16.968,46.5800,100
36736968558068,10:12:16.968,46.5800,100
36736968656952,10:12:16.968,46.5700,100
36736972608326,10:12:16.972,46.5800,200
36736972608326,10:12:16.972,46.5800,100
36736972608326,10:12:16.972,46.5900,100
36736972608326,10:12:16.972,46.6000,100
36737017158516,10:12:17.017,46.6200,100
36737017187109,10:12:17.017,46.6200,100
36737017187109,10:12:17.017,46.6200,36
36737017187109,10:12:17.017,46.6200,100
36737197595957,10:12:17.197,46.6100,100
36737244494471,10:12:17.244,46.6000,100
36739983241631,10:12:19.983,46.6000,58
36739983470586,10:12:19.983,46.6000,42
36739983470586,10:12:19.983,46.6000,136
36739983487211,10:12:19.983,46.6000,62
36744183367940,10:12:24.183,46.6000,63
36744183407290,10:12:24.183,46.6000,39
36744187314659,10:12:24.187,46.6000,100
36748373162703,10:12:28.373,46.6300,100
36752543147985,10:12:32.543,46.6400,12
36752543147985,10:12:32.543,46.6400,12
36772910848459,10:12:52.910,46.6700,100
36772910949342,10:12:52.910,46.6800,100
36772911401493,10:12:52.911,46.6900,100
36772911997543,10:12:52.911,46.7000,100
36772912098447,10:12:52.912,46.7000,100
36772912169137,10:12:52.912,46.7000,100
36778987738893,10:12:58.987,46.7000,100
36784133881317,10:13:04.133,46.7400,8
36785380493120,10:13:05.380,46.7400,51
36814343192446,10:13:34.343,46.7500,100
36814640404590,10:13:34.640,46.7500,200
36814640404590,10:13:34.640,46.7400,100
36816570095470,10:13:36.570,46.7400,100
36816570190895,10:13:36.570,46.7400,100
36820987878288,10:13:40.987,46.7400,200
36820988012035,10:13:40.988,46.7200,50
36821572751795,10:13:41.572,46.7200,50
36840109246469,10:14:00.109,46.6900,100
36840210240841,10:14:00.210,46.6900,100
36840212878705,10:14:00.212,46.6800,100
36843165678229,10:14:03.165,46.7000,100
36843165678229,10:14:03.165,46.7000,100
36843168121124,10:14:03.168,46.7000,100
36843171189624,10:14:03.171,46.7000,100
36843223047033,10:14:03.223,46.7000,300
36843251675782,10:14:03.251,46.6900,11
36844225042626,10:14:04.225,46.6900,89
36857414842888,10:14:17.414,46.6600,100
36887681399719,10:14:47.681,46.6650,100
36887681604143,10:14:47.681,46.6500,100
36887730893871,10:14:47.730,46.6550,100
36888830676897,10:14:48.830,46.6300,15
36893922205590,10:14:53.922,46.6500,100
36895451531972,10:14:55.451,46.6500,100
36902879259494,10:15:02.879,46.6200,100
36911883588736,10:15:11.883,46.5800,100
36918274948141,10:15:18.274,46.6000,100
36918274948141,10:15:18.274,46.6000,200
36918276755794,10:15:18.276,46.6000,300
36918276849815,10:15:18.276,46.6000,100
36918279186333,10:15:18.279,46.6000,100
36918398812662,10:15:18.398,46.6000,100
36918816463054,10:15:18.816,46.6100,100
36918822073626,10:15:18.822,46.6100,100
36918822073626,10:15:18.822,46.6100,100
36918851594826,10:15:18.851,46.6100,3
36920711018861,10:15:20.711,46.6100,100
36920711018861,10:15:20.711,46.6100,100
36922097356728,10:15:22.097,46.6000,100
36922097464921,10:15:22.097,46.6000,150
36923000488472,10:15:23.000,46.6050,100
36923000488472,10:15:23.000,46.6000,250
36923000520461,10:15:23.000,46.6000,100
36923003020289,10:15:23.003,46.6000,197
36923003020289,10:15:23.003,46.6000,100
36929079318674,10:15:29.079,46.6000,400
36929080231511,10:15:29.080,46.6100,100
36929199283010,10:15:29.199,46.6100,100
36929472894510,10:15:29.472,46.6000,100
36929472894510,10:15:29.472,46.6000,300
36929477537615,10:15:29.477,46.6000,100
36931508602395,10:15:31.508,46.6100,100
36931508602395,10:15:31.508,46.6100,100
36931928137132,10:15:31.928,46.6100,200
36931928137132,10:15:31.928,46.6000,100
36933205428222,10:15:33.205,46.6100,100
36933205428222,10:15:33.205,46.6100,100
36935713011914,10:15:35.713,46.6000,400
36935713011914,10:15:35.713,46.6000,100
36935713011914,10:15:35.713,46.6000,100
36935713011914,10:15:35.713,46.6000,100
36935713355124,10:15:35.713,46.6000,100
36941983197632,10:15:41.983,46.6000,100
36942000943378,10:15:42.000,46.6000,200
36942001096782,10:15:42.001,46.6000,100
36942007871984,10:15:42.007,46.6000,100
36942007871984,10:15:42.007,46.6000,100
36942007871984,10:15:42.007,46.6000,100
36942027191159,10:15:42.027,46.6100,100
36942121200428,10:15:42.121,46.6100,100
36942121229039,10:15:42.121,46.6100,100
36947864970384,10:15:47.864,46.6200,71
36947865010480,10:15:47.865,46.6200,29
36947867376046,10:15:47.867,46.6300,100
36948676471756,10:15:48.676,46.6300,100
36952382258664,10:15:52.382,46.6400,100
36952382258664,10:15:52.382,46.6400,100
36957483435930,10:15:57.483,46.6500,100
36960260737152,10:16:00.260,46.6400,100
36960262417619,10:16:00.262,46.6400,100
36960262417619,10:16:00.262,46.6400,100
36960263107294,10:16:00.263,46.6400,100
36960263107294,10:16:00.263,46.6400,100
36960263107294,10:16:00.263,46.6400,100
36961867204442,10:16:01.867,46.6400,100
36962708788387,10:16:02.708,46.6400,30
36962708788387,10:16:02.708,46.6400,70
36963655806739,10:16:03.655,46.6400,12
36963655806739,10:16:03.655,46.6400,38
36967200833072,10:16:07.200,46.6500,100
36967205442474,10:16:07.205,46.6600,100
36967205442474,10:16:07.205,46.6600,100
36967205442474,10:16:07.205,46.6600,100
36967205442474,10:16:07.205,46.6600,100
36967205442474,10:16:07.205,46.6600,100
36967205442474,10:16:07.205,46.6600,100
36971658814931,10:16:11.658,46.6700,100
36985908945015,10:16:25.908,46.6700,100
36985909414192,10:16:25.909,46.6600,100
36998480315585,10:16:38.480,46.6400,100
36998480315585,10:16:38.480,46.6400,100
36998481189084,10:16:38.481,46.6500,100
36998481189084,10:16:38.481,46.6500,100
37002476967693,10:16:42.476,46.6700,225
37002476992054,10:16:42.476,46.6700,75
37002579766581,10:16:42.579,46.6900,12
37009236058014,10:16:49.236,46.6800,100
37013367857475,10:16:53.367,46.6600,100
37031171451105,10:17:11.171,46.6700,100
37031171480014,10:17:11.171,46.6700,100
37031921128229,10:17:11.921,46.6800,41
37034098522098,10:17:14.098,46.7100,100
37038980903594,10:17:18.980,46.7100,100
37045407227175,10:17:25.407,46.7000,17
37045407227175,10:17:25.407,46.7000,100
37053894725151,10:17:33.894,46.6800,100
37053895348844,10:17:33.895,46.6700,100
37062906802060,10:17:42.906,46.6700,22
37062907665866,10:17:42.907,46.6600,28
37064544326651,10:17:44.544,46.6600,62
37064544444586,10:17:44.544,46.6600,10
37064544706810,10:17:44.544,46.6500,100
37070066001893,10:17:50.066,46.6100,100
37077043411067,10:17:57.043,46.6000,1
37077984210741,10:17:57.984,46.6000,156
37077984210741,10:17:57.984,46.6000,200
37077996701144,10:17:57.996,46.6000,100
37079715123650,10:17:59.715,46.6100,100
37082745470603,10:18:02.745,46.6300,13
37082745508252,10:18:02.745,46.6300,87
37082745508252,10:18:02.745,46.6300,100
37082745986910,10:18:02.745,46.6300,100
37082745986910,10:18:02.745,46.6200,325
37082745986910,10:18:02.745,46.6200,100
37082745986910,10:18:02.745,46.6200,100
37087104163842,10:18:07.104,46.6200,100
37087104163842,10:18:07.104,46.6200,100
37087104163842,10:18:07.104,46.6200,100
37094570276138,10:18:14.570,46.6400,100
37106923332353,10:18:26.923,46.6300,100
37115656027306,10:18:35.656,46.6100,200
37115656056432,10:18:35.656,46.6100,100
37115796970098,10:18:35.796,46.6100,100
37115812659233,10:18:35.812,46.6000,12
37121293213886,10:18:41.293,46.6000,249
37121293302655,10:18:41.293,46.6000,151
37123430765342,10:18:43.430,46.6000,200
37123430765342,10:18:43.430,46.6000,100
37123431593592,10:18:43.431,46.6000,100
37123974494033,10:18:43.974,46.6000,100
37123974583131,10:18:43.974,46.6000,123
37125349785297,10:18:45.349,46.6100,100
37125349785297,10:18:45.349,46.6100,100
37125349785297,10:18:45.349,46.6100,100
37129986387411,10:18:49.986,46.6300,100
37130644699895,10:18:50.644,46.6300,100
37142853571894,10:19:02.853,46.6200,200
37142853571894,10:19:02.853,46.6200,100
37143610343120,10:19:03.610,46.6200,200
37143610343120,10:19:03.610,46.6200,100
37146326879207,10:19:06.326,46.6000,100
37146326879207,10:19:06.326,46.6000,100
37146327350765,10:19:06.327,46.6000,100
37146327350765,10:19:06.327,46.6000,100
37146328015678,10:19:06.328,46.6000,100
37146328015678,10:19:06.328,46.6000,100
37149564331275,10:19:09.564,46.6100,100
37149564331275,10:19:09.564,46.6100,111
37150079759459,10:19:10.079,46.6300,100
37161044262559,10:19:21.044,46.6300,100
37161044262559,10:19:21.044,46.6300,300
37165023482138,10:19:25.023,46.6300,100
37165023482138,10:19:25.023,46.6300,100
37167273956458,10:19:27.273,46.6400,100
37167273956458,10:19:27.273,46.6400,100
37169956634903,10:19:29.956,46.6500,200
37173682405105,10:19:33.682,46.6600,100
37174764144031,10:19:34.764,46.6900,100
37174764778571,10:19:34.764,46.7000,100
37174764841125,10:19:34.764,46.7000,100
37179951422208,10:19:39.951,46.7000,60
37191335596196,10:19:51.335,46.6600,100
37200044769381,10:20:00.044,46.6500,100
37200044852210,10:20:00.044,46.6400,100
37200044852210,10:20:00.044,46.6400,100
37200044852210,10:20:00.044,46.6400,100
37200045201391,10:20:00.045,46.6500,100
37200045201391,10:20:00.045,46.6400,100
37200046253811,10:20:00.046,46.6300,100
37200443650236,10:20:00.443,46.6300,10
37200443650236,10:20:00.443,46.6300,100
37206791269308,10:20:06.791,46.6400,100
37213180283296,10:20:13.180,46.6300,100
37213180521411,10:20:13.180,46.6300,100
37213180904577,10:20:13.180,46.6300,100
37217834162775,10:20:17.834,46.6400,100
37225396144258,10:20:25.396,46.6550,100
37225396173594,10:20:25.396,46.6500,200
37227669992378,10:20:27.669,46.6400,3
37227670077816,10:20:27.670,46.6400,64
37227670103182,10:20:27.670,46.6400,36
37227670103182,10:20:27.670,46.6400,64
37227670125721,10:20:27.670,46.6400,36
37228783639120,10:20:28.783,46.6500,100
37228783639120,10:20:28.783,46.6500,100
37246836514276,10:20:46.836,46.6600,100
37248714172719,10:20:48.714,46.6600,100
37248714172719,10:20:48.714,46.6600,100
37257813611078,10:20:57.813,46.6500,62
37257814805247,10:20:57.814,46.6500,38
37257814805247,10:20:57.814,46.6500,11
37257814846873,10:20:57.814,46.6500,87
37257814884283,10:20:57.814,46.6500,13
37260110219371,10:21:00.110,46.6400,100
37260149217852,10:21:00.149,46.6400,100
37260149217852,10:21:00.149,46.6400,100
37273918513116,10:21:13.918,46.6400,100
37273918513116,10:21:13.918,46.6400,100
37273924977086,10:21:13.924,46.6500,200
37283807754439,10:21:23.807,46.6700,100
37283807754439,10:21:23.807,46.6700,100
37283807785347,10:21:23.807,46.6700,78
37285740214279,10:21:25.740,46.6700,100
37288798360313,10:21:28.798,46.6900,100
37292223193262,10:21:32.223,46.6900,100
37295023717653,10:21:35.023,46.6900,100
37295023828328,10:21:35.023,46.6900,59
37302600197846,10:21:42.600,46.6900,41
37302600226576,10:21:42.600,46.6900,41
37302600285261,10:21:42.600,46.6900,41
37302600420169,10:21:42.600,46.6900,18
37305019702547,10:21:45.019,46.6800,100
37305019798964,10:21:45.019,46.6800,59
37305019846607,10:21:45.019,46.6800,41
37326058688156,10:22:06.058,46.7000,30
37326058715019,10:22:06.058,46.7000,70
37326058715019,10:22:06.058,46.7000,100
37330024272706,10:22:10.024,46.7000,100
37330024821335,10:22:10.024,46.6900,100
37334133810583,10:22:14.133,46.6900,10
37384110671707,10:23:04.110,46.6800,100
37384110671707,10:23:04.110,46.6900,100
37384110672738,10:23:04.110,46.6900,100
37384110707764,10:23:04.110,46.6900,645
37384111036156,10:23:04.111,46.6800,100
37384133623392,10:23:04.133,46.6800,100
37384133623392,10:23:04.133,46.6800,100
37384238375417,10:23:04.238,46.6900,100
37384238375417,10:23:04.238,46.6900,100
37385027308182,10:23:05.027,46.6900,100
37387361851485,10:23:07.361,46.7000,100
37387437047997,10:23:07.437,46.7000,150
37389553966532,10:23:09.553,46.7100,200
37389553966532,10:23:09.553,46.7100,100
37389557031485,10:23:09.557,46.7200,100
37389557232120,10:23:09.557,46.7200,100
37389557232120,10:23:09.557,46.7200,300
37389557232120,10:23:09.557,46.7200,100
37389857802981,10:23:09.857,46.7200,100
37389857828329,10:23:09.857,46.7200,24
37389857877563,10:23:09.857,46.7200,76
37390024225150,10:23:10.024,46.7200,100
37394337784894,10:23:14.337,46.7300,100
37394338582185,10:23:14.338,46.7400,132
37395055748728,10:23:15.055,46.7400,168
37395055748728,10:23:15.055,46.7400,32
37395056100840,10:23:15.056,46.7400,68
37395691387605,10:23:15.691,46.7500,200
37395691414398,10:23:15.691,46.7500,100
37395691414398,10:23:15.691,46.7500,100
37395692463438,10:23:15.692,46.7600,100
37395693724316,10:23:15.693,46.7700,800
37411102345291,10:23:31.102,46.8000,100
37411103810991,10:23:31.103,46.8000,77
37411104291067,10:23:31.104,46.8000,23
37412341385385,10:23:32.341,46.8150,100
37412341385385,10:23:32.341,46.8100,100
37412433091934,10:23:32.433,46.8200,100
37426165067668,10:23:46.165,46.8500,100
37426165067668,10:23:46.165,46.8300,100
37426165341860,10:23:46.165,46.8300,100
37426170215874,10:23:46.170,46.8300,100
37432817697605,10:23:52.817,46.8300,100
37432817697605,10:23:52.817,46.8300,100
37432820498424,10:23:52.820,46.8200,200
37432830022557,10:23:52.830,46.8200,100
37433165991226,10:23:53.165,46.8100,100
37435449294322,10:23:55.449,46.7900,21
37435449320005,10:23:55.449,46.7900,69
37466387799121,10:24:26.387,46.7700,100
37499545594800,10:24:59.545,46.7600,9
37499545594800,10:24:59.545,46.7600,100
37505807566801,10:25:05.807,46.7600,33
37520711788306,10:25:20.711,46.7700,100
37522720299819,10:25:22.720,46.7700,100
37523007126825,10:25:23.007,46.7800,100
37532651724730,10:25:32.651,46.7800,100
37532652045286,10:25:32.652,46.7800,100
37532652045286,10:25:32.652,46.7800,100
37536068419916,10:25:36.068,46.8000,500
37544717856577,10:25:44.717,46.8300,100
37544718621019,10:25:44.718,46.8400,500
37544731024266,10:25:44.731,46.8600,100
37566607350581,10:26:06.607,46.8800,100
37566607350581,10:26:06.607,46.8800,100
37577687414820,10:26:17.687,46.9100,2
37577687414820,10:26:17.687,46.9100,100
37577687414820,10:26:17.687,46.9100,198
37577687580902,10:26:17.687,46.9100,2
37577687580902,10:26:17.687,46.9100,100
37583016999719,10:26:23.016,46.9100,100
37584610094034,10:26:24.610,46.9000,100
37584610094034,10:26:24.610,46.9000,10
37588787521900,10:26:28.787,46.9000,100
37588788074480,10:26:28.788,46.8800,100
37589478849184,10:26:29.478,46.8700,100
37589705196260,10:26:29.705,46.8600,100
37590479798611,10:26:30.479,46.8700,100
37594432425413,10:26:34.432,46.8700,100
37604103930861,10:26:44.103,46.8700,30
37604103930861,10:26:44.103,46.8700,100
37619680332612,10:26:59.680,46.8500,100
37623099912467,10:27:03.099,46.8500,100
37623099963450,10:27:03.099,46.8600,100
37623099963450,10:27:03.099,46.8600,87
37623099990086,10:27:03.099,46.8600,71
37623101071783,10:27:03.101,46.8700,100
37623101071783,10:27:03.101,46.8700,100
37623844952593,10:27:03.844,46.8700,100
37623845493390,10:27:03.845,46.8700,100
37623889183860,10:27:03.889,46.8700,100
37634997496010,10:27:14.997,46.8800,100
37634997496010,10:27:14.997,46.8800,100
37634997496010,10:27:14.997,46.8800,100
37634998583883,10:27:14.998,46.8900,100
37635024514345,10:27:15.024,46.8900,100
37635024514345,10:27:15.024,46.8900,100
37635024818640,10:27:15.024,46.8800,100
37635024879825,10:27:15.024,46.8800,72
37635025001277,10:27:15.025,46.8800,28
37635025001277,10:27:15.025,46.8800,100
37635025001277,10:27:15.025,46.8800,72
37635025053006,10:27:15.025,46.8800,28
37635025227068,10:27:15.025,46.8900,100
37635764583770,10:27:15.764,46.8900,100
37635764583770,10:27:15.764,46.8900,26
37635764799974,10:27:15.764,46.8900,74
37635764799974,10:27:15.764,46.8900,100
37637323815472,10:27:17.323,46.9000,200
37640053992034,10:27:20.053,46.9100,100
37640898793704,10:27:20.898,46.9100,100
37662456079466,10:27:42.456,46.9100,25
37662456079466,10:27:42.456,46.9100,58
37663709161130,10:27:43.709,46.9100,75
37667038147011,10:27:47.038,46.9100,15
37668273448556,10:27:48.273,46.9100,100
37669896719255,10:27:49.896,46.9200,20
37673132313342,10:27:53.132,46.9200,80
37673132313342,10:27:53.132,46.9200,20
37674467182189,10:27:54.467,46.9200,80
37674467182189,10:27:54.467,46.9200,20
37675705162698,10:27:55.705,46.9200,80
37678541179396,10:27:58.541,46.9300,100
37682471644617,10:28:02.471,46.9500,70
37682471725227,10:28:02.471,46.9500,30
37694681942375,10:28:14.681,46.9400,9
37701141940653,10:28:21.141,46.9200,100
37721612601109,10:28:41.612,46.9300,100
37722042956760,10:28:42.042,46.9300,200
37722043340805,10:28:42.043,46.9300,100
37722583032816,10:28:42.583,46.9300,100
37722583032816,10:28:42.583,46.9300,100
37725020068348,10:28:45.020,46.9300,100
37747963513244,10:29:07.963,46.9600,100
37748391459870,10:29:08.391,46.9600,100
37750619575455,10:29:10.619,46.9600,100
37755319829434,10:29:15.319,46.9400,100
37759636745346,10:29:19.636,46.9400,100
37783900417887,10:29:43.900,46.9400,20
37783900417887,10:29:43.900,46.9400,5
37783900458690,10:29:43.900,46.9400,95
37783900500927,10:29:43.900,46.9400,51
37783900680797,10:29:43.900,46.9400,100
37795233284149,10:29:55.233,46.9300,100
37795234063039,10:29:55.234,46.9300,21
37795235681520,10:29:55.235,46.9400,55
37795235685996,10:29:55.235,46.9400,45
37800024614422,10:30:00.024,46.9400,100
37802872464958,10:30:02.872,46.9500,50
37802872489592,10:30:02.872,46.9500,350
37802872489592,10:30:02.872,46.9500,100
37802872489592,10:30:02.872,46.9500,100
37820023784316,10:30:20.023,46.9950,100
37820023784316,10:30:20.023,46.9900,100
37820023816255,10:30:20.023,46.9900,5
37820023816255,10:30:20.023,46.9900,100
37823621084087,10:30:23.621,46.9900,74
37825460346976,10:30:25.460,46.9900,26
37825460346976,10:30:25.460,46.9900,74
37825460409717,10:30:25.460,46.9900,26
37826461305650,10:30:26.461,46.9900,100
37826761912944,10:30:26.761,46.9900,100
37837236783178,10:30:37.236,46.9900,100
37837237123956,10:30:37.237,46.9800,100
37837250884006,10:30:37.250,46.9900,100
37839700316985,10:30:39.700,46.9900,100
37839700354918,10:30:39.700,47.0000,50
37845020076633,10:30:45.020,46.9900,100
37853370620917,10:30:53.370,47.0000,350
37853370620917,10:30:53.370,47.0000,400
37861504403791,10:31:01.504,47.0200,100
37861504403791,10:31:01.504,47.0200,100
37861505995830,10:31:01.505,47.0200,50
37865032042227,10:31:05.032,47.0200,100
37865032099894,10:31:05.032,47.0200,9
37865032558491,10:31:05.032,47.0200,100
37866199153007,10:31:06.199,47.0300,50
37866199181262,10:31:06.199,47.0300,50
37866200233566,10:31:06.200,47.0400,100
37866546841171,10:31:06.546,47.0400,100
37866552030630,10:31:06.552,47.0400,100
37866552030630,10:31:06.552,47.0400,100
37867711630562,10:31:07.711,47.0400,100
37868649773620,10:31:08.649,47.0500,400
37868685764206,10:31:08.685,47.0500,200
37875530919480,10:31:15.530,47.0500,100
37875530919480,10:31:15.530,47.0500,100
37875530919480,10:31:15.530,47.0500,100
37875530919480,10:31:15.530,47.0500,100
37875534427349,10:31:15.534,47.0700,100
37875537497117,10:31:15.537,47.0700,100
37876502172884,10:31:16.502,47.0700,100
37890486017463,10:31:30.486,47.0950,200
37890486501970,10:31:30.486,47.0900,100
37890513654176,10:31:30.513,47.0900,100
37890521599586,10:31:30.521,47.0900,46
37891503211492,10:31:31.503,47.0950,200
37892251592071,10:31:32.251,47.0900,100
37892251592071,10:31:32.251,47.0900,100
37892251620744,10:31:32.251,47.0900,200
37892253508773,10:31:32.253,47.0900,100
37895023741611,10:31:35.023,47.0950,200
37900310994597,10:31:40.310,47.1000,200
37900311021672,10:31:40.311,47.1000,46
37909814581085,10:31:49.814,47.1100,100
37909814581085,10:31:49.814,47.1100,100
37909814581085,10:31:49.814,47.1100,100
37929091489821,10:32:09.091,47.0900,21
37929092139141,10:32:09.092,47.0900,79
37929092139141,10:32:09.092,47.0900,8
37929092139141,10:32:09.092,47.0900,13
37929092186785,10:32:09.092,47.0900,87
37929092298145,10:32:09.092,47.0900,13
37929092333414,10:32:09.092,47.0900,100
37931421625093,10:32:11.421,47.1200,84
37931421654592,10:32:11.421,47.1200,116
37931421654592,10:32:11.421,47.1200,100
37931421654592,10:32:11.421,47.1200,200
37941036937111,10:32:21.036,47.1500,100
37941036937111,10:32:21.036,47.1500,400
37941036937111,10:32:21.036,47.1500,10
37941036937111,10:32:21.036,47.1500,125
37941037672409,10:32:21.037,47.1600,40
37941038114453,10:32:21.038,47.1600,100
37942354060354,10:32:22.354,47.1700,100
37942354060354,10:32:22.354,47.1700,100
37949176639900,10:32:29.176,47.2100,100
37951390418290,10:32:31.390,47.2400,200
37951390503343,10:32:31.390,47.2400,100
37951390618439,10:32:31.390,47.2400,331
37951390618439,10:32:31.390,47.2400,400
37951390618439,10:32:31.390,47.2400,100
37951390618439,10:32:31.390,47.2400,200
37951391225840,10:32:31.391,47.2300,100
37951398437530,10:32:31.398,47.2200,1
37951576884881,10:32:31.576,47.2200,99
37951576884881,10:32:31.576,47.2200,100
37951576884881,10:32:31.576,47.2200,1
37951576917732,10:32:31.576,47.2200,99
37951843514338,10:32:31.843,47.2200,100
37951843514338,10:32:31.843,47.2200,100
37951844309165,10:32:31.844,47.2200,100
37951844835309,10:32:31.844,47.2100,100
37952033185608,10:32:32.033,47.2100,100
37954076485693,10:32:34.076,47.2200,100
37954941474701,10:32:34.941,47.2000,100
37958557691675,10:32:38.557,47.1800,100
37961602121313,10:32:41.602,47.1800,100
37961602121313,10:32:41.602,47.1800,10
37961602199606,10:32:41.602,47.1700,100
37962011740366,10:32:42.011,47.1700,75
37965880609009,10:32:45.880,47.1400,100
37965880609009,10:32:45.880,47.1400,50
37965880609836,10:32:45.880,47.1400,50
37993321753986,10:33:13.321,47.1200,100
37993321780262,10:33:13.321,47.1200,100
37993321780262,10:33:13.321,47.1200,100
37993321838757,10:33:13.321,47.1200,200
37993321851144,10:33:13.321,47.1200,100
37995043705128,10:33:15.043,47.1200,100
38005123192066,10:33:25.123,47.1000,200
38030318148991,10:33:50.318,47.1200,100
38030318148991,10:33:50.318,47.1200,100
38030318175683,10:33:50.318,47.1200,100
38030318175683,10:33:50.318,47.1200,100
38030319838984,10:33:50.319,47.1300,400
38030320693817,10:33:50.320,47.1300,100
38030320693817,10:33:50.320,47.1300,100
38030320693817,10:33:50.320,47.1300,100
38030321097775,10:33:50.321,47.1300,100
38030321243384,10:33:50.321,47.1300,100
38030321425890,10:33:50.321,47.1300,100
38030371431825,10:33:50.371,47.1400,100
38030371431825,10:33:50.371,47.1400,100
38041184947152,10:34:01.184,47.1300,100
38041184947152,10:34:01.184,47.1300,52
38041184983309,10:34:01.184,47.1300,48
38041186892296,10:34:01.186,47.1200,100
38041189339439,10:34:01.189,47.1100,28
38041383791402,10:34:01.383,47.1100,72
38049881322802,10:34:09.881,47.1100,100
38049981497822,10:34:09.981,47.1100,100
38050035685175,10:34:10.035,47.1100,100
38050036429869,10:34:10.036,47.1100,100
38050036429869,10:34:10.036,47.1100,100
38052471843004,10:34:12.471,47.1150,100
38052471950945,10:34:12.471,47.1100,100
38054055888236,10:34:14.055,47.1100,100
38108404542178,10:35:08.404,47.0800,100
38108625156632,10:35:08.625,47.0900,300
38108625156632,10:35:08.625,47.0800,100
38114656652172,10:35:14.656,47.1000,100
38114656652172,10:35:14.656,47.1000,6
38114656680092,10:35:14.656,47.1000,94
38114656680092,10:35:14.656,47.1000,100
38114656971725,10:35:14.656,47.1100,27
38114656971725,10:35:14.656,47.1100,8
38114657544556,10:35:14.657,47.1100,92
38114657544556,10:35:14.657,47.1100,100
38115504686846,10:35:15.504,47.1200,100
38126177191183,10:35:26.177,47.1500,400
38126177632928,10:35:26.177,47.1600,63
38126177662293,10:35:26.177,47.1600,37
38126263453746,10:35:26.263,47.1700,100
38126337799535,10:35:26.337,47.1900,100
38126338216131,10:35:26.338,47.1900,100
38126338310864,10:35:26.338,47.1900,100
38126338310864,10:35:26.338,47.1900,163
38126338537041,10:35:26.338,47.1900,11
38126338690827,10:35:26.338,47.1900,26
38126338690827,10:35:26.338,47.1900,31
38126338690827,10:35:26.338,47.1900,43
38126338740087,10:35:26.338,47.1900,57
38141940964844,10:35:41.940,47.2000,100
38141940964844,10:35:41.940,47.2000,100
38141940996178,10:35:41.940,47.2000,395
38141941002979,10:35:41.941,47.2000,5
38141941493179,10:35:41.941,47.2100,20
38141941499360,10:35:41.941,47.2100,45
38142050035314,10:35:42.050,47.2100,35
38159824528873,10:35:59.824,47.2300,100
38159824528873,10:35:59.824,47.2300,3
38159824528873,10:35:59.824,47.2300,1
38159825350601,10:35:59.825,47.2300,10
38159825350601,10:35:59.825,47.2200,90
38159825390814,10:35:59.825,47.2200,10
38159825608030,10:35:59.825,47.2200,88
38159826049616,10:35:59.826,47.2200,100
38161024946834,10:36:01.024,47.2100,100
38161025044506,10:36:01.025,47.2100,100
38161025083770,10:36:01.025,47.2100,100
38161453722971,10:36:01.453,47.2000,100
38161455216465,10:36:01.455,47.1900,100
38161460252426,10:36:01.460,47.1800,10
38161468028668,10:36:01.468,47.1800,4
38175601947126,10:36:15.601,47.1500,9
38183052324953,10:36:23.052,47.1500,100
38201785743576,10:36:41.785,47.1500,109
38201785743576,10:36:41.785,47.1500,100
38201785743576,10:36:41.785,47.1500,100
38201813635754,10:36:41.813,47.1600,100
38201813635754,10:36:41.813,47.1600,100
38204439929016,10:36:44.439,47.1800,100
38205602304565,10:36:45.602,47.1900,100
38205726020698,10:36:45.726,47.2000,100
38208054485280,10:36:48.054,47.2100,100
38217691908255,10:36:57.691,47.2200,100
38217709873095,10:36:57.709,47.2300,40
38217710253189,10:36:57.710,47.2300,50
38217710268198,10:36:57.710,47.2300,40
38217710318996,10:36:57.710,47.2300,80
38217710423098,10:36:57.710,47.2300,6
38217710455424,10:36:57.710,47.2300,34
38217710482023,10:36:57.710,47.2300,6
38217710505523,10:36:57.710,47.2300,6
38217710526865,10:36:57.710,47.2300,28
38217710543186,10:36:57.710,47.2300,6
38217825674102,10:36:57.825,47.2300,28
38217833819468,10:36:57.833,47.2200,100
38217833819468,10:36:57.833,47.2200,100
38217833819468,10:36:57.833,47.2200,100
38217834002050,10:36:57.834,47.2200,100
38217897847127,10:36:57.897,47.2300,72
38219147312030,10:36:59.147,47.2500,100
38227834424477,10:37:07.834,47.2500,100
38227834424477,10:37:07.834,47.2500,200
38227834792740,10:37:07.834,47.2500,200
38227834882259,10:37:07.834,47.2500,200
38227835017682,10:37:07.835,47.2500,200
38227836060997,10:37:07.836,47.2500,200
38233881024796,10:37:13.881,47.2600,50
38233922518971,10:37:13.922,47.2500,200
38233922662228,10:37:13.922,47.2500,199
38233922688462,10:37:13.922,47.2500,1
38233922730674,10:37:13.922,47.2500,100
38233922844611,10:37:13.922,47.2500,188
38233923209718,10:37:13.923,47.2400,100
38233924165824,10:37:13.924,47.2400,34
38234840677278,10:37:14.840,47.2000,100
38234840677278,10:37:14.840,47.2000,76
38234840831717,10:37:14.840,47.2000,24
38242828307128,10:37:22.828,47.2000,100
38242828307128,10:37:22.828,47.2000,100
38248895589449,10:37:28.895,47.2200,100
38250255365392,10:37:30.255,47.2200,100
38250255365392,10:37:30.255,47.2200,100
38252345406235,10:37:32.345,47.2500,200
38252345445079,10:37:32.345,47.2500,200
38252346019859,10:37:32.346,47.2500,200
38252346225913,10:37:32.346,47.2500,200
38252346225913,10:37:32.346,47.2500,100
38252346653757,10:37:32.346,47.2500,200
38252346653757,10:37:32.346,47.2500,100
38252505025637,10:37:32.505,47.2500,100
38252568387177,10:37:32.568,47.2500,200
38255424005803,10:37:35.424,47.2500,100
38256026227732,10:37:36.026,47.2500,100
38256035980412,10:37:36.035,47.2500,100
38257208528529,10:37:37.208,47.2400,100
38257208553414,10:37:37.208,47.2400,100
38257261241313,10:37:37.261,47.2400,100
38289729267094,10:38:09.729,47.2200,100
38293279236621,10:38:13.279,47.2300,64
38293279266412,10:38:13.279,47.2300,36
38293279707292,10:38:13.279,47.2400,64
38293279743339,10:38:13.279,47.2400,36
38294067909901,10:38:14.067,47.2500,100
38294067909901,10:38:14.067,47.2500,100
38295020563404,10:38:15.020,47.2500,100
38295020563404,10:38:15.020,47.2500,100
38296166359353,10:38:16.166,47.2500,100
38296166394964,10:38:16.166,47.2500,100
38296166394964,10:38:16.166,47.2500,100
38307293927492,10:38:27.293,47.2400,100
38307293927492,10:38:27.293,47.2400,7
38410080558868,10:40:10.080,47.2000,100
38410080558868,10:40:10.080,47.2000,8
38410080558868,10:40:10.080,47.2000,92
38410080644605,10:40:10.080,47.2000,8
38410080674054,10:40:10.080,47.2000,92
38410080817525,10:40:10.080,47.2000,8
38422175306903,10:40:22.175,47.1600,100
38422175308830,10:40:22.175,47.1500,6
38422176080966,10:40:22.176,47.1500,94
38422177542652,10:40:22.177,47.1400,10
38447100072682,10:40:47.100,47.1200,100
38447100072682,10:40:47.100,47.1200,115
38447100072682,10:40:47.100,47.1200,100
38447100072682,10:40:47.100,47.1200,100
38447101468132,10:40:47.101,47.1300,100
38447102697645,10:40:47.102,47.1400,100
38447104975169,10:40:47.104,47.1600,100
38447104975169,10:40:47.104,47.1600,100
38447104975169,10:40:47.104,47.1600,100
38448098975659,10:40:48.098,47.1800,100
38470191354624,10:41:10.191,47.1700,100
38470191354624,10:41:10.191,47.1700,81
38470191363923,10:41:10.191,47.1700,19
38470191365919,10:41:10.191,47.1600,75
38470191368340,10:41:10.191,47.1600,25
38470191368340,10:41:10.191,47.1600,25
38470191686547,10:41:10.191,47.1600,75
38470192328494,10:41:10.192,47.1500,200
38470192350692,10:41:10.192,47.1500,100
38474241534792,10:41:14.241,47.1500,364
38476101748823,10:41:16.101,47.1600,100
38476101748823,10:41:16.101,47.1600,100
38488341552112,10:41:28.341,47.1600,100
38500905086970,10:41:40.905,47.1800,100
38500905648213,10:41:40.905,47.1900,100
38500905648213,10:41:40.905,47.1900,60
38500905682754,10:41:40.905,47.1900,40
38501102900684,10:41:41.102,47.2100,100
38501102900684,10:41:41.102,47.2100,100
38515029742009,10:41:55.029,47.2200,12
38516512555438,10:41:56.512,47.2200,88
38516512555438,10:41:56.512,47.2200,100
38519035105615,10:41:59.035,47.2000,100
38519035105615,10:41:59.035,47.2000,100
38538882563528,10:42:18.882,47.1900,10
38538882565518,10:42:18.882,47.1900,50
38538882660835,10:42:18.882,47.1900,40
38538882660835,10:42:18.882,47.1900,7
38538882660835,10:42:18.882,47.1900,143
38538882991641,10:42:18.882,47.1900,57
38542296908169,10:42:22.296,47.1850,200
38542297285746,10:42:22.297,47.1850,100
38542297285746,10:42:22.297,47.1800,100
38542297296711,10:42:22.297,47.1800,100
38574248590495,10:42:54.248,47.1700,100
38574249168169,10:42:54.249,47.1800,100
38574249168169,10:42:54.249,47.1800,100
38574249168169,10:42:54.249,47.1800,100
38574249168169,10:42:54.249,47.1800,100
38574249226459,10:42:54.249,47.1900,50
38574249227708,10:42:54.249,47.1900,50
38576097420891,10:42:56.097,47.2000,100
38582800942821,10:43:02.800,47.2100,100
38590110916001,10:43:10.110,47.2300,100
38597262705672,10:43:17.262,47.2300,100
38601932894463,10:43:21.932,47.2300,40
38601932921695,10:43:21.932,47.2300,60
38601932948306,10:43:21.932,47.2300,40
38604548864814,10:43:24.548,47.2500,100
38616547062299,10:43:36.547,47.2600,100
38618274801364,10:43:38.274,47.2600,100
38618274854713,10:43:38.274,47.2600,68
38622548952745,10:43:42.548,47.2600,100
38646624898631,10:44:06.624,47.2700,100
38646624992903,10:44:06.624,47.2700,100
38646624992903,10:44:06.624,47.2700,7
38646624992903,10:44:06.624,47.2700,100
38647846918999,10:44:07.846,47.2900,1
38648664004195,10:44:08.664,47.2600,100
38648664004195,10:44:08.664,47.2600,100
38648664004195,10:44:08.664,47.2600,100
38648664042006,10:44:08.664,47.2600,100
38648667728056,10:44:08.667,47.2800,100
38654527203717,10:44:14.527,47.2700,50
38657472566958,10:44:17.472,47.2700,200
38657474348313,10:44:17.474,47.2700,50
38657474348313,10:44:17.474,47.2700,10
38657474348313,10:44:17.474,47.2700,100
38672104974576,10:44:32.104,47.2700,46
38672123796875,10:44:32.123,47.2700,54
38685838482569,10:44:45.838,47.2600,100
38685838545581,10:44:45.838,47.2500,37
38697338828776,10:44:57.338,47.2700,100
38697422196445,10:44:57.422,47.2800,100
38697514656216,10:44:57.514,47.2900,100
38697514656216,10:44:57.514,47.2900,100
38697514656216,10:44:57.514,47.2900,100
38697514656216,10:44:57.514,47.2900,100
38697514656216,10:44:57.514,47.2900,100
38697514656216,10:44:57.514,47.2900,100
38697515633967,10:44:57.515,47.3000,100
38697515660964,10:44:57.515,47.3000,86
38697515660964,10:44:57.515,47.3000,100
38697515660964,10:44:57.515,47.3000,100
38697515660964,10:44:57.515,47.3000,100
38697515660964,10:44:57.515,47.3000,100
38697595555520,10:44:57.595,47.3100,100
38697596437207,10:44:57.596,47.3200,200
38697596463195,10:44:57.596,47.3200,300
38698712616359,10:44:58.712,47.3500,100
38698818357801,10:44:58.818,47.3200,100
38698818357801,10:44:58.818,47.3200,100
38698820438415,10:44:58.820,47.3100,100
38700470508241,10:45:00.470,47.3100,15
38709304336970,10:45:09.304,47.3200,100
38715602281968,10:45:15.602,47.3200,100
38715652911790,10:45:15.652,47.3200,100
38719266018199,10:45:19.266,47.3000,100
38722940891571,10:45:22.940,47.2600,100
38745531599752,10:45:45.531,47.2500,200
38745743429274,10:45:45.743,47.2500,100
38745743429802,10:45:45.743,47.2400,50
38745743430314,10:45:45.743,47.2400,50
38748392437681,10:45:48.392,47.2400,54
38755714718786,10:45:55.714,47.2500,100
38755714772944,10:45:55.714,47.2500,100
38762047240307,10:46:02.047,47.2500,100
38763242508227,10:46:03.242,47.2500,100
38763242556649,10:46:03.242,47.2500,7
38785612524859,10:46:25.612,47.2500,100
38785612524859,10:46:25.612,47.2500,100
38785612524859,10:46:25.612,47.2500,100
38785612899134,10:46:25.612,47.2600,100
38785636696162,10:46:25.636,47.2500,100
38790764327374,10:46:30.764,47.2600,167
38793130805230,10:46:33.130,47.2600,100
38793130828011,10:46:33.130,47.2600,100
38799258283169,10:46:39.258,47.2700,50
38801970374006,10:46:41.970,47.2700,50
38816648341466,10:46:56.648,47.2600,100
38816648341466,10:46:56.648,47.2600,20
38816648385377,10:46:56.648,47.2600,80
38816648385377,10:46:56.648,47.2600,100
38816649297393,10:46:56.649,47.2500,100
38816649473407,10:46:56.649,47.2500,20
38816649473407,10:46:56.649,47.2500,20
38817113822061,10:46:57.113,47.2500,100
38830872451754,10:47:10.872,47.2400,46
38830872485272,10:47:10.872,47.2500,300
38830872485272,10:47:10.872,47.2400,54
38830872485272,10:47:10.872,47.2400,100
38830872523287,10:47:10.872,47.2400,100
38830872544039,10:47:10.872,47.2400,46
38830872658496,10:47:10.872,47.2400,54
38830872658496,10:47:10.872,47.2400,54
38830872874673,10:47:10.872,47.2400,46
38830872933623,10:47:10.872,47.2400,46
38830872954301,10:47:10.872,47.2400,34
38830872954301,10:47:10.872,47.2400,100
38830872954301,10:47:10.872,47.2400,66
38830873330424,10:47:10.873,47.2400,100
38830873330424,10:47:10.873,47.2400,20
38831205567205,10:47:11.205,47.2500,100
38842398013894,10:47:22.398,47.2700,100
38842648828151,10:47:22.648,47.2800,100
38842648828151,10:47:22.648,47.2800,100
38926504457441,10:48:46.504,47.2500,100
38926504457441,10:48:46.504,47.2500,7
38926504767898,10:48:46.504,47.2500,100
38926504909530,10:48:46.504,47.2500,100
38926504909530,10:48:46.504,47.2500,100
38932991729267,10:48:52.991,47.2400,100
38948836843880,10:49:08.836,47.2400,100
38948836931217,10:49:08.836,47.2400,100
38948837079075,10:49:08.837,47.2400,8
38948837111826,10:49:08.837,47.2400,92
38948837111826,10:49:08.837,47.2400,100
38948837524732,10:49:08.837,47.2400,100
38948837524732,10:49:08.837,47.2400,92
38948837923720,10:49:08.837,47.2400,8
38954979256766,10:49:14.979,47.2500,100
38954979256766,10:49:14.979,47.2500,100
38957224768263,10:49:17.224,47.2700,100
38957224768263,10:49:17.224,47.2700,100
38957224768263,10:49:17.224,47.2700,100
38957224868770,10:49:17.224,47.2700,100
38957225863339,10:49:17.225,47.2800,100
39035232701435,10:50:35.232,47.2900,100
39035232704943,10:50:35.232,47.2900,50
39035232708102,10:50:35.232,47.2900,23
39035232800473,10:50:35.232,47.2900,27
39035232800473,10:50:35.232,47.2900,7
39035232800473,10:50:35.232,47.2900,100
39035282673617,10:50:35.282,47.2700,13
39035947250846,10:50:35.947,47.2700,100
39061752584912,10:51:01.752,47.2500,100
39061752660022,10:51:01.752,47.2500,200
39061752752318,10:51:01.752,47.2500,100
39061772557908,10:51:01.772,47.2500,100
39118517009071,10:51:58.517,47.2250,300
39198672947684,10:53:18.672,47.2250,100
39198672947684,10:53:18.672,47.2400,200
39198672947684,10:53:18.672,47.2500,100
39198672947684,10:53:18.672,47.2500,71
39198672947684,10:53:18.672,47.2500,100
39198672947684,10:53:18.672,47.2500,100
39198672947684,10:53:18.672,47.2500,100
39198672947684,10:53:18.672,47.2500,100
39198672947684,10:53:18.672,47.2500,200
39198673328875,10:53:18.673,47.2500,100
39198673328875,10:53:18.673,47.2500,100
39198673328875,10:53:18.673,47.2500,100
39198674543273,10:53:18.674,47.2500,100
39198674543273,10:53:18.674,47.2400,100
39198674919886,10:53:18.674,47.2300,100
39198675001748,10:53:18.675,47.2300,200
39198675001748,10:53:18.675,47.2300,100
39198675274923,10:53:18.675,47.2300,10
39198675274923,10:53:18.675,47.2300,90
39198675480438,10:53:18.675,47.2400,10
39198676400436,10:53:18.676,47.2500,100
39198698770698,10:53:18.698,47.2700,18
39198799637905,10:53:18.799,47.2700,47
39198800010214,10:53:18.800,47.2700,53
39198800010214,10:53:18.800,47.2700,100
39198836741076,10:53:18.836,47.2700,100
39198872454726,10:53:18.872,47.2700,100
39198872454726,10:53:18.872,47.2700,100
39199129084611,10:53:19.129,47.2500,100
39199129084611,10:53:19.129,47.2500,4
39199129084611,10:53:19.129,47.2500,96
39199130918025,10:53:19.130,47.2400,100
39199130918025,10:53:19.130,47.2500,60
39199131337740,10:53:19.131,47.2500,28
39210602175832,10:53:30.602,47.2200,100
39210602175832,10:53:30.602,47.2200,100
39210602175832,10:53:30.602,47.2200,100
39210602536094,10:53:30.602,47.2100,37
39210602561917,10:53:30.602,47.2100,63
39210602561917,10:53:30.602,47.2100,100
39211970592032,10:53:31.970,47.2100,100
39211971668912,10:53:31.971,47.2100,46
39212002798937,10:53:32.002,47.2100,100
39215820559457,10:53:35.820,47.2050,100
39215820604709,10:53:35.820,47.2050,100
39215820604709,10:53:35.820,47.2000,100
39215820604709,10:53:35.820,47.2000,365
39215820633158,10:53:35.820,47.2000,35
39215820633158,10:53:35.820,47.2000,100
39215820633158,10:53:35.820,47.2000,100
39215820641352,10:53:35.820,47.2000,13
39215820664877,10:53:35.820,47.2000,187
39215831487936,10:53:35.831,47.2000,200
39215831487936,10:53:35.831,47.2000,100
39215831487936,10:53:35.831,47.2000,100
39215831487936,10:53:35.831,47.2000,40
39215831487936,10:53:35.831,47.2000,100
39215977545181,10:53:35.977,47.2000,400
39215977545181,10:53:35.977,47.2000,100
39215978900617,10:53:35.978,47.2000,100
39215979746743,10:53:35.979,47.2000,100
39215980799983,10:53:35.980,47.2000,100
39215982541098,10:53:35.982,47.1900,100
39215982541098,10:53:35.982,47.1900,100
39215989654472,10:53:35.989,47.1900,60
39215992206344,10:53:35.992,47.1900,40
39215992206344,10:53:35.992,47.1900,100
39215992206344,10:53:35.992,47.1900,100
39215993317150,10:53:35.993,47.2000,100
39215993317150,10:53:35.993,47.2000,100
39215993317150,10:53:35.993,47.2000,100
39216032697169,10:53:36.032,47.2000,100
39216032740153,10:53:36.032,47.2000,100
39216032740153,10:53:36.032,47.2000,400
39216032872565,10:53:36.032,47.2000,174
39216033067657,10:53:36.033,47.2000,26
39216040934793,10:53:36.040,47.1950,100
39216040934793,10:53:36.040,47.2000,100
39216040934793,10:53:36.040,47.2000,100
39244667182411,10:54:04.667,47.2000,100
39244667182411,10:54:04.667,47.2100,100
39244667182411,10:54:04.667,47.2100,14
39244667203570,10:54:04.667,47.2100,41
39244667212783,10:54:04.667,47.2100,45
39244667212783,10:54:04.667,47.2100,14
39244668117978,10:54:04.668,47.2200,100
39244668117978,10:54:04.668,47.2200,100
39244668547835,10:54:04.668,47.2200,100
39244689757577,10:54:04.689,47.2100,100
39244689880878,10:54:04.689,47.2100,100
39244703296781,10:54:04.703,47.2000,100
39245094962580,10:54:05.094,47.2000,100
39263264407229,10:54:23.264,47.2200,100
39263264407229,10:54:23.264,47.2200,200
39263264407229,10:54:23.264,47.2200,100
39263264407229,10:54:23.264,47.2200,25
39263264471882,10:54:23.264,47.2200,16
39316204790487,10:55:16.204,47.2300,100
39316205282999,10:55:16.205,47.2300,100
39346442145650,10:55:46.442,47.2500,12
39353102049086,10:55:53.102,47.2600,100
39354117522293,10:55:54.117,47.2600,100
39354120991221,10:55:54.120,47.2400,100
39358213983168,10:55:58.213,47.2300,100
39358214093179,10:55:58.214,47.2300,85
39358214301745,10:55:58.214,47.2300,62
39358214332970,10:55:58.214,47.2300,53
39358214332970,10:55:58.214,47.2300,7
39358214334499,10:55:58.214,47.2300,60
39358214350067,10:55:58.214,47.2300,60
39361239683918,10:56:01.239,47.2300,180
39363507506866,10:56:03.507,47.2200,7
39364430717762,10:56:04.430,47.2200,50
39367425234929,10:56:07.425,47.2000,2
39367425237964,10:56:07.425,47.2000,50
39367425285333,10:56:07.425,47.2000,48
39403264278784,10:56:43.264,47.1800,100
39403677130226,10:56:43.677,47.1700,100
39430391160310,10:57:10.391,47.1500,10
39430391206908,10:57:10.391,47.1500,90
39450313071702,10:57:30.313,47.1400,100
39450313071702,10:57:30.313,47.1400,100
39450313170359,10:57:30.313,47.1400,100
39450313221221,10:57:30.313,47.1300,100
39450313265843,10:57:30.313,47.1300,100
39450313419388,10:57:30.313,47.1300,100
39450316012546,10:57:30.316,47.1300,57
39465442644611,10:57:45.442,47.1200,100
39465443060045,10:57:45.443,47.1200,27
39466598824908,10:57:46.598,47.1100,100
39466598880163,10:57:46.598,47.1100,27
39482160873013,10:58:02.160,47.1000,57
39482160873013,10:58:02.160,47.1000,100
39482160873013,10:58:02.160,47.1000,154
39482160873013,10:58:02.160,47.1000,100
39482160873013,10:58:02.160,47.1000,100
39482160973070,10:58:02.160,47.1000,100
39482161044128,10:58:02.161,47.1000,57
39484476966405,10:58:04.476,47.1100,100
39490880404052,10:58:10.880,47.1100,100
39491284459237,10:58:11.284,47.1000,100
39491286212347,10:58:11.286,47.1000,100
39493677346949,10:58:13.677,47.0900,100
39493677346949,10:58:13.677,47.0900,7
39495033449891,10:58:15.033,47.0900,15
39495035819091,10:58:15.035,47.0800,100
39495326767979,10:58:15.326,47.0700,100
39495327062868,10:58:15.327,47.0700,100
39495327199004,10:58:15.327,47.0700,25
39495327881897,10:58:15.327,47.0600,100
39495327881897,10:58:15.327,47.0600,100
39495327881897,10:58:15.327,47.0600,25
39495328853833,10:58:15.328,47.0600,100
39495328853833,10:58:15.328,47.0600,100
39495328881696,10:58:15.328,47.0600,100
39495331434209,10:58:15.331,47.0600,100
39496503081047,10:58:16.503,47.0700,100
39496503081047,10:58:16.503,47.0700,100
39496503081047,10:58:16.503,47.0700,100
39498304250226,10:58:18.304,47.0600,100
39498304250226,10:58:18.304,47.0600,100
39498369015749,10:58:18.369,47.0600,100
39498384946386,10:58:18.384,47.0700,44
39499772887931,10:58:19.772,47.0600,100
39501706830460,10:58:21.706,47.0500,100
39501707500194,10:58:21.707,47.0400,100
39501707599981,10:58:21.707,47.0400,100
39501732547327,10:58:21.732,47.0500,100
39501739250296,10:58:21.739,47.0500,100
39501739253658,10:58:21.739,47.0500,100
39505134528418,10:58:25.134,47.0600,100
39505134528418,10:58:25.134,47.0600,100
39505134852850,10:58:25.134,47.0600,100
39505510516986,10:58:25.510,47.0800,500
39507516921331,10:58:27.516,47.0900,100
39507516921331,10:58:27.516,47.0900,100
39507516921331,10:58:27.516,47.0900,100
39519849205009,10:58:39.849,47.1000,57
39519849205009,10:58:39.849,47.1000,1
39519849929489,10:58:39.849,47.1000,87
39519849929489,10:58:39.849,47.1000,100
39526208250206,10:58:46.208,47.1000,100
39529503763399,10:58:49.503,47.0800,86
39547982509047,10:59:07.982,47.0400,49
39550447209246,10:59:10.447,47.0700,87
39550447209246,10:59:10.447,47.0700,100
39550447209246,10:59:10.447,47.0700,113
39550447246630,10:59:10.447,47.0700,30
39550447259265,10:59:10.447,47.0700,57
39567712158094,10:59:27.712,47.0700,38
39585101544214,10:59:45.101,47.0800,100
39585101650665,10:59:45.101,47.0800,100
39600534744654,11:00:00.534,47.0900,100
39600534769382,11:00:00.534,47.0900,100
39607792867920,11:00:07.792,47.1200,43
39607792895916,11:00:07.792,47.1200,57
39607792895916,11:00:07.792,47.1200,100
39607792895916,11:00:07.792,47.1200,100
39607793567002,11:00:07.793,47.1200,70
39607793567002,11:00:07.793,47.1200,30
39609007031418,11:00:09.007,47.1350,100
39611129022723,11:00:11.129,47.1350,100
39616926028445,11:00:16.926,47.1350,100
39616932521459,11:00:16.932,47.1500,100
39616932521459,11:00:16.932,47.1500,100
39616932521459,11:00:16.932,47.1600,100
39616932521459,11:00:16.932,47.1600,100
39618612872405,11:00:18.612,47.1500,100
39618612872405,11:00:18.612,47.1500,100
39633111796174,11:00:33.111,47.1300,100
39633111796174,11:00:33.111,47.1100,100
39633111796174,11:00:33.111,47.1100,7
39633111837735,11:00:33.111,47.1100,100
39633426934693,11:00:33.426,47.1100,100
39644611935097,11:00:44.611,47.0900,100
39661712103282,11:01:01.712,47.0600,100
39662015894511,11:01:02.015,47.0600,100
39662822792069,11:01:02.822,47.0600,100
39662823051059,11:01:02.823,47.0600,50
39662824840103,11:01:02.824,47.0600,50
39662824840103,11:01:02.824,47.0600,100
39662834110359,11:01:02.834,47.0700,100
39662834316121,11:01:02.834,47.0700,300
39663390978892,11:01:03.390,47.0900,100
39663402121624,11:01:03.402,47.0900,100
39663426045846,11:01:03.426,47.0900,100
39663459351348,11:01:03.459,47.1000,7
39663460398465,11:01:03.460,47.1000,93
39663490456855,11:01:03.490,47.1100,2
39663916284500,11:01:03.916,47.1200,100
39663916284500,11:01:03.916,47.1200,100
39664667391461,11:01:04.667,47.1100,100
39664667865374,11:01:04.667,47.1100,100
39665812316867,11:01:05.812,47.1200,100
39667410992700,11:01:07.410,47.0900,98
39667411039939,11:01:07.411,47.0900,2
39667411040532,11:01:07.411,47.0800,98
39669215822572,11:01:09.215,47.1100,100
39669215926534,11:01:09.215,47.1100,100
39679747401401,11:01:19.747,47.1300,100
39679747565288,11:01:19.747,47.1300,88
39679747569737,11:01:19.747,47.1300,12
39679749377680,11:01:19.749,47.1300,100
39687602836622,11:01:27.602,47.1400,100
39692145670387,11:01:32.145,47.1500,100
39715411020163,11:01:55.411,47.1700,50
39717986181734,11:01:57.986,47.1500,98
39727779194700,11:02:07.779,47.1700,50
39728209519900,11:02:08.209,47.1700,50
39728209519900,11:02:08.209,47.1700,100
39728212698070,11:02:08.212,47.1700,100
39728212698070,11:02:08.212,47.1700,21
39728212749492,11:02:08.212,47.1700,79
39754473350410,11:02:34.473,47.1700,100
39754474145635,11:02:34.474,47.1600,49
39754474174649,11:02:34.474,47.1600,21
39825475415566,11:03:45.475,47.1800,50
39825475442291,11:03:45.475,47.1800,50
39836275660351,11:03:56.275,47.1900,100
39836275660351,11:03:56.275,47.1900,100
39836275660351,11:03:56.275,47.1900,100
39836275660351,11:03:56.275,47.1900,100
39836275660351,11:03:56.275,47.1900,123
39836275660351,11:03:56.275,47.1900,100
39836275870572,11:03:56.275,47.1900,100
39836275870572,11:03:56.275,47.1900,100
39843187132448,11:04:03.187,47.2100,100
39866076836424,11:04:26.076,47.2100,7
39866076836424,11:04:26.076,47.2100,100
39877957353004,11:04:37.957,47.2300,50
39955190630976,11:05:55.190,47.2000,100
39986059303561,11:06:26.059,47.2200,100
39986059303561,11:06:26.059,47.2200,100
39986479526882,11:06:26.479,47.2200,100
39986479526882,11:06:26.479,47.2200,100
40007911488695,11:06:47.911,47.2100,44
40007911527830,11:06:47.911,47.2100,56
40007919312130,11:06:47.919,47.2100,78
40007919340963,11:06:47.919,47.2100,22
40007919340963,11:06:47.919,47.2100,100
40019931122764,11:06:59.931,47.2200,100
40019931749645,11:06:59.931,47.2300,100
40019931749645,11:06:59.931,47.2300,60
40019931779536,11:06:59.931,47.2300,40
40019931779536,11:06:59.931,47.2300,165
40019931779536,11:06:59.931,47.2300,100
40019931825899,11:06:59.931,47.2400,15
40019932122002,11:06:59.932,47.2300,100
40019932148472,11:06:59.932,47.2300,100
40036128231700,11:07:16.128,47.2300,6
40036128231700,11:07:16.128,47.2300,4
40036133064841,11:07:16.133,47.2300,40
40036133108472,11:07:16.133,47.2300,56
40036214012608,11:07:16.214,47.2200,100
40050432970700,11:07:30.432,47.2200,100
40050432970700,11:07:30.432,47.2200,100
40050434089899,11:07:30.434,47.2200,100
40051439739353,11:07:31.439,47.2300,100
40051440185873,11:07:31.440,47.2400,100
40053632192075,11:07:33.632,47.2600,100
40053647139382,11:07:33.647,47.2600,10
40053647262950,11:07:33.647,47.2700,100
40053647262950,11:07:33.647,47.2700,100
40055740611892,11:07:35.740,47.2800,100
40055743248458,11:07:35.743,47.2900,100
40066502394664,11:07:46.502,47.3200,105
40066502418974,11:07:46.502,47.3200,95
40066502422460,11:07:46.502,47.3200,95
40066503218862,11:07:46.503,47.3300,100
40071293300179,11:07:51.293,47.3200,200
40071293300179,11:07:51.293,47.3200,200
40072672204544,11:07:52.672,47.3100,100
40072672204544,11:07:52.672,47.3100,100
40088111178827,11:08:08.111,47.2900,5
40105541476794,11:08:25.541,47.2800,100
40112462769911,11:08:32.462,47.2900,100
40123214335654,11:08:43.214,47.3000,100
40123249270367,11:08:43.249,47.3100,100
40159268147206,11:09:19.268,47.3300,63
40159269136278,11:09:19.269,47.3300,37
40159269136278,11:09:19.269,47.3300,40
40173016591564,11:09:33.016,47.3200,9
40173016630639,11:09:33.016,47.3200,91
40173017668476,11:09:33.017,47.3100,53
40173017693835,11:09:33.017,47.3100,45
40175446801603,11:09:35.446,47.3000,2
40175446801603,11:09:35.446,47.3000,98
40175446862641,11:09:35.446,47.3000,2
40203925892580,11:10:03.925,47.3100,13
40219447314276,11:10:19.447,47.3000,5
40219447314276,11:10:19.447,47.3000,42
40219447314276,11:10:19.447,47.3000,53
40219447352086,11:10:19.447,47.3000,47
40236957326507,11:10:36.957,47.2900,100
40236957713081,11:10:36.957,47.2900,100
40266473818020,11:11:06.473,47.2700,100
40266492327014,11:11:06.492,47.2700,100
40266492411543,11:11:06.492,47.2700,100
40266492411543,11:11:06.492,47.2700,100
40266492411543,11:11:06.492,47.2700,100
40269158801158,11:11:09.158,47.2900,100
40269158801158,11:11:09.158,47.2900,100
40275558247331,11:11:15.558,47.2900,100
40284136633160,11:11:24.136,47.2700,100
40284137100793,11:11:24.137,47.2800,100
40284137791527,11:11:24.137,47.2700,100
40284137791527,11:11:24.137,47.2700,100
40284143340974,11:11:24.143,47.2700,100
40284143340974,11:11:24.143,47.2700,100
40284143340974,11:11:24.143,47.2700,200
40285643958742,11:11:25.643,47.2800,100
40291297362022,11:11:31.297,47.2700,100
40293843738407,11:11:33.843,47.2700,70
40293843738407,11:11:33.843,47.2600,100
40293843738407,11:11:33.843,47.2600,100
40293843738407,11:11:33.843,47.2600,30
40293843913955,11:11:33.843,47.2600,70
40293848731453,11:11:33.848,47.2500,100
40293849892636,11:11:33.849,47.2600,100
40293911620778,11:11:33.911,47.2500,100
40293911620778,11:11:33.911,47.2500,100
40298422014306,11:11:38.422,47.2400,100
40333173605201,11:12:13.173,47.2400,100
40333173605201,11:12:13.173,47.2400,100
40333173636613,11:12:13.173,47.2400,5
40334715564048,11:12:14.715,47.2400,100
40339878329091,11:12:19.878,47.2500,100
40339878359599,11:12:19.878,47.2500,100
40339878359599,11:12:19.878,47.2500,100
40339878359599,11:12:19.878,47.2500,100
40339878359599,11:12:19.878,47.2500,100
40365562281668,11:12:45.562,47.2400,127
40397337748961,11:13:17.337,47.2300,100
40421229016802,11:13:41.229,47.2200,100
40436435346974,11:13:56.435,47.2300,100
40436435346974,11:13:56.435,47.2300,12
40436435346974,11:13:56.435,47.2300,100
40436736996749,11:13:56.736,47.2300,100
40457728415354,11:14:17.728,47.2300,100
40457728415354,11:14:17.728,47.2300,100
40457749941761,11:14:17.749,47.2400,100
40457749941761,11:14:17.749,47.2400,100
40457770300112,11:14:17.770,47.2500,100
40457770300112,11:14:17.770,47.2500,100
40462226127715,11:14:22.226,47.2600,100
40482624647523,11:14:42.624,47.2800,100
40482624647523,11:14:42.624,47.2800,100
40482624647523,11:14:42.624,47.2800,100
40515983748037,11:15:15.983,47.2800,100
40515983748037,11:15:15.983,47.2800,200
40515983877830,11:15:15.983,47.2900,13
40515983925426,11:15:15.983,47.2900,87
40515983952100,11:15:15.983,47.2900,3
40515983985671,11:15:15.983,47.2900,5
40515983991050,11:15:15.983,47.2900,10
40515984004426,11:15:15.984,47.2900,82
40516533623930,11:15:16.533,47.2800,100
40516533623930,11:15:16.533,47.2800,6
40519788186116,11:15:19.788,47.2600,100
40525770964955,11:15:25.770,47.2600,100
40525771200136,11:15:25.771,47.2600,100
40525771828435,11:15:25.771,47.2600,100
40525772350814,11:15:25.772,47.2600,100
40531282037983,11:15:31.282,47.2600,5
40563997496925,11:16:03.997,47.2800,5
40563997544970,11:16:03.997,47.2800,95
40621693327547,11:17:01.693,47.2800,5
40621693327547,11:17:01.693,47.2800,95
40648453993509,11:17:28.453,47.2900,100
40648453993509,11:17:28.453,47.2900,100
40648454157110,11:17:28.454,47.2900,100
40661908268069,11:17:41.908,47.2900,100
40664621912184,11:17:44.621,47.2900,32
40669386168075,11:17:49.386,47.2900,32
40701120510140,11:18:21.120,47.2800,100
40701120510140,11:18:21.120,47.2800,5
40701541703324,11:18:21.541,47.2700,88
40701541733800,11:18:21.541,47.2700,12
40705243075040,11:18:25.243,47.2600,100
40779773933472,11:19:39.773,47.2200,100
40779773933472,11:19:39.773,47.2100,100
40779773971494,11:19:39.773,47.2100,100
40779774961695,11:19:39.774,47.2100,100
40779774991285,11:19:39.774,47.2100,100
40811270791390,11:20:11.270,47.2100,37
40811272249224,11:20:11.272,47.2200,10
40811272318796,11:20:11.272,47.2200,90
40811272318796,11:20:11.272,47.2200,14
40811272318796,11:20:11.272,47.2200,100
40811272318796,11:20:11.272,47.2200,100
40811272318796,11:20:11.272,47.2200,100
40811273604275,11:20:11.273,47.2200,27
40811273629456,11:20:11.273,47.2200,73
40831129461745,11:20:31.129,47.2300,100
40902686512090,11:21:42.686,47.2200,100
40902686512090,11:21:42.686,47.2200,6
40924362521277,11:22:04.362,47.2000,200
40924362521277,11:22:04.362,47.2000,100
40924362560472,11:22:04.362,47.2000,6
40924363459359,11:22:04.363,47.2000,47
40924363591378,11:22:04.363,47.2000,6
40924422547399,11:22:04.422,47.2000,53
40924422547399,11:22:04.422,47.2000,47
40924422920757,11:22:04.422,47.2000,53
40924422920757,11:22:04.422,47.2000,131
40924746553782,11:22:04.746,47.2000,100
40930304188215,11:22:10.304,47.1800,100
40930304218080,11:22:10.304,47.1800,100
40931295246885,11:22:11.295,47.1800,200
40944379030120,11:22:24.379,47.1600,100
40944880024947,11:22:24.880,47.1600,100
41005727699554,11:23:25.727,47.1600,100
41020159567901,11:23:40.159,47.1600,100
41020159567901,11:23:40.159,47.1600,100
41020159567901,11:23:40.159,47.1600,200
41020274022088,11:23:40.274,47.1600,100
41020995409903,11:23:40.995,47.1700,98
41023268460934,11:23:43.268,47.1800,100
41024140493522,11:23:44.140,47.1800,100
41058707166090,11:24:18.707,47.1900,2
41058707218469,11:24:18.707,47.1900,98
41060013822154,11:24:20.013,47.2000,100
41060013822154,11:24:20.013,47.2000,100
41060013822154,11:24:20.013,47.2000,100
41060016051902,11:24:20.016,47.2100,100
41060016051902,11:24:20.016,47.2100,100
41060017359727,11:24:20.017,47.2100,100
41060310276472,11:24:20.310,47.2100,100
41060312289906,11:24:20.312,47.2000,100
41061705500321,11:24:21.705,47.1900,100
41061705500321,11:24:21.705,47.1900,6
41061710450371,11:24:21.710,47.1900,33
41065106266541,11:24:25.106,47.1900,50
41065167020096,11:24:25.167,47.1900,50
41083712079329,11:24:43.712,47.2000,100
41092217884415,11:24:52.217,47.2000,100
41092217999941,11:24:52.217,47.1900,100
41094642213652,11:24:54.642,47.1700,57
41094642243394,11:24:54.642,47.1700,10
41122229122604,11:25:22.229,47.1400,58
41126751985409,11:25:26.751,47.1250,100
41149295919698,11:25:49.295,47.1100,100
41149297819504,11:25:49.297,47.1200,100
41149312907618,11:25:49.312,47.1200,100
41158717703841,11:25:58.717,47.1100,100
41161193884979,11:26:01.193,47.1100,100
41170622253026,11:26:10.622,47.1100,6
41170622913669,11:26:10.622,47.1100,5
41183858519746,11:26:23.858,47.1300,100
41184150703028,11:26:24.150,47.1300,5
41184150703028,11:26:24.150,47.1300,95
41213663842443,11:26:53.663,47.1400,100
41219032757294,11:26:59.032,47.1600,30
41224424482725,11:27:04.424,47.1700,100
41244581278504,11:27:24.581,47.1900,100
41244581341525,11:27:24.581,47.1900,182
41284163152710,11:28:04.163,47.2200,100
41284163152710,11:28:04.163,47.2200,100
41287839956806,11:28:07.839,47.2000,9
41294617843766,11:28:14.617,47.2000,91
41294617843766,11:28:14.617,47.2000,5
41297312070939,11:28:17.312,47.2100,100
41313623496307,11:28:33.623,47.2200,100
41317904046347,11:28:37.904,47.2200,100
41317905231185,11:28:37.905,47.2100,100
41321824848107,11:28:41.824,47.2100,9
41324254660270,11:28:44.254,47.2200,100
41330658102502,11:28:50.658,47.2100,100
41330658102502,11:28:50.658,47.2100,100
41338315301656,11:28:58.315,47.2200,100
41368405288407,11:29:28.405,47.2400,100
41382275389217,11:29:42.275,47.2500,100
41383106866618,11:29:43.106,47.2500,100
41415837499378,11:30:15.837,47.2400,4
41415837499378,11:30:15.837,47.2400,39
