timestamp,time,price,volume
32714573573497,09:05:14.573,23.9900,5
34199805079824,09:29:59.805,24.1400,100
34200639292866,09:30:00.639,24.0600,6293
34231348630514,09:30:31.348,24.2700,1
34346824693122,09:32:26.824,24.2800,100
34385153053564,09:33:05.153,24.2700,100
34510771712640,09:35:10.771,24.3400,5
34510771712640,09:35:10.771,24.3500,18
34561529484362,09:36:01.529,24.3500,282
34561529484362,09:36:01.529,24.3500,100
34561530146140,09:36:01.530,24.3400,100
34561530184225,09:36:01.530,24.3400,100
34561530198050,09:36:01.530,24.3500,73
34561530201320,09:36:01.530,24.3500,27
34573577444156,09:36:13.577,24.2600,1
34573577444156,09:36:13.577,24.2600,1
34580188585484,09:36:20.188,24.2600,20
34580188585484,09:36:20.188,24.2600,184
34580188585484,09:36:20.188,24.2600,100
34580188626850,09:36:20.188,24.2500,146
34580188641524,09:36:20.188,24.2500,100
34580188659660,09:36:20.188,24.2500,50
34580188668726,09:36:20.188,24.2500,73
34580188821910,09:36:20.188,24.2500,131
34580188821910,09:36:20.188,24.2500,40
34580189021299,09:36:20.189,24.2500,31
34580189346185,09:36:20.189,24.2500,29
34715946848229,09:38:35.946,24.2900,1
34719465324027,09:38:39.465,24.2900,99
34719465324027,09:38:39.465,24.2900,72
34739332713463,09:38:59.332,24.3400,20
34770932007213,09:39:30.932,24.3400,39
34798148983060,09:39:58.148,24.3400,30
34859808826372,09:40:59.808,24.2600,200
34866034544306,09:41:06.034,24.2400,60
34929308715749,09:42:09.308,24.0600,200
34929308781318,09:42:09.308,24.0600,100
34929309008103,09:42:09.309,24.0600,70
34929309008103,09:42:09.309,24.0600,200
34929309008103,09:42:09.309,24.0600,230
34929310322129,09:42:09.310,24.0600,70
34929321402126,09:42:09.321,24.0600,11
34929321402126,09:42:09.321,24.0600,100
34931985343445,09:42:11.985,24.0800,100
34980055509410,09:43:00.055,24.1300,5
34980055589510,09:43:00.055,24.1300,5
34980055607850,09:43:00.055,24.1300,5
34980055621714,09:43:00.055,24.1300,4
34980055621714,09:43:00.055,24.1400,1
34980055633521,09:43:00.055,24.1400,4
35048856812814,09:44:08.856,24.0900,100
35103300499991,09:45:03.300,24.2100,7
35208399974973,09:46:48.399,24.1500,10
35208399974973,09:46:48.399,24.1600,190
35209398474062,09:46:49.398,24.1600,10
35209398474062,09:46:49.398,24.1600,100
35211121207634,09:46:51.121,24.1600,100
35230972758228,09:47:10.972,24.2200,100
35230975033156,09:47:10.975,24.2400,100
35230975033156,09:47:10.975,24.2400,1
35284280142686,09:48:04.280,24.3500,100
35317157251015,09:48:37.157,24.3400,100
35317157251015,09:48:37.157,24.3400,100
35317157251015,09:48:37.157,24.3400,100
35317157691828,09:48:37.157,24.3300,95
35317157767640,09:48:37.157,24.3300,5
35317157896088,09:48:37.157,24.3200,5
35317158372478,09:48:37.158,24.2500,3
35708349929654,09:55:08.349,24.4400,4
35759812796054,09:55:59.812,24.4000,200
35759812796054,09:55:59.812,24.4000,100
35763960143452,09:56:03.960,24.3600,100
35763960242394,09:56:03.960,24.3800,100
35763960945200,09:56:03.960,24.3600,100
35763961159485,09:56:03.961,24.3600,100
35779188221189,09:56:19.188,24.3700,100
35790478282158,09:56:30.478,24.4000,100
35837581635625,09:57:17.581,24.3900,100
35837581712447,09:57:17.581,24.3900,100
35862971938560,09:57:42.971,24.3600,100
35862972016338,09:57:42.972,24.3600,1
35862972016338,09:57:42.972,24.3600,99
35862972170216,09:57:42.972,24.3600,1
35863291297451,09:57:43.291,24.3500,2
35904160393543,09:58:24.160,24.3500,100
35904160393543,09:58:24.160,24.3500,20
35904160740813,09:58:24.160,24.3400,100
36065164402945,10:01:05.164,24.2700,100
36065164402945,10:01:05.164,24.2700,100
36065164859351,10:01:05.164,24.2700,100
36065165192426,10:01:05.165,24.2700,100
36065369834793,10:01:05.369,24.2600,100
36084516655989,10:01:24.516,24.3000,100
36166881256531,10:02:46.881,24.2900,10
36166903132850,10:02:46.903,24.2700,100
36171769703491,10:02:51.769,24.2700,100
36280288079153,10:04:40.288,24.2600,26
36283998633528,10:04:43.998,24.2500,6
36283998633528,10:04:43.998,24.2500,200
36283999080956,10:04:43.999,24.2500,100
36303509051941,10:05:03.509,24.2000,100
36303509469513,10:05:03.509,24.2000,100
36353940741172,10:05:53.940,24.1700,100
36386629845771,10:06:26.629,24.2000,100
36386629845771,10:06:26.629,24.2000,100
36386672780621,10:06:26.672,24.2200,100
36386743527314,10:06:26.743,24.2200,100
36662390480371,10:11:02.390,24.2800,100
36700776121707,10:11:40.776,24.3300,100
36793251767785,10:13:13.251,24.3100,100
36919450542365,10:15:19.450,24.3100,100
36919450542365,10:15:19.450,24.3100,21
36919450542365,10:15:19.450,24.3100,100
36924319080208,10:15:24.319,24.2700,100
36924319191568,10:15:24.319,24.2700,100
36926394318504,10:15:26.394,24.2700,100
36926395733344,10:15:26.395,24.2700,100
36926396001507,10:15:26.396,24.2700,100
36929816723332,10:15:29.816,24.2700,100
37194313543858,10:19:54.313,24.2700,100
37194313543858,10:19:54.313,24.2700,100
37194313558624,10:19:54.313,24.2800,100
37200139508929,10:20:00.139,24.3000,27
37200139548375,10:20:00.139,24.3000,73
37284106989143,10:21:24.106,24.3000,15
37373873912743,10:22:53.873,24.3150,100
37380232404068,10:23:00.232,24.3200,1
37505271911097,10:25:05.271,24.3100,100
37505271911097,10:25:05.271,24.3100,100
37529009906104,10:25:29.009,24.3200,100
37564915574920,10:26:04.915,24.3600,200
37564915609012,10:26:04.915,24.3600,100
37564915613102,10:26:04.915,24.3600,200
37564919921977,10:26:04.919,24.3600,100
37565732079890,10:26:05.732,24.3900,40
37565732103879,10:26:05.732,24.3900,60
37565732103879,10:26:05.732,24.3900,100
37565732103879,10:26:05.732,24.3900,100
37565732103879,10:26:05.732,24.3900,100
37565732103879,10:26:05.732,24.3900,100
37565732103879,10:26:05.732,24.3900,40
37591528599915,10:26:31.528,24.4400,70
37644368789692,10:27:24.368,24.4000,100
37665844732187,10:27:45.844,24.4400,100
37820776866723,10:30:20.776,24.4900,100
37820776908384,10:30:20.776,24.5000,5
37820776908384,10:30:20.776,24.5000,2
37820777914975,10:30:20.777,24.5000,100
37821343315057,10:30:21.343,24.5200,100
37821343367980,10:30:21.343,24.5300,100
37824066818705,10:30:24.066,24.5200,36
37827326532486,10:30:27.326,24.4900,1
37827326532486,10:30:27.326,24.4900,34
37827329641350,10:30:27.329,24.4900,100
37827330083298,10:30:27.330,24.4900,100
37827377035989,10:30:27.377,24.4800,200
37827377465941,10:30:27.377,24.4900,100
37827377879113,10:30:27.377,24.4900,100
37827377879113,10:30:27.377,24.4800,100
37830103712389,10:30:30.103,24.4900,100
37830104158566,10:30:30.104,24.4900,100
37830104158566,10:30:30.104,24.4800,100
37857745654388,10:30:57.745,24.4900,100
37857747264668,10:30:57.747,24.4900,100
38045416812750,10:34:05.416,24.5000,20
38045416812750,10:34:05.416,24.5000,100
38077232910625,10:34:37.232,24.5000,100
38077233387867,10:34:37.233,24.5000,100
38100681137284,10:35:00.681,24.4800,35
38100681865963,10:35:00.681,24.4900,100
38102660706705,10:35:02.660,24.4900,100
38102661096598,10:35:02.661,24.4800,100
38102661123724,10:35:02.661,24.4800,100
38102661617829,10:35:02.661,24.4800,100
38102661838605,10:35:02.661,24.4800,100
38115716075015,10:35:15.716,24.4900,100
38115716423118,10:35:15.716,24.4900,100
38115716953238,10:35:15.716,24.4900,100
38115718193437,10:35:15.718,24.4800,81
38240945193970,10:37:20.945,24.4700,100
38240945234720,10:37:20.945,24.4700,100
38240945234720,10:37:20.945,24.4700,12
38240945234720,10:37:20.945,24.4700,24
38240945234720,10:37:20.945,24.4700,94
38240945251364,10:37:20.945,24.4700,6
38240945274885,10:37:20.945,24.4700,6
38240945330044,10:37:20.945,24.4700,6
38240945348651,10:37:20.945,24.4700,88
38240945348651,10:37:20.945,24.4700,6
38240945349624,10:37:20.945,24.4700,37
38240945352673,10:37:20.945,24.4700,6
38240945388127,10:37:20.945,24.4700,51
38240946671048,10:37:20.946,24.4600,100
38240946767915,10:37:20.946,24.4500,100
38242342310966,10:37:22.342,24.4500,100
38242342312187,10:37:22.342,24.4500,100
38242342494419,10:37:22.342,24.4500,100
38242342494419,10:37:22.342,24.4400,100
38245108029305,10:37:25.108,24.4400,100
38245108259689,10:37:25.108,24.4400,100
38300711922156,10:38:20.711,24.4400,100
38338217889187,10:38:58.217,24.4600,100
38338217926026,10:38:58.217,24.4600,83
38338217936778,10:38:58.217,24.4600,17
38338217961341,10:38:58.217,24.4600,100
38338218117875,10:38:58.218,24.4600,61
38436957937672,10:40:36.957,24.4200,100
38436958315586,10:40:36.958,24.4200,100
38436958355297,10:40:36.958,24.4200,100
38437493556983,10:40:37.493,24.4000,100
38440646184157,10:40:40.646,24.3900,100
38575642467145,10:42:55.642,24.3400,100
38575642544867,10:42:55.642,24.3400,100
38575642696918,10:42:55.642,24.3400,9
38575642696918,10:42:55.642,24.3400,18
38575642696918,10:42:55.642,24.3400,5
38575642717483,10:42:55.642,24.3400,67
38575642721534,10:42:55.642,24.3400,28
38575643458066,10:42:55.643,24.3400,100
38576108299513,10:42:56.108,24.3100,200
38589963751825,10:43:09.963,24.3600,20
38589963751825,10:43:09.963,24.3600,80
38589964027515,10:43:09.964,24.3600,20
38589964253283,10:43:09.964,24.3600,100
38606675938135,10:43:26.675,24.3900,100
38606676170492,10:43:26.676,24.3900,1
38766900711755,10:46:06.900,24.4600,100
38766900711755,10:46:06.900,24.4600,39
38875594280793,10:47:55.594,24.4500,1
38875594280793,10:47:55.594,24.4500,2
38875594280793,10:47:55.594,24.4500,80
38875594324913,10:47:55.594,24.4400,49
38875594380870,10:47:55.594,24.4400,51
38875594380870,10:47:55.594,24.4400,69
38875594513009,10:47:55.594,24.4400,31
38875594513009,10:47:55.594,24.4400,18
38875594554291,10:47:55.594,24.4400,182
38875594554291,10:47:55.594,24.4400,5
38875594554291,10:47:55.594,24.4400,68
38875594591558,10:47:55.594,24.4400,32
38875594591558,10:47:55.594,24.4400,20
38875954074105,10:47:55.954,24.4500,10
38875954104446,10:47:55.954,24.4500,10
39004545627350,10:50:04.545,24.4300,100
39004545627350,10:50:04.545,24.4300,200
39004545627350,10:50:04.545,24.4300,100
39004545733855,10:50:04.545,24.4300,200
39020730158310,10:50:20.730,24.4200,100
39020730257025,10:50:20.730,24.4300,100
39191740483931,10:53:11.740,24.4100,60
39191740483931,10:53:11.740,24.4100,100
39191740483931,10:53:11.740,24.4100,18
39191740483931,10:53:11.740,24.4100,7
39191740483931,10:53:11.740,24.4100,100
39191740483931,10:53:11.740,24.4100,100
39191740483931,10:53:11.740,24.4100,15
39191740832767,10:53:11.740,24.4100,85
39191740832767,10:53:11.740,24.4100,100
39191740964950,10:53:11.740,24.4100,85
39191742104556,10:53:11.742,24.4100,100
39198691998036,10:53:18.691,24.4100,185
39304625972661,10:55:04.625,24.4300,64
39304625972661,10:55:04.625,24.4500,100
39304625972661,10:55:04.625,24.4500,100
39304625972661,10:55:04.625,24.4500,100
39304625972661,10:55:04.625,24.4500,36
39304626018223,10:55:04.626,24.4500,64
39304626027292,10:55:04.626,24.4500,64
39304626071243,10:55:04.626,24.4500,64
39304626115769,10:55:04.626,24.4500,36
39304626115769,10:55:04.626,24.4500,64
39304626339721,10:55:04.626,24.4500,100
39304627030272,10:55:04.627,24.4500,100
39304627164024,10:55:04.627,24.4500,18
39304628840810,10:55:04.628,24.4400,100
39304745596814,10:55:04.745,24.4500,46
39344030391335,10:55:44.030,24.4500,5
39344030705834,10:55:44.030,24.4300,100
39344030789312,10:55:44.030,24.4300,100
39344030861612,10:55:44.030,24.4300,100
39344030885422,10:55:44.030,24.4300,65
39344030912090,10:55:44.030,24.4300,19
39344031007268,10:55:44.031,24.4300,65
39344034720261,10:55:44.034,24.4300,100
39344035560933,10:55:44.035,24.4300,60
39349330788880,10:55:49.330,24.4200,60
39389812789589,10:56:29.812,24.4200,80
39389812920533,10:56:29.812,24.4200,20
39389813585857,10:56:29.813,24.4200,400
39389821016353,10:56:29.821,24.4000,100
39389821539128,10:56:29.821,24.4000,100
39390797675515,10:56:30.797,24.4000,200
39390797675515,10:56:30.797,24.4000,62
39390798206570,10:56:30.798,24.4000,32
39390798717640,10:56:30.798,24.4000,6
39466814643313,10:57:46.814,24.3900,200
39466814643313,10:57:46.814,24.3900,100
39466814681060,10:57:46.814,24.3900,75
39466814691171,10:57:46.814,24.3900,25
39466814691171,10:57:46.814,24.3900,39
39466814725821,10:57:46.814,24.3900,61
39466814725821,10:57:46.814,24.3900,39
39466814749814,10:57:46.814,24.3900,100
39466814876541,10:57:46.814,24.3900,53
39466815870294,10:57:46.815,24.3900,47
39466815870294,10:57:46.815,24.3900,153
39467679222989,10:57:47.679,24.3700,70
39467679927841,10:57:47.679,24.3600,100
39543695549437,10:59:03.695,24.3500,100
39593277502848,10:59:53.277,24.3300,100
39663511498039,11:01:03.511,24.3500,100
39667737556352,11:01:07.737,24.3550,100
39692491223314,11:01:32.491,24.3900,100
39692491223928,11:01:32.491,24.3900,100
39692491300194,11:01:32.491,24.3900,62
39692491751423,11:01:32.491,24.3700,100
39693562784728,11:01:33.562,24.4000,15
39726820789731,11:02:06.820,24.4000,100
39726820826644,11:02:06.820,24.4000,100
39726820830887,11:02:06.820,24.4000,100
39726821001344,11:02:06.821,24.4000,100
39726821021609,11:02:06.821,24.4000,100
39726821022917,11:02:06.821,24.4000,100
39726822030864,11:02:06.822,24.4000,100
39884380972239,11:04:44.380,24.3800,5
39884380972239,11:04:44.380,24.3800,3
39884380972239,11:04:44.380,24.3800,18
39884380972239,11:04:44.380,24.3800,76
39884381012547,11:04:44.381,24.3800,26
39896295509620,11:04:56.295,24.3700,7
40023194270537,11:07:03.194,24.3600,200
40023194270537,11:07:03.194,24.3600,76
40023194270537,11:07:03.194,24.3600,18
40023195284598,11:07:03.195,24.3400,100
40023235377607,11:07:03.235,24.3300,100
40035678789199,11:07:15.678,24.3100,100
40035679655531,11:07:15.679,24.3000,200
40068532446882,11:07:48.532,24.2700,5
40257742396257,11:10:57.742,24.2400,1
40257742396257,11:10:57.742,24.2400,7
40257742396257,11:10:57.742,24.2400,100
40257743002267,11:10:57.743,24.2300,100
40257743002267,11:10:57.743,24.2300,100
40257743002267,11:10:57.743,24.2300,100
40263112145125,11:11:03.112,24.2000,1
40270928975997,11:11:10.928,24.1900,100
40328121501391,11:12:08.121,24.2000,69
40328121515161,11:12:08.121,24.2000,31
40328121517610,11:12:08.121,24.2000,31
40328121585343,11:12:08.121,24.2000,31
40328121628095,11:12:08.121,24.2000,69
40328121628095,11:12:08.121,24.2000,31
40328121708182,11:12:08.121,24.2000,31
40328121745534,11:12:08.121,24.2000,2
40328281043314,11:12:08.281,24.2100,1
40328281043314,11:12:08.281,24.2300,94
40336563013833,11:12:16.563,24.2200,20
40336563013833,11:12:16.563,24.2200,80
40496168712533,11:14:56.168,24.1700,100
40593943760227,11:16:33.943,24.1800,69
40593943771741,11:16:33.943,24.1800,31
40605980261935,11:16:45.980,24.1600,16
40675000727734,11:17:55.000,24.1600,84
40675000727734,11:17:55.000,24.1600,16
40675000771151,11:17:55.000,24.1600,2
40675000771151,11:17:55.000,24.1600,7
40675000771151,11:17:55.000,24.1600,191
40675000782849,11:17:55.000,24.1600,9
40675000786780,11:17:55.000,24.1600,9
40675000803525,11:17:55.000,24.1600,35
40675000809684,11:17:55.000,24.1600,9
40675000816623,11:17:55.000,24.1600,47
40675000816623,11:17:55.000,24.1500,3
40675000879778,11:17:55.000,24.1500,91
40675000912728,11:17:55.000,24.1500,6
40675000912728,11:17:55.000,24.1500,3
40675000947373,11:17:55.000,24.1500,91
40675000981218,11:17:55.000,24.1500,9
40675000981887,11:17:55.000,24.1500,97
40675000981887,11:17:55.000,24.1500,9
40675001077148,11:17:55.001,24.1500,91
40701969793306,11:18:21.969,24.1400,100
40701969793306,11:18:21.969,24.1500,100
40701969793306,11:18:21.969,24.1500,100
40701969837344,11:18:21.969,24.1500,200
40702574996728,11:18:22.574,24.1600,6
40702574996728,11:18:22.574,24.1600,94
40702575006234,11:18:22.575,24.1600,6
40879978024285,11:21:19.978,24.1200,100
40879978102034,11:21:19.978,24.1200,100
40879978135775,11:21:19.978,24.1200,200
40879978568145,11:21:19.978,24.1100,92
40879979002056,11:21:19.979,24.1100,8
40930926124292,11:22:10.926,24.0700,12
40930926585389,11:22:10.926,24.0700,88
40930948243480,11:22:10.948,24.0700,100
40930948590956,11:22:10.948,24.0700,100
41020409798637,11:23:40.409,24.0800,100
41021061551893,11:23:41.061,24.1000,100
41021061592864,11:23:41.061,24.1100,100
41021064933433,11:23:41.064,24.1200,100
41021064933433,11:23:41.064,24.1200,100
41021064933433,11:23:41.064,24.1200,100
41021064933433,11:23:41.064,24.1200,100
41021065353565,11:23:41.065,24.1200,100
41021065468103,11:23:41.065,24.1200,100
41021066450231,11:23:41.066,24.1200,100
41028247008927,11:23:48.247,24.1200,50
41028247019343,11:23:48.247,24.1200,50
41028247020276,11:23:48.247,24.1200,50
41028247214056,11:23:48.247,24.1200,50
41028482594565,11:23:48.482,24.1400,100
41030728788192,11:23:50.728,24.1500,100
41081353848172,11:24:41.353,24.1700,100
41081353964087,11:24:41.353,24.1800,100
41081479449435,11:24:41.479,24.1900,100
41150375593897,11:25:50.375,24.1700,100
41150378653253,11:25:50.378,24.1700,100
41150378653253,11:25:50.378,24.1700,18
41150378653253,11:25:50.378,24.1700,7
41150378685902,11:25:50.378,24.1700,125
41150379695836,11:25:50.379,24.1600,100
41211362622670,11:26:51.362,24.1400,100
41287156053815,11:28:07.156,24.1600,100
41297388383087,11:28:17.388,24.1500,100
41297389555530,11:28:17.389,24.1400,100
41297389588003,11:28:17.389,24.1400,66
41297389591992,11:28:17.389,24.1400,34
41297389650112,11:28:17.389,24.1300,100
41297389678197,11:28:17.389,24.1300,100
41356174749438,11:29:16.174,24.1900,100
41585149069061,11:33:05.149,24.2100,31
41592026577272,11:33:12.026,24.2300,100
41592026630962,11:33:12.026,24.2300,21
41592026650453,11:33:12.026,24.2300,58
41592026655104,11:33:12.026,24.2300,21
41592026851552,11:33:12.026,24.2400,42
41592026857595,11:33:12.026,24.2400,21
41592026910814,11:33:12.026,24.2200,100
41592026959381,11:33:12.026,24.2300,21
41592026961725,11:33:12.026,24.2300,21
41592026966290,11:33:12.026,24.2300,37
41592027129649,11:33:12.027,24.2300,21
42011312437532,11:40:11.312,24.2600,5
42012171094510,11:40:12.171,24.2800,100
42053759194362,11:40:53.759,24.3000,35
42102996616231,11:41:42.996,24.2600,100
42102996616231,11:41:42.996,24.2600,100
42102997640036,11:41:42.997,24.2600,1
42102997640036,11:41:42.997,24.2600,33
42102997640036,11:41:42.997,24.2600,13
42102997640036,11:41:42.997,24.2600,38
42102997640036,11:41:42.997,24.2600,100
42102997640036,11:41:42.997,24.2600,15
42102998088829,11:41:42.998,24.2600,85
42102999702683,11:41:42.999,24.2600,95
42102999782713,11:41:42.999,24.2600,5
42103699936733,11:41:43.699,24.2500,100
42131263290021,11:42:11.263,24.2800,18
42131263304968,11:42:11.263,24.2800,2
42131263304968,11:42:11.263,24.2800,1
42131442725734,11:42:11.442,24.2900,70
42131442725734,11:42:11.442,24.2800,30
42300869021830,11:45:00.869,24.2800,100
42613021797370,11:50:13.021,24.2800,100
42613021797370,11:50:13.021,24.2800,18
42613021797370,11:50:13.021,24.2800,62
42613021797370,11:50:13.021,24.2800,7
42613021797370,11:50:13.021,24.2800,100
42613021797370,11:50:13.021,24.2800,300
42613021816144,11:50:13.021,24.2800,500
42613793690159,11:50:13.793,24.2600,100
42613793690159,11:50:13.793,24.2500,100
42613793690159,11:50:13.793,24.2500,100
42613793690159,11:50:13.793,24.2400,9
42617608667331,11:50:17.608,24.2200,30
42620355627020,11:50:20.355,24.2200,100
42620827475181,11:50:20.827,24.2100,100
42646254349153,11:50:46.254,24.2000,200
42690751519802,11:51:30.751,24.2000,19
42690751680159,11:51:30.751,24.2000,81
42690751680159,11:51:30.751,24.2000,19
42690783788409,11:51:30.783,24.2000,79
42691784550429,11:51:31.784,24.2000,100
42691784797279,11:51:31.784,24.2000,400
42691785201932,11:51:31.785,24.2000,100
42692786246369,11:51:32.786,24.2000,100
42737069242993,11:52:17.069,24.2000,300
42737069242993,11:52:17.069,24.2000,100
42737069348026,11:52:17.069,24.2000,200
42737069776510,11:52:17.069,24.2000,100
42765236130867,11:52:45.236,24.2000,300
42765236130867,11:52:45.236,24.2000,200
42765237437236,11:52:45.237,24.2000,300
42765237468634,11:52:45.237,24.2000,100
42765244538878,11:52:45.244,24.1900,1685
42765244538878,11:52:45.244,24.1900,100
42765245363763,11:52:45.245,24.2000,15
42765247221349,11:52:45.247,24.2000,71
42790176924408,11:53:10.176,24.2000,29
42790176964275,11:53:10.176,24.1900,100
42790181473907,11:53:10.181,24.1900,100
42805322896021,11:53:25.322,24.2100,100
42812702569729,11:53:32.702,24.2100,33
42853811510938,11:54:13.811,24.2100,36
42875853052681,11:54:35.853,24.2100,79
42875853052681,11:54:35.853,24.2100,21
42875853094582,11:54:35.853,24.2100,120
42875853118391,11:54:35.853,24.2100,59
42875853118391,11:54:35.853,24.2100,41
42875853130042,11:54:35.853,24.2100,59
43015450335997,11:56:55.450,24.2000,20
43060160129108,11:57:40.160,24.1700,18
43060160129108,11:57:40.160,24.1700,1
43060160129108,11:57:40.160,24.1700,7
43060160129108,11:57:40.160,24.1700,5
43060160129108,11:57:40.160,24.1700,69
43060160185552,11:57:40.160,24.1700,20
43060160310525,11:57:40.160,24.1700,4
43198758711240,11:59:58.758,24.1900,100
43198759340024,11:59:58.759,24.2000,100
43205214809890,12:00:05.214,24.2100,133
43216255155504,12:00:16.255,24.2200,100
43216255217607,12:00:16.255,24.2200,31
43216255231174,12:00:16.255,24.2200,69
43216255248511,12:00:16.255,24.2200,69
43216255258472,12:00:16.255,24.2200,31
43216255437644,12:00:16.255,24.2300,31
43743359834170,12:09:03.359,24.2500,100
43746506598502,12:09:06.506,24.2400,100
43746506751151,12:09:06.506,24.2300,48
43746539656953,12:09:06.539,24.2400,100
43860178264301,12:11:00.178,24.2500,100
43860178264301,12:11:00.178,24.2500,15
43860178271224,12:11:00.178,24.2500,30
43860178271224,12:11:00.178,24.2500,70
43860178356993,12:11:00.178,24.2500,30
43860178356993,12:11:00.178,24.2500,70
43860178357791,12:11:00.178,24.2500,30
43860178364316,12:11:00.178,24.2500,100
43860200424002,12:11:00.200,24.2500,100
43860200497952,12:11:00.200,24.2700,100
43860201661900,12:11:00.201,24.2800,52
43928860862562,12:12:08.860,24.2500,21
43928860862562,12:12:08.860,24.2500,32
43928860862562,12:12:08.860,24.2500,7
43928860862562,12:12:08.860,24.2500,70
44242518797575,12:17:22.518,24.2600,67
44242518832440,12:17:22.518,24.2600,33
44301172095870,12:18:21.172,24.2800,100
44313254971088,12:18:33.254,24.2500,100
44313254996182,12:18:33.254,24.2500,100
44313254996182,12:18:33.254,24.2400,7
44313254996182,12:18:33.254,24.2400,5
44313254996182,12:18:33.254,24.2400,1
44313254996182,12:18:33.254,24.2400,85
44346853312974,12:19:06.853,24.2400,2
44394146428999,12:19:54.146,24.2300,7
44411719575331,12:20:11.719,24.2600,2
44413681618975,12:20:13.681,24.2600,398
44413681618975,12:20:13.681,24.2600,100
44413681618975,12:20:13.681,24.2600,2
44413681660875,12:20:13.681,24.2600,98
44413681662234,12:20:13.681,24.2600,98
44418586603384,12:20:18.586,24.2600,100
44418586603384,12:20:18.586,24.2600,100
44419762707908,12:20:19.762,24.2500,100
44419765308244,12:20:19.765,24.2500,84
44419765338400,12:20:19.765,24.2500,16
44419896694937,12:20:19.896,24.2600,100
44424758103657,12:20:24.758,24.2500,100
44424758103657,12:20:24.758,24.2500,1
44424758103657,12:20:24.758,24.2500,99
44424763304397,12:20:24.763,24.2500,1
44424763304397,12:20:24.763,24.2500,100
44428211209589,12:20:28.211,24.2500,100
44442889087466,12:20:42.889,24.2500,100
44450718363871,12:20:50.718,24.2600,100
44450718363871,12:20:50.718,24.2600,100
44453963315834,12:20:53.963,24.2600,100
44460540872750,12:21:00.540,24.2600,100
44460541292082,12:21:00.541,24.2600,30
44460541351178,12:21:00.541,24.2600,20
44460541411430,12:21:00.541,24.2600,13
44460541490738,12:21:00.541,24.2600,9
44460541544884,12:21:00.541,24.2600,6
44460541595293,12:21:00.541,24.2600,4
44460541692466,12:21:00.541,24.2600,2
44460541747313,12:21:00.541,24.2600,2
44460541802482,12:21:00.541,24.2600,1
44460541855133,12:21:00.541,24.2600,1
44463014088119,12:21:03.014,24.2500,100
44463014732005,12:21:03.014,24.2500,18
44463015016907,12:21:03.015,24.2500,18
44463015354974,12:21:03.015,24.2500,200
44463015371903,12:21:03.015,24.2500,100
44463034009062,12:21:03.034,24.2400,18
44465760056408,12:21:05.760,24.2200,100
44486630400591,12:21:26.630,24.2000,100
44511940854487,12:21:51.940,24.1900,20
44511940854487,12:21:51.940,24.2000,300
44511940854487,12:21:51.940,24.2000,100
44511940854487,12:21:51.940,24.2000,1480
44511940899322,12:21:51.940,24.2000,100
44533960935444,12:22:13.960,24.1700,99
44533961030779,12:22:13.961,24.1700,2
44533961064096,12:22:13.961,24.1700,97
44533961098665,12:22:13.961,24.1700,2
44544306448091,12:22:24.306,24.1600,784
44550626756455,12:22:30.626,24.1400,136
44572177547481,12:22:52.177,24.1400,100
44606235506430,12:23:26.235,24.1400,100
44687184731157,12:24:47.184,24.1200,100
44687184731157,12:24:47.184,24.1200,100
44908581844734,12:28:28.581,24.1300,94
44908581918168,12:28:28.581,24.1300,106
44908581918168,12:28:28.581,24.1200,1
44908581922991,12:28:28.581,24.1200,6
44908581922991,12:28:28.581,24.1200,100
44908581922991,12:28:28.581,24.1200,1
44908581929942,12:28:28.581,24.1200,100
44908581989719,12:28:28.581,24.1200,100
44908582043077,12:28:28.582,24.1200,20
44908582090057,12:28:28.582,24.1200,80
44908582417276,12:28:28.582,24.1200,99
44910159881837,12:28:30.159,24.1100,100
44940226327984,12:29:00.226,24.0700,100
45070255533965,12:31:10.255,24.0700,16
45175653180838,12:32:55.653,24.1000,100
45175653221259,12:32:55.653,24.1000,100
45175653221259,12:32:55.653,24.1000,57
45175653229354,12:32:55.653,24.1000,43
45175653229354,12:32:55.653,24.1000,7
45175653256718,12:32:55.653,24.1000,50
45175653325155,12:32:55.653,24.1000,43
45175653325155,12:32:55.653,24.1000,5
45182491293967,12:33:02.491,24.1200,100
45182491293967,12:33:02.491,24.1200,100
45182491885782,12:33:02.491,24.1300,100
45182491885782,12:33:02.491,24.1300,100
45186539957289,12:33:06.539,24.1400,100
45322990027482,12:35:22.990,24.1300,100
45322990073583,12:35:22.990,24.1300,18
45322990073583,12:35:22.990,24.1300,82
45322990075847,12:35:22.990,24.1300,18
45322990075847,12:35:22.990,24.1300,10
45322990075847,12:35:22.990,24.1300,7
45322990075847,12:35:22.990,24.1300,26
45322990087946,12:35:22.990,24.1300,79
45322990087946,12:35:22.990,24.1300,90
45410010265691,12:36:50.010,24.1300,70
45410010265691,12:36:50.010,24.1300,10
45461254784719,12:37:41.254,24.1200,100
45645211361678,12:40:45.211,24.1200,100
45710926803402,12:41:50.926,24.1200,100
45888236062626,12:44:48.236,24.1200,88
45888236062626,12:44:48.236,24.1100,12
46328173961658,12:52:08.173,24.1100,88
46328173961658,12:52:08.173,24.1100,12
46328174033597,12:52:08.174,24.1100,188
46328174033597,12:52:08.174,24.1100,12
46328174418023,12:52:08.174,24.1100,88
46328174418023,12:52:08.174,24.1100,1
46328174418023,12:52:08.174,24.1100,30
46328174418023,12:52:08.174,24.1100,12
46328174418023,12:52:08.174,24.1100,69
46329967616451,12:52:09.967,24.1100,100
46330114606554,12:52:10.114,24.1100,100
46434952443562,12:53:54.952,24.1300,100
46434952485115,12:53:54.952,24.1300,100
46434952493895,12:53:54.952,24.1300,2
46434952508752,12:53:54.952,24.1300,198
46434978941027,12:53:54.978,24.1400,100
46435179903929,12:53:55.179,24.1500,100
46453554888774,12:54:13.554,24.1700,100
46453555282206,12:54:13.555,24.1800,100
46495060172654,12:54:55.060,24.2200,100
46535013993041,12:55:35.013,24.1800,100
46535014036670,12:55:35.014,24.1800,31
46535014040835,12:55:35.014,24.1800,69
46535014040835,12:55:35.014,24.1800,31
46535014068344,12:55:35.014,24.1800,69
46535014094412,12:55:35.014,24.1800,69
46535042403989,12:55:35.042,24.1700,100
46535042434925,12:55:35.042,24.1700,100
46602236528818,12:56:42.236,24.1700,100
46614743876526,12:56:54.743,24.1800,100
46615065574076,12:56:55.065,24.2100,100
46784689955625,12:59:44.689,24.2500,100
47117568280599,13:05:17.568,24.2800,69
47117568280599,13:05:17.568,24.2800,31
47117568322550,13:05:17.568,24.2800,69
47231413262966,13:07:11.413,24.2800,100
47296753692727,13:08:16.753,24.2500,7
47296753692727,13:08:16.753,24.2500,31
47296753692727,13:08:16.753,24.2500,5
47296753692727,13:08:16.753,24.2500,57
47296753738461,13:08:16.753,24.2500,43
47296753738461,13:08:16.753,24.2500,1
47296753769782,13:08:16.753,24.2400,91
47296753779705,13:08:16.753,24.2400,9
47506295961616,13:11:46.295,24.2500,100
47506295997227,13:11:46.295,24.2500,97
47506296004144,13:11:46.296,24.2500,103
47506303496312,13:11:46.303,24.2600,100
47506303496312,13:11:46.303,24.2600,100
47506303496312,13:11:46.303,24.2600,100
47506303496312,13:11:46.303,24.2600,100
47587607984112,13:13:07.607,24.2200,7
47587607984112,13:13:07.607,24.2200,100
47587607984112,13:13:07.607,24.2200,193
47587608031602,13:13:07.608,24.2200,7
47674211913984,13:14:34.211,24.1900,18
47674211913984,13:14:34.211,24.1900,1
47674212619260,13:14:34.212,24.1900,100
47674212693429,13:14:34.212,24.2000,100
47674213035530,13:14:34.213,24.2000,100
47674213109224,13:14:34.213,24.2000,100
48020091476678,13:20:20.091,24.1300,2
48047926139457,13:20:47.926,24.1300,98
48047929794851,13:20:47.929,24.1200,1
48059558507251,13:20:59.558,24.1500,100
48059558545118,13:20:59.558,24.1500,4
48059591686646,13:20:59.591,24.1600,100
48212252970467,13:23:32.252,24.1600,20
48223587428102,13:23:43.587,24.1200,100
48341643619976,13:25:41.643,24.1400,70
48341643619976,13:25:41.643,24.1500,30
48341643734208,13:25:41.643,24.1500,70
48341644426275,13:25:41.644,24.1500,100
48456746116977,13:27:36.746,24.1600,100
48462785166399,13:27:42.785,24.1400,5
48606612697640,13:30:06.612,24.1600,20
48606612697640,13:30:06.612,24.1600,57
48606612697640,13:30:06.612,24.1600,23
48606614204894,13:30:06.614,24.1700,20
48612672700512,13:30:12.672,24.1700,100
48612673016044,13:30:12.673,24.1700,100
48612673016044,13:30:12.673,24.1700,100
48612816888218,13:30:12.816,24.1800,100
48652583879335,13:30:52.583,24.2000,100
48663295978841,13:31:03.295,24.2000,100
48708739366228,13:31:48.739,24.2300,84
48745332121590,13:32:25.332,24.2300,100
48745332198041,13:32:25.332,24.2300,16
48745332198041,13:32:25.332,24.2300,1
48745332198041,13:32:25.332,24.2300,1
48745332198041,13:32:25.332,24.2300,7
48745332267218,13:32:25.332,24.2200,65
48745332272961,13:32:25.332,24.2200,35
48745333637332,13:32:25.333,24.2200,100
48745335701050,13:32:25.335,24.2200,100
48745336207358,13:32:25.336,24.2200,100
48863689442244,13:34:23.689,24.2100,18
48863689442244,13:34:23.689,24.2000,100
48863689442244,13:34:23.689,24.2000,100
48863689442244,13:34:23.689,24.2000,100
48863689442244,13:34:23.689,24.2000,100
48863689442244,13:34:23.689,24.2000,87
48863689556759,13:34:23.689,24.2000,13
48863689556759,13:34:23.689,24.2000,100
48863689700433,13:34:23.689,24.2000,13
48863689737577,13:34:23.689,24.2000,29
48863689908943,13:34:23.689,24.2000,18
48863690254379,13:34:23.690,24.2000,40
48978173823466,13:36:18.173,24.1500,28
48978173823466,13:36:18.173,24.1500,72
49023138824808,13:37:03.138,24.1600,100
49100487935244,13:38:20.487,24.1500,100
49100488341049,13:38:20.488,24.1500,100
49100488437554,13:38:20.488,24.1500,100
49100488498265,13:38:20.488,24.1500,100
49101236691632,13:38:21.236,24.1300,16
49117236076663,13:38:37.236,24.1450,100
49774051415271,13:49:34.051,24.1100,100
49774051415271,13:49:34.051,24.1100,18
49774051415271,13:49:34.051,24.1100,82
49774051831252,13:49:34.051,24.1100,18
49791989986087,13:49:51.989,24.1100,100
49918451298724,13:51:58.451,24.1400,45
49918451301460,13:51:58.451,24.1400,88
49918451309051,13:51:58.451,24.1400,50
49918451343670,13:51:58.451,24.1400,17
49918451343670,13:51:58.451,24.1400,33
49918451348565,13:51:58.451,24.1400,50
49918451354097,13:51:58.451,24.1400,17
49918451354097,13:51:58.451,24.1400,68
49918451474359,13:51:58.451,24.1400,200
49918451550283,13:51:58.451,24.1400,132
49918452340195,13:51:58.452,24.1400,100
49918512800184,13:51:58.512,24.1700,200
49918545832418,13:51:58.545,24.1600,20
49979631281833,13:52:59.631,24.2000,100
50074201019240,13:54:34.201,24.2300,100
50329297810229,13:58:49.297,24.2200,100
50329297810229,13:58:49.297,24.2200,1
50329297810229,13:58:49.297,24.2200,18
50329297810229,13:58:49.297,24.2200,7
50329297834130,13:58:49.297,24.2000,69
50329297864927,13:58:49.297,24.2000,2
50329297866336,13:58:49.297,24.2000,29
50329297866336,13:58:49.297,24.2000,71
50329297879307,13:58:49.297,24.2000,29
50329297879307,13:58:49.297,24.2000,14
50329297896042,13:58:49.297,24.2000,44
50329298033846,13:58:49.298,24.2000,42
50329298441451,13:58:49.298,24.1900,10
50329298527311,13:58:49.298,24.1900,31
50329298550812,13:58:49.298,24.1900,50
50329298554499,13:58:49.298,24.1900,9
50386979812708,13:59:46.979,24.1600,5
50386979812708,13:59:46.979,24.1600,95
50386979848114,13:59:46.979,24.1600,5
50398815110164,13:59:58.815,24.1800,100
50402809598993,14:00:02.809,24.2000,100
50407803670418,14:00:07.803,24.2200,100
50485166020438,14:01:25.166,24.1900,100
50490298028813,14:01:30.298,24.1800,34
50541535441930,14:02:21.535,24.2600,100
50568161952697,14:02:48.161,24.2700,100
50568161992358,14:02:48.161,24.2700,100
50582754303933,14:03:02.754,24.3000,100
50606402414972,14:03:26.402,24.3300,100
50606402642825,14:03:26.402,24.3300,49
50606408015202,14:03:26.408,24.3000,100
50626755725780,14:03:46.755,24.3300,100
50673389242770,14:04:33.389,24.3600,100
50797603328514,14:06:37.603,24.3400,100
50797603328514,14:06:37.603,24.3400,100
50797603328514,14:06:37.603,24.3400,40
50797603370520,14:06:37.603,24.3400,50
50797603375473,14:06:37.603,24.3400,10
50797603375473,14:06:37.603,24.3400,6
50797603386086,14:06:37.603,24.3400,1
50797603386086,14:06:37.603,24.3400,18
50797603386086,14:06:37.603,24.3400,10
51073006511948,14:11:13.006,24.3500,14
51073006511948,14:11:13.006,24.3500,100
51073006511948,14:11:13.006,24.3500,100
51073006511948,14:11:13.006,24.3500,86
51073006558903,14:11:13.006,24.3500,14
51073006558903,14:11:13.006,24.3500,1
51075907337616,14:11:15.907,24.3800,40
51131784416257,14:12:11.784,24.3850,2
51170021956910,14:12:50.021,24.4000,1
51188497036030,14:13:08.497,24.4200,100
51223659654422,14:13:43.659,24.4400,2
51256322127004,14:14:16.322,24.4200,100
51300308475261,14:15:00.308,24.4400,40
51300580843747,14:15:00.580,24.4400,40
51300580843747,14:15:00.580,24.4300,3
51300581424514,14:15:00.581,24.4200,5
51300581817778,14:15:00.581,24.4300,30
51385612351836,14:16:25.612,24.4600,2
51438654453228,14:17:18.654,24.4500,2
51438654894815,14:17:18.654,24.4300,200
51438654894815,14:17:18.654,24.4300,34
51438654894815,14:17:18.654,24.4300,7
51438654894815,14:17:18.654,24.4300,100
51460426301803,14:17:40.426,24.4200,30
51460427415680,14:17:40.427,24.4100,200
51460427878421,14:17:40.427,24.4100,200
51460428512055,14:17:40.428,24.4000,200
51460452088896,14:17:40.452,24.3900,100
51460452088896,14:17:40.452,24.3800,100
51471039314692,14:17:51.039,24.4000,20
51471039314692,14:17:51.039,24.4000,80
51473042458497,14:17:53.042,24.4000,20
51500685443461,14:18:20.685,24.4200,3
51500685443940,14:18:20.685,24.4250,5
51500685657947,14:18:20.685,24.4300,5
51546823835023,14:19:06.823,24.4000,100
51546823910790,14:19:06.823,24.4000,1
51546823910790,14:19:06.823,24.4000,2
51623446830009,14:20:23.446,24.4400,3
51635664338965,14:20:35.664,24.4300,42
51635666089609,14:20:35.666,24.4300,58
51635666089609,14:20:35.666,24.4300,7
51683692963185,14:21:23.692,24.4400,2
51708273683644,14:21:48.273,24.4100,100
51708274091409,14:21:48.274,24.3900,100
51711641668349,14:21:51.641,24.3800,100
51715987033295,14:21:55.987,24.4000,200
51715987039010,14:21:55.987,24.4000,200
51717022544235,14:21:57.022,24.4000,100
51717022544235,14:21:57.022,24.4000,100
51732445783909,14:22:12.445,24.4000,100
51739462485271,14:22:19.462,24.4000,100
51739462660765,14:22:19.462,24.4100,100
51739462660765,14:22:19.462,24.4100,30
51739462668792,14:22:19.462,24.4100,50
51739462674092,14:22:19.462,24.4100,20
51739463347860,14:22:19.463,24.4300,100
51739467557724,14:22:19.467,24.4300,100
51739467557724,14:22:19.467,24.4200,100
51739467557724,14:22:19.467,24.4100,100
51739467557724,14:22:19.467,24.4000,100
51743674881716,14:22:23.674,24.4000,2
51804235881927,14:23:24.235,24.3700,5
51804235881927,14:23:24.235,24.3700,2
51804235881927,14:23:24.235,24.3700,193
51804235926464,14:23:24.235,24.3700,7
51808493873061,14:23:28.493,24.3600,50
51865663257565,14:24:25.663,24.3800,2
51938457844677,14:25:38.457,24.4100,100
51974256789370,14:26:14.256,24.3900,100
51974256789370,14:26:14.256,24.3900,18
51974256789370,14:26:14.256,24.3900,2
51974256789370,14:26:14.256,24.3900,100
52056607584608,14:27:36.607,24.3600,30
52056607584608,14:27:36.607,24.3600,2
52067861188015,14:27:47.861,24.3400,7
52078492767101,14:27:58.492,24.3300,100
52078493160735,14:27:58.493,24.3200,30
52084454918683,14:28:04.454,24.3300,100
52084454918683,14:28:04.454,24.3300,3
52168695026029,14:29:28.695,24.3200,3
52172357258932,14:29:32.357,24.3200,5
52172783564481,14:29:32.783,24.3200,100
52172783903657,14:29:32.783,24.3300,100
52172784258580,14:29:32.784,24.3300,100
52228449291297,14:30:28.449,24.3200,2
52236234651680,14:30:36.234,24.3400,100
52275883044050,14:31:15.883,24.3900,100
52306015679027,14:31:46.015,24.4100,2
52348008355828,14:32:28.008,24.4100,2
52408014688658,14:33:28.014,24.4100,2
52497034534581,14:34:57.034,24.4200,100
52497034534581,14:34:57.034,24.4300,100
52497034576858,14:34:57.034,24.4300,15
52497034576858,14:34:57.034,24.4300,5
52497034798742,14:34:57.034,24.4300,32
52497035624258,14:34:57.035,24.4300,2
52497066758228,14:34:57.066,24.4300,20
52497066786994,14:34:57.066,24.4300,41
52528019207296,14:35:28.019,24.4300,3
52565184105254,14:36:05.184,24.4100,100
52565184148572,14:36:05.184,24.4100,7
52565184148572,14:36:05.184,24.4100,2
52565184148572,14:36:05.184,24.4100,18
52565184149793,14:36:05.184,24.4000,100
52565184182244,14:36:05.184,24.3900,100
52566184850870,14:36:06.184,24.3700,100
52566185003850,14:36:06.185,24.3600,11
52572382453663,14:36:12.382,24.3800,100
52596407848905,14:36:36.407,24.4000,100
52608514417549,14:36:48.514,24.4300,99
52649132580010,14:37:29.132,24.4500,2
52709732932843,14:38:29.732,24.4400,2
52768016896324,14:39:28.016,24.4500,2
52811334503664,14:40:11.334,24.4300,100
52811334503664,14:40:11.334,24.4300,97
52811334543005,14:40:11.334,24.4300,3
52811334543005,14:40:11.334,24.4300,18
52811334543005,14:40:11.334,24.4300,2
52811334547769,14:40:11.334,24.4300,22
52811334559131,14:40:11.334,24.4300,2
52811334574501,14:40:11.334,24.4300,76
52811338108094,14:40:11.338,24.4200,100
52811344266589,14:40:11.344,24.4000,20
52811344266589,14:40:11.344,24.4000,80
52811347908074,14:40:11.347,24.4000,20
52811347908074,14:40:11.347,24.3800,80
52816340257314,14:40:16.340,24.4100,2
52825027299489,14:40:25.027,24.4000,100
52825028005380,14:40:25.028,24.4000,100
52832142380292,14:40:32.142,24.3800,8
52832163506920,14:40:32.163,24.4000,100
52847926476661,14:40:47.926,24.4100,53
52847926477477,14:40:47.926,24.4100,2
52847926506215,14:40:47.926,24.4100,10
52847927021802,14:40:47.927,24.4200,100
52948459770085,14:42:28.459,24.4400,2
53009011534965,14:43:29.011,24.4400,2
53092264557177,14:44:52.264,24.4600,100
53097023101048,14:44:57.023,24.4600,2
53160509892257,14:46:00.509,24.4600,13
53160509892257,14:46:00.509,24.4600,87
53160509936754,14:46:00.509,24.4600,13
53160664977206,14:46:00.664,24.4600,100
53160665034918,14:46:00.665,24.4600,99
53160665826299,14:46:00.665,24.4600,1
53160665826299,14:46:00.665,24.4600,99
53160665853317,14:46:00.665,24.4600,1
53163510815963,14:46:03.510,24.4500,3
53163510815963,14:46:03.510,24.4500,1
53226534979986,14:47:06.534,24.4700,100
53232492144589,14:47:12.492,24.4700,100
53264012849189,14:47:44.012,24.4800,1
53264012849189,14:47:44.012,24.4800,1
53264013268418,14:47:44.013,24.4800,100
53264015652495,14:47:44.015,24.4700,100
53264155450240,14:47:44.155,24.4700,100
53264191949054,14:47:44.191,24.4500,12
53269533384123,14:47:49.533,24.4600,100
53281153367279,14:48:01.153,24.4600,15
53308012873224,14:48:28.012,24.4700,2
53343244282234,14:49:03.244,24.4800,2
53372028856202,14:49:32.028,24.4700,2
53488040350568,14:51:28.040,24.4700,2
53488040462235,14:51:28.040,24.4600,40
53535185549512,14:52:15.185,24.4600,100
53535186934343,14:52:15.186,24.4500,95
53535189679924,14:52:15.189,24.4500,5
53535189679924,14:52:15.189,24.4500,18
53535189679924,14:52:15.189,24.4500,12
53535189679924,14:52:15.189,24.4500,100
53535189679924,14:52:15.189,24.4500,6
53535189679924,14:52:15.189,24.4500,2
53535270302025,14:52:15.270,24.4600,100
53543342574274,14:52:23.342,24.4700,100
53543342574274,14:52:23.342,24.4700,15
53543343075469,14:52:23.343,24.4800,100
53543344333367,14:52:23.344,24.4600,101
53543344348241,14:52:23.344,24.4700,100
53543344915822,14:52:23.344,24.4600,100
53543345219743,14:52:23.345,24.4700,30
53543351271134,14:52:23.351,24.4700,55
53543351368057,14:52:23.351,24.4600,100
53599561854087,14:53:19.561,24.4800,100
53606913539704,14:53:26.913,24.4900,100
53628311963840,14:53:48.311,24.4900,200
53628465536958,14:53:48.465,24.4700,2
53628465536958,14:53:48.465,24.4700,98
53655788045940,14:54:15.788,24.4700,2
53655788045940,14:54:15.788,24.4700,100
53679054730614,14:54:39.054,24.4400,100
53679084245234,14:54:39.084,24.4300,100
53679084245234,14:54:39.084,24.4300,40
53742792792904,14:55:42.792,24.4500,20
53742792792904,14:55:42.792,24.4500,80
53743033872317,14:55:43.033,24.4500,2
53743033932378,14:55:43.033,24.4500,18
53783026082119,14:56:23.026,24.4300,100
53783037572364,14:56:23.037,24.4200,100
53783037572364,14:56:23.037,24.4200,2
53783037572364,14:56:23.037,24.4200,200
53783037572364,14:56:23.037,24.4200,100
53783134422916,14:56:23.134,24.4200,7
53789757640790,14:56:29.757,24.4400,100
53810806905303,14:56:50.806,24.4500,100
53848101484256,14:57:28.101,24.4500,2
53848101484256,14:57:28.101,24.4500,100
53908465460506,14:58:28.465,24.4400,3
53948479966912,14:59:08.479,24.4000,40
53963169780130,14:59:23.169,24.4200,100
53963169871855,14:59:23.169,24.4300,200
53963170336736,14:59:23.170,24.4300,100
53984064237749,14:59:44.064,24.4600,3
54057020759643,15:00:57.020,24.4800,2
54089694256538,15:01:29.694,24.4900,100
54123157314457,15:02:03.157,24.4700,100
54123161121137,15:02:03.161,24.4700,45
54123161400513,15:02:03.161,24.4700,55
54123161400513,15:02:03.161,24.4700,45
54123161432444,15:02:03.161,24.4700,11
54123161432444,15:02:03.161,24.4700,63
54123161444744,15:02:03.161,24.4700,50
54123161730477,15:02:03.161,24.4700,131
54123161957511,15:02:03.161,24.4700,45
54123162061859,15:02:03.162,24.4700,11
54123162061859,15:02:03.162,24.4700,7
54123162061859,15:02:03.162,24.4700,18
54123162061859,15:02:03.162,24.4700,2
54123162061859,15:02:03.162,24.4700,3
54123174586442,15:02:03.174,24.4700,97
54123210939822,15:02:03.210,24.4600,100
54123210939822,15:02:03.210,24.4600,100
54123210939822,15:02:03.210,24.4600,5
54123237685959,15:02:03.237,24.4600,100
54123237685959,15:02:03.237,24.4600,100
54208027961150,15:03:28.027,24.4600,2
54224900310124,15:03:44.900,24.4500,50
54269013250826,15:04:29.013,24.4500,2
54303589430360,15:05:03.589,24.4400,100
54307165079028,15:05:07.165,24.4300,100
54307165216371,15:05:07.165,24.4300,3
54323915870456,15:05:23.915,24.4100,18
54323915870456,15:05:23.915,24.4100,82
54323915951039,15:05:23.915,24.4100,18
54323915951039,15:05:23.915,24.4100,7
54353552609796,15:05:53.552,24.4000,100
54357292594592,15:05:57.292,24.4100,100
54357293455267,15:05:57.293,24.4100,100
54444512487496,15:07:24.512,24.3900,82
54444512487496,15:07:24.512,24.3900,42
54444512747832,15:07:24.512,24.3900,58
54444512747832,15:07:24.512,24.3900,1
54444512747832,15:07:24.512,24.3900,2
54474326043832,15:07:54.326,24.3800,100
54486436863875,15:08:06.436,24.3900,200
54486436863875,15:08:06.436,24.3900,107
54486436872478,15:08:06.436,24.3900,100
54486439631022,15:08:06.439,24.3900,100
54486442720494,15:08:06.442,24.3800,100
54486442799479,15:08:06.442,24.3800,100
54486565050216,15:08:06.565,24.3700,2
54486565878396,15:08:06.565,24.3700,86
54486565878396,15:08:06.565,24.3700,14
54486566170937,15:08:06.566,24.3700,86
54486566170937,15:08:06.566,24.3700,14
54486949273381,15:08:06.949,24.3700,100
54515004847695,15:08:35.004,24.3600,100
54515004847695,15:08:35.004,24.3600,39
54534241818816,15:08:54.241,24.3600,100
54558722557269,15:09:18.722,24.3500,100
54560787452932,15:09:20.787,24.3500,100
54572339212061,15:09:32.339,24.3400,2
54586308983829,15:09:46.308,24.3200,100
54586309620768,15:09:46.309,24.3200,100
54618234977341,15:10:18.234,24.3100,6
54632295013557,15:10:32.295,24.3200,3
54661946323776,15:11:01.946,24.2900,75
54661946362615,15:11:01.946,24.2900,25
54661946362615,15:11:01.946,24.2900,2
54688798487485,15:11:28.798,24.2700,100
54688798487485,15:11:28.798,24.2700,200
54688798487485,15:11:28.798,24.2700,21
54688800628492,15:11:28.800,24.2600,100
54688807638763,15:11:28.807,24.2500,1
54688808369074,15:11:28.808,24.2600,100
54688808369074,15:11:28.808,24.2600,100
54688814329690,15:11:28.814,24.2400,100
54688814416375,15:11:28.814,24.2400,100
54688816347077,15:11:28.816,24.2300,100
54688822718419,15:11:28.822,24.2300,100
54688822745792,15:11:28.822,24.2200,100
54688825543961,15:11:28.825,24.2500,100
54688834421712,15:11:28.834,24.2200,100
54688834421712,15:11:28.834,24.2200,100
54688834421712,15:11:28.834,24.2200,100
54688834450102,15:11:28.834,24.2200,100
54755786790856,15:12:35.786,24.2300,2
54761680002160,15:12:41.680,24.2100,100
54793238477584,15:13:13.238,24.2400,20
54793238477584,15:13:13.238,24.2400,100
54793238477584,15:13:13.238,24.2400,100
54793238477584,15:13:13.238,24.2400,12
54793238477584,15:13:13.238,24.2400,200
54793239231398,15:13:13.239,24.2300,100
54793239237607,15:13:13.239,24.2500,100
54793239272177,15:13:13.239,24.2300,27
54793239295146,15:13:13.239,24.2300,73
54793239311826,15:13:13.239,24.2400,33
54793240065225,15:13:13.240,24.2400,67
54808062373586,15:13:28.062,24.2700,2
54868943099278,15:14:28.943,24.2700,2
54924517576088,15:15:24.517,24.2900,100
54924517576088,15:15:24.517,24.2900,100
54924517576088,15:15:24.517,24.2900,100
54924518271248,15:15:24.518,24.3000,100
54929019129971,15:15:29.019,24.3300,100
54929019129971,15:15:29.019,24.3300,100
54929019542926,15:15:29.019,24.3300,100
54929019829880,15:15:29.019,24.3300,2
54929079609895,15:15:29.079,24.3200,2
54936844769769,15:15:36.844,24.3200,72
54956318953434,15:15:56.318,24.3500,100
54989011380341,15:16:29.011,24.3600,2
55045335937833,15:17:25.335,24.3600,43
55048010465337,15:17:28.010,24.3600,2
55052679419990,15:17:32.679,24.3400,87
55052679460101,15:17:32.679,24.3400,13
55052679460101,15:17:32.679,24.3400,7
55052679460101,15:17:32.679,24.3400,200
55063248911223,15:17:43.248,24.3200,100
55085048137141,15:18:05.048,24.3200,50
55085048178314,15:18:05.048,24.3200,5
55119708561035,15:18:39.708,24.3300,3
55197060284986,15:19:57.060,24.3500,3
55209594165378,15:20:09.594,24.3500,100
55209594772618,15:20:09.594,24.3500,97
55209594772618,15:20:09.594,24.3500,100
55209594772618,15:20:09.594,24.3500,100
55209594772618,15:20:09.594,24.3500,200
55244948947165,15:20:44.948,24.3600,3
55296679224139,15:21:36.679,24.3600,2
55348006931095,15:22:28.006,24.3600,2
55348007357189,15:22:28.007,24.3400,200
55348007599833,15:22:28.007,24.3300,8
55348007951374,15:22:28.007,24.3300,92
55348007951374,15:22:28.007,24.3300,8
55348007978014,15:22:28.007,24.3300,92
55408008282217,15:23:28.008,24.3300,3
55408126053854,15:23:28.126,24.3300,10
55408126817625,15:23:28.126,24.3300,90
55408127240298,15:23:28.127,24.3300,100
55455261505730,15:24:15.261,24.3200,100
55455646091655,15:24:15.646,24.3300,20
55461914781176,15:24:21.914,24.3300,100
55468268498542,15:24:28.268,24.3300,100
55468268498542,15:24:28.268,24.3300,12
55468268498542,15:24:28.268,24.3300,88
55469023893737,15:24:29.023,24.3300,12
55469025932524,15:24:29.025,24.3300,100
55469025932524,15:24:29.025,24.3300,100
55469029294012,15:24:29.029,24.3200,100
55469029294012,15:24:29.029,24.3200,100
55469029294012,15:24:29.029,24.3200,2
55469032060885,15:24:29.032,24.3100,74
55469032515151,15:24:29.032,24.3100,4
55469032523139,15:24:29.032,24.3100,22
55518234756079,15:25:18.234,24.2800,3
55518234756079,15:25:18.234,24.2800,96
55547410875641,15:25:47.410,24.2900,90
55597099107058,15:26:37.099,24.3100,100
55597099107058,15:26:37.099,24.3100,100
55598014099549,15:26:38.014,24.3200,2
55600070298137,15:26:40.070,24.3200,100
55600070435659,15:26:40.070,24.3300,20
55627651205759,15:27:07.651,24.3100,100
55627651205759,15:27:07.651,24.3100,100
55627651205759,15:27:07.651,24.3100,3
55627651294006,15:27:07.651,24.3100,100
55627651355449,15:27:07.651,24.3100,61
55627651378496,15:27:07.651,24.3100,39
55627651586996,15:27:07.651,24.3100,100
55627651623561,15:27:07.651,24.3000,100
55716826635819,15:28:36.826,24.3300,12
55717020041139,15:28:37.020,24.3300,2
55741923496673,15:29:01.923,24.3300,100
55741923579335,15:29:01.923,24.3300,41
55778014418026,15:29:38.014,24.3500,2
55801499150751,15:30:01.499,24.3600,30
55804478418498,15:30:04.478,24.3400,100
55804478458769,15:30:04.478,24.3400,100
55804478461806,15:30:04.478,24.3400,7
55804478461806,15:30:04.478,24.3400,2
55888013287835,15:31:28.013,24.3600,2
55948021762881,15:32:28.021,24.3600,3
55953132695485,15:32:33.132,24.3500,100
55953132695485,15:32:33.132,24.3500,100
55953132695485,15:32:33.132,24.3500,16
55953132695485,15:32:33.132,24.3500,100
55953132695485,15:32:33.132,24.3500,30
55953133279273,15:32:33.133,24.3400,100
55953137712067,15:32:33.137,24.3200,100
55953911487603,15:32:33.911,24.3000,20
55981687133537,15:33:01.687,24.3200,100
55991594032134,15:33:11.594,24.3200,100
55991595399179,15:33:11.595,24.3200,100
56012211962207,15:33:32.211,24.3200,2
56012211962207,15:33:32.211,24.3200,100
56025758250380,15:33:45.758,24.3300,12
56025758417206,15:33:45.758,24.3300,100
56025759200691,15:33:45.759,24.3300,100
56025759705122,15:33:45.759,24.3400,100
56068009841637,15:34:28.009,24.3600,2
56078986004980,15:34:38.986,24.3400,100
56078986042381,15:34:38.986,24.3400,98
56078986047093,15:34:38.986,24.3400,39
56078986052911,15:34:38.986,24.3400,50
56078986084431,15:34:38.986,24.3400,13
56078986084431,15:34:38.986,24.3400,7
56088468402581,15:34:48.468,24.3300,69
56088468413758,15:34:48.468,24.3300,31
56097532973011,15:34:57.532,24.3000,100
56097543816884,15:34:57.543,24.2900,60
56097571868812,15:34:57.571,24.2900,40
56097571868812,15:34:57.571,24.2900,60
56100442591323,15:35:00.442,24.2900,100
56100443130839,15:35:00.443,24.3000,100
56100443167957,15:35:00.443,24.3000,100
56100447584645,15:35:00.447,24.3100,100
56100447810536,15:35:00.447,24.3100,100
56102666012763,15:35:02.666,24.3100,40
56188082740012,15:36:28.082,24.3200,3
56194204859110,15:36:34.204,24.3000,100
56248101397273,15:37:28.101,24.3100,3
56248101397273,15:37:28.101,24.3100,100
56310141238200,15:38:30.141,24.3100,2
56349069485381,15:39:09.069,24.2900,3
56419818351489,15:40:19.818,24.2800,100
56428022321036,15:40:28.022,24.2800,2
56433521743959,15:40:33.521,24.2900,100
56440962373496,15:40:40.962,24.2900,12
56442053562704,15:40:42.053,24.3000,31
56442053602322,15:40:42.053,24.3000,69
56442053602322,15:40:42.053,24.3000,31
56442053613452,15:40:42.053,24.3000,69
56442053613452,15:40:42.053,24.3000,31
56442053615166,15:40:42.053,24.3000,50
56442053626043,15:40:42.053,24.3000,19
56442053626043,15:40:42.053,24.3000,31
56442053830753,15:40:42.053,24.3000,50
56442053842848,15:40:42.053,24.3000,19
56442054698332,15:40:42.054,24.3100,100
56442269978537,15:40:42.269,24.3100,100
56471785985181,15:41:11.785,24.3000,100
56480760481436,15:41:20.760,24.2800,100
56480760567135,15:41:20.760,24.2800,2
56608172552313,15:43:28.172,24.3000,2
56629658307826,15:43:49.658,24.2900,40
56629658307826,15:43:49.658,24.2800,80
56629658502587,15:43:49.658,24.2800,20
56629658502587,15:43:49.658,24.2800,79
56629659378218,15:43:49.659,24.2800,21
56629659378218,15:43:49.659,24.2800,62
56629659378218,15:43:49.659,24.2800,7
56629659378218,15:43:49.659,24.2800,100
56629659378218,15:43:49.659,24.2800,10
56697292044693,15:44:57.292,24.3200,3
56714229981609,15:45:14.229,24.2900,100
56714230021866,15:45:14.230,24.2900,2
56714230021866,15:45:14.230,24.2900,1
56714230686334,15:45:14.230,24.2800,40
56714230686334,15:45:14.230,24.2800,57
56714230689071,15:45:14.230,24.2800,43
56719561141867,15:45:19.561,24.2700,40
56788519817923,15:46:28.519,24.2900,2
56789070002063,15:46:29.070,24.2700,100
56790127433655,15:46:30.127,24.2900,22
56794532637268,15:46:34.532,24.2800,100
56794532637268,15:46:34.532,24.2900,100
56798909519488,15:46:38.909,24.2900,100
56800707848052,15:46:40.707,24.2900,11
56807720304931,15:46:47.720,24.2900,100
56818731742561,15:46:58.731,24.2900,100
56818732863960,15:46:58.732,24.2900,100
56818735032591,15:46:58.735,24.2900,90
56818804042166,15:46:58.804,24.2900,10
56848035411812,15:47:28.035,24.2900,2
56848035411812,15:47:28.035,24.2900,100
56860339860391,15:47:40.339,24.2800,100
56860339971441,15:47:40.339,24.2800,4
56936372562619,15:48:56.372,24.3000,2
56936373445847,15:48:56.373,24.2900,17
56942133554613,15:49:02.133,24.2900,13
56942133554613,15:49:02.133,24.2900,87
56970142934157,15:49:30.142,24.2900,2
56984132655535,15:49:44.132,24.2800,196
56984132655535,15:49:44.132,24.2800,7
56984132655535,15:49:44.132,24.2800,95
56984132708343,15:49:44.132,24.2800,2
56984132742609,15:49:44.132,24.2800,3
56984132742609,15:49:44.132,24.2800,97
56984133070982,15:49:44.133,24.2800,3
57029769559284,15:50:29.769,24.2900,100
57067100631770,15:51:07.100,24.2900,100
57073296148435,15:51:13.296,24.2900,100
57073296148435,15:51:13.296,24.2900,10
57073296559280,15:51:13.296,24.2900,190
57073296559280,15:51:13.296,24.2900,10
57073296593167,15:51:13.296,24.2900,90
57073296688140,15:51:13.296,24.2900,10
57073297595975,15:51:13.297,24.2900,15
57073297737793,15:51:13.297,24.2900,75
57073297737793,15:51:13.297,24.2900,10
57073297737793,15:51:13.297,24.2900,7
57073297762151,15:51:13.297,24.2900,8
57143057930060,15:52:23.057,24.2950,100
57143057930060,15:52:23.057,24.3000,100
57143057930060,15:52:23.057,24.3000,100
57143057930060,15:52:23.057,24.3000,100
57143057930060,15:52:23.057,24.3000,100
57143057930060,15:52:23.057,24.3000,100
57143057930060,15:52:23.057,24.3000,100
57143057930060,15:52:23.057,24.3000,100
57143057930060,15:52:23.057,24.3000,100
57143057930060,15:52:23.057,24.3000,100
57143057930060,15:52:23.057,24.3000,100
57143058394652,15:52:23.058,24.3000,100
57143060197576,15:52:23.060,24.3050,100
57143060197576,15:52:23.060,24.3100,100
57143060197576,15:52:23.060,24.3100,100
57143060197576,15:52:23.060,24.3100,100
57143060197576,15:52:23.060,24.3100,100
57143061023587,15:52:23.061,24.3100,200
57143062470363,15:52:23.062,24.3150,100
57143062470363,15:52:23.062,24.3200,100
57143062470363,15:52:23.062,24.3200,169
57143064420988,15:52:23.064,24.3300,100
57143064420988,15:52:23.064,24.3300,100
57143069897786,15:52:23.069,24.3400,91
57143069904520,15:52:23.069,24.3400,9
57143174331198,15:52:23.174,24.3400,100
57143174395515,15:52:23.174,24.3500,100
57143174395515,15:52:23.174,24.3500,100
57143174533944,15:52:23.174,24.3500,10
57144854093537,15:52:24.854,24.3500,100
57144856817652,15:52:24.856,24.3500,46
57145074588601,15:52:25.074,24.3500,2
57145105414195,15:52:25.105,24.3400,100
57145105414195,15:52:25.105,24.3400,10
57145105414195,15:52:25.105,24.3400,90
57145105451154,15:52:25.105,24.3400,10
57145105451154,15:52:25.105,24.3400,90
57145105495228,15:52:25.105,24.3400,10
57145105851639,15:52:25.105,24.3400,100
57145105956339,15:52:25.105,24.3400,100
57145131540783,15:52:25.131,24.3400,100
57149518991312,15:52:29.518,24.3550,7
57165440766368,15:52:45.440,24.3400,100
57183894399709,15:53:03.894,24.3500,100
57211469478159,15:53:31.469,24.3400,28
57225941961305,15:53:45.941,24.3500,100
57229520502654,15:53:49.520,24.3600,7
57229670586584,15:53:49.670,24.3600,300
57229670947901,15:53:49.670,24.3600,100
57229671024250,15:53:49.671,24.3600,5
57229671165924,15:53:49.671,24.3600,100
57229671215841,15:53:49.671,24.3600,488
57229671637955,15:53:49.671,24.3600,100
57229744043838,15:53:49.744,24.3600,100
57230518216410,15:53:50.518,24.3700,100
57230518371518,15:53:50.518,24.3700,100
57230522177163,15:53:50.522,24.3700,100
57230529773079,15:53:50.529,24.3700,100
57241648386248,15:54:01.648,24.3650,100
57253673344079,15:54:13.673,24.3600,28
57253673584917,15:54:13.673,24.3650,175
57253673587533,15:54:13.673,24.3650,100
57253673600527,15:54:13.673,24.3650,25
57253673600527,15:54:13.673,24.3600,25
57300027696482,15:55:00.027,24.3650,100
57300027696482,15:55:00.027,24.3700,100
57300027696482,15:55:00.027,24.3700,100
57300027696482,15:55:00.027,24.3700,100
57300028010937,15:55:00.028,24.3700,3
57300028010937,15:55:00.028,24.3700,6
57300028073713,15:55:00.028,24.3700,50
57300028139930,15:55:00.028,24.3700,44
57300028139930,15:55:00.028,24.3700,56
57300028141830,15:55:00.028,24.3700,44
57300031005590,15:55:00.031,24.3800,50
57300031033417,15:55:00.031,24.3800,106
57300031835682,15:55:00.031,24.3800,99
57300227166492,15:55:00.227,24.3800,100
57300227198680,15:55:00.227,24.3800,70
57300227233760,15:55:00.227,24.3800,100
57300227234314,15:55:00.227,24.3800,100
57300227237428,15:55:00.227,24.3800,7
57300298108592,15:55:00.298,24.3800,1
57315971344118,15:55:15.971,24.4100,7
57316025861280,15:55:16.025,24.4100,6
57319046090968,15:55:19.046,24.4000,100
57320709503513,15:55:20.709,24.4000,100
57328130060595,15:55:28.130,24.4050,100
57328130060595,15:55:28.130,24.4000,3
57344498576644,15:55:44.498,24.4050,100
57348466991565,15:55:48.466,24.4100,55
57348467077954,15:55:48.467,24.4100,4
57355649099675,15:55:55.649,24.4100,28
57355649099675,15:55:55.649,24.4100,172
57355649137585,15:55:55.649,24.4100,50
57355649154736,15:55:55.649,24.4100,100
57355649336098,15:55:55.649,24.4100,49
57355649448377,15:55:55.649,24.4100,50
57355650528879,15:55:55.650,24.4100,379
57355650528879,15:55:55.650,24.4100,1
57355650528879,15:55:55.650,24.4100,120
57355650570543,15:55:55.650,24.4100,51
57355650761405,15:55:55.650,24.4100,29
57355650761405,15:55:55.650,24.4100,21
57355650831954,15:55:55.650,24.4100,79
57355650831954,15:55:55.650,24.4100,100
57355650831954,15:55:55.650,24.4100,100
57357120901941,15:55:57.120,24.4200,100
57357120901941,15:55:57.120,24.4200,59
57357120927030,15:55:57.120,24.4200,41
57357120927030,15:55:57.120,24.4200,100
57357132114908,15:55:57.132,24.4250,100
57388219389071,15:56:28.219,24.4400,50
57388219397291,15:56:28.219,24.4400,50
57388242876379,15:56:28.242,24.4350,100
57388394688350,15:56:28.394,24.4400,49
57389126138733,15:56:29.126,24.4350,100
57405702966789,15:56:45.702,24.4400,200
57405703021518,15:56:45.703,24.4400,100
57405703043312,15:56:45.703,24.4400,200
57405703059533,15:56:45.703,24.4400,50
57405703074309,15:56:45.703,24.4400,101
57405703074309,15:56:45.703,24.4400,99
57405703095827,15:56:45.703,24.4400,1
57405703095827,15:56:45.703,24.4400,1
57405703095827,15:56:45.703,24.4400,98
57405703136859,15:56:45.703,24.4400,2
57405703136859,15:56:45.703,24.4400,48
57405703477142,15:56:45.703,24.4400,52
57406025292557,15:56:46.025,24.4500,30
57406025292557,15:56:46.025,24.4500,10
57408513157565,15:56:48.513,24.4500,100
57417224422248,15:56:57.224,24.4500,2
57417776209412,15:56:57.776,24.4500,98
57417776209412,15:56:57.776,24.4500,2
57424398208284,15:57:04.398,24.4550,100
57428139968615,15:57:08.139,24.4600,100
57430506034547,15:57:10.506,24.4550,100
57431085219734,15:57:11.085,24.4550,99
57438375920985,15:57:18.375,24.4550,100
57447379963620,15:57:27.379,24.4550,100
57447379963620,15:57:27.379,24.4550,1
57447379963620,15:57:27.379,24.4500,99
57449156262272,15:57:29.156,24.4550,100
57453522438445,15:57:33.522,24.4600,7
57462746798259,15:57:42.746,24.4550,100
57462746798259,15:57:42.746,24.4550,100
57462772887256,15:57:42.772,24.4550,100
57462781692729,15:57:42.781,24.4500,7
57462781692729,15:57:42.781,24.4500,2
57462781692729,15:57:42.781,24.4500,54
57462781692729,15:57:42.781,24.4500,100
57462781692729,15:57:42.781,24.4500,100
57462781692729,15:57:42.781,24.4500,200
57462781692729,15:57:42.781,24.4500,100
57462781803010,15:57:42.781,24.4500,100
57462781859639,15:57:42.781,24.4500,100
57462781869170,15:57:42.781,24.4500,100
57462782286716,15:57:42.782,24.4500,100
57462782286716,15:57:42.782,24.4500,38
57462782363440,15:57:42.782,24.4500,62
57462782363440,15:57:42.782,24.4500,100
57462782363440,15:57:42.782,24.4500,100
57462782537676,15:57:42.782,24.4500,100
57462782537676,15:57:42.782,24.4500,100
57462782710987,15:57:42.782,24.4400,109
57462782710987,15:57:42.782,24.4400,55
57462782715880,15:57:42.782,24.4400,50
57462782721200,15:57:42.782,24.4400,53
57468300834795,15:57:48.300,24.4300,100
57470045152633,15:57:50.045,24.4300,10
57474919067935,15:57:54.919,24.4100,100
57474919142999,15:57:54.919,24.4100,100
57475926400106,15:57:55.926,24.4000,78
57480342692658,15:58:00.342,24.4000,22
57480342692658,15:58:00.342,24.4000,200
57480342692658,15:58:00.342,24.4000,78
57480343109814,15:58:00.343,24.4000,22
57480343109814,15:58:00.343,24.4000,78
57480343172481,15:58:00.343,24.4000,122
57480343172481,15:58:00.343,24.4000,3
57481416090438,15:58:01.416,24.3800,100
57482916058449,15:58:02.916,24.3900,400
57482916092321,15:58:02.916,24.3900,57
57482916092321,15:58:02.916,24.3900,93
57482916096781,15:58:02.916,24.3900,7
57482916096781,15:58:02.916,24.3900,93
57482916290050,15:58:02.916,24.3900,7
57482916290050,15:58:02.916,24.3900,100
57482916290050,15:58:02.916,24.3900,92
57482916291858,15:58:02.916,24.3900,11
57482916291858,15:58:02.916,24.3900,100
57483162426766,15:58:03.162,24.3900,100
57485301785987,15:58:05.301,24.4100,36
57507999233604,15:58:27.999,24.4100,64
57507999233604,15:58:27.999,24.4100,36
57517391464616,15:58:37.391,24.4100,100
57525356320642,15:58:45.356,24.4100,200
57526209565193,15:58:46.209,24.4100,64
57526209565193,15:58:46.209,24.4100,60
57526209565193,15:58:46.209,24.4100,48
57526209565193,15:58:46.209,24.4100,100
57526209565193,15:58:46.209,24.4100,25
57526209565193,15:58:46.209,24.4100,80
57526209565193,15:58:46.209,24.4100,13
57526209918928,15:58:46.209,24.4100,45
57526209918928,15:58:46.209,24.4100,40
57526209969644,15:58:46.209,24.4100,60
57526214881617,15:58:46.214,24.4150,92
57526284617798,15:58:46.284,24.4200,100
57527383568750,15:58:47.383,24.4300,100
57536383566987,15:58:56.383,24.4200,57
57538411019446,15:58:58.411,24.4200,8
57538446620160,15:58:58.446,24.4100,200
57538446620160,15:58:58.446,24.4100,100
57538446702168,15:58:58.446,24.4100,100
57538446702168,15:58:58.446,24.4100,54
57538446702168,15:58:58.446,24.4100,158
57538460889213,15:58:58.460,24.4000,100
57564349641911,15:59:24.349,24.4300,100
57565603977630,15:59:25.603,24.4300,100
57572043689800,15:59:32.043,24.4300,79
57572812744193,15:59:32.812,24.4200,2
57572813090980,15:59:32.813,24.4200,100
57572981200640,15:59:32.981,24.4200,6
57573214346847,15:59:33.214,24.4200,43
57578025574737,15:59:38.025,24.4300,30
57579257477617,15:59:39.257,24.4200,57
57580419284898,15:59:40.419,24.4150,100
57580419284898,15:59:40.419,24.4100,100
57580419284898,15:59:40.419,24.4100,100
57580419284898,15:59:40.419,24.4100,8
57581261520438,15:59:41.261,24.4100,100
57585138638391,15:59:45.138,24.4100,43
57585138638391,15:59:45.138,24.4000,57
57592000787901,15:59:52.000,24.4100,50
57593056025927,15:59:53.056,24.4200,14
57595311627556,15:59:55.311,24.4100,22
57597119668863,15:59:57.119,24.4200,221
57597647184889,15:59:57.647,24.4000,7
57597736124990,15:59:57.736,24.4000,36
57597736124990,15:59:57.736,24.4000,100
57597736124990,15:59:57.736,24.4000,44
57598035062953,15:59:58.035,24.4200,8
57598035062953,15:59:58.035,24.4200,192
57598395350904,15:59:58.395,24.4200,100
57600631578211,16:00:00.631,24.4200,20970
57759890277939,16:02:39.890,24.0300,19
57853833282454,16:04:13.833,24.0200,3
70035622402350,19:27:15.622,24.5300,125
