timestamp,time,price,volume
34200780927016,09:30:00.780,21.7600,674
34572591081831,09:36:12.591,21.7700,3
34902914708489,09:41:42.914,21.9700,3
34902914708489,09:41:42.914,21.9700,97
34922521552810,09:42:02.521,21.9800,60
35449092363777,09:50:49.092,21.8100,2
35449092363777,09:50:49.092,21.8100,60
35449092363777,09:50:49.092,21.8100,38
35449092471759,09:50:49.092,21.8100,62
35449092471759,09:50:49.092,21.8000,38
35449092497656,09:50:49.092,21.8000,62
35450897413594,09:50:50.897,21.7500,31
35450918522509,09:50:50.918,21.7900,5
35450918522509,09:50:50.918,21.8000,25
35464087437933,09:51:04.087,21.7500,25
35464087437933,09:51:04.087,21.7500,10
35464087437933,09:51:04.087,21.7500,10
35464087437933,09:51:04.087,21.7400,55
35464089564763,09:51:04.089,21.7400,45
35841454913479,09:57:21.454,21.7200,100
35841455442234,09:57:21.455,21.7200,100
35841456206621,09:57:21.456,21.7300,5
36226499486485,10:03:46.499,21.7100,100
36272714811281,10:04:32.714,21.7300,23
36280681242731,10:04:40.681,21.7400,5
36280681242731,10:04:40.681,21.7400,18
36353197689150,10:05:53.197,21.7400,82
36353197689150,10:05:53.197,21.7700,18
36431360656257,10:07:11.360,21.7700,70
36431360673992,10:07:11.360,21.7700,12
36872095145722,10:14:32.095,21.8100,100
37355479774709,10:22:35.479,21.7800,50
37361720795387,10:22:41.720,21.7700,100
37361720908082,10:22:41.720,21.7700,100
37484142860948,10:24:44.142,21.7500,52
37484142860948,10:24:44.142,21.7500,48
37484143057160,10:24:44.143,21.7500,52
37484143057160,10:24:44.143,21.7500,100
37484143319508,10:24:44.143,21.7700,30
37600387544707,10:26:40.387,21.7500,30
37600387544707,10:26:40.387,21.7400,70
37944000420562,10:32:24.000,21.7800,100
37944000420562,10:32:24.000,21.7800,2
37944000435999,10:32:24.000,21.7800,98
37944003172475,10:32:24.003,21.8000,100
37944006098841,10:32:24.006,21.7900,100
38002110083215,10:33:22.110,21.8500,5
38002110083215,10:33:22.110,21.8500,95
38125353651294,10:35:25.353,21.8400,200
38125353678727,10:35:25.353,21.8400,18
38230536661037,10:37:10.536,21.8300,30
38230536757494,10:37:10.536,21.8200,63
38230536985851,10:37:10.536,21.8200,37
38230537005565,10:37:10.537,21.8100,100
38230537760472,10:37:10.537,21.8100,21
38782196249735,10:46:22.196,21.8500,41
38782196253873,10:46:22.196,21.8500,59
38782196253873,10:46:22.196,21.8500,1
39433789191717,10:57:13.789,21.7700,100
39433789717990,10:57:13.789,21.7700,100
39433789751232,10:57:13.789,21.7700,100
39433790057553,10:57:13.790,21.7700,100
39433790081340,10:57:13.790,21.7700,28
39433790284262,10:57:13.790,21.7700,28
39433840874226,10:57:13.840,21.7700,28
39433840874226,10:57:13.840,21.7700,72
39677109804784,11:01:17.109,21.8100,5
39677109804784,11:01:17.109,21.8100,95
39677109829991,11:01:17.109,21.8100,5
40238379091085,11:10:38.379,21.7700,30
40781191377760,11:19:41.191,21.7500,100
40781191377760,11:19:41.191,21.7500,100
40781192616606,11:19:41.192,21.7500,95
40781249334079,11:19:41.249,21.7500,5
40781249334079,11:19:41.249,21.7500,100
40781249728356,11:19:41.249,21.7500,29
40781250135937,11:19:41.250,21.7500,6
40781250862535,11:19:41.250,21.7500,23
40782198344631,11:19:42.198,21.7700,100
40931492464050,11:22:11.492,21.7400,100
40943924146473,11:22:23.924,21.7400,100
40950414320401,11:22:30.414,21.7400,100
40950437390168,11:22:30.437,21.7700,35
40950437836349,11:22:30.437,21.7700,65
40950438517008,11:22:30.438,21.7700,35
40950438517008,11:22:30.438,21.7700,65
41608690194293,11:33:28.690,21.7600,100
41608690194293,11:33:28.690,21.7600,1
41948638449069,11:39:08.638,21.7300,20
41948638449069,11:39:08.638,21.7300,100
41948638449069,11:39:08.638,21.7300,100
42192051598237,11:43:12.051,21.7500,100
42192051598237,11:43:12.051,21.7500,100
42192051598237,11:43:12.051,21.7500,100
43200086366786,12:00:00.086,21.7100,100
43201577526703,12:00:01.577,21.7100,30
43201577562094,12:00:01.577,21.7100,100
43201579063101,12:00:01.579,21.7200,100
43201580124379,12:00:01.580,21.7200,100
43201580174546,12:00:01.580,21.7200,100
43201580201519,12:00:01.580,21.7300,100
43201580235960,12:00:01.580,21.7300,5
43229136919750,12:00:29.136,21.7400,100
43229136919750,12:00:29.136,21.7400,100
43940258678001,12:12:20.258,21.7500,94
43940258693159,12:12:20.258,21.7500,6
43940258693159,12:12:20.258,21.7500,100
44984859245041,12:29:44.859,21.7300,100
44984859245041,12:29:44.859,21.7400,100
44984859245041,12:29:44.859,21.7400,100
45205493028333,12:33:25.493,21.6500,30
45205494999070,12:33:25.494,21.6500,30
45205495027197,12:33:25.495,21.6500,10
45215954172754,12:33:35.954,21.6500,100
45215954172754,12:33:35.954,21.6600,100
45215954172754,12:33:35.954,21.6600,60
45215954172754,12:33:35.954,21.6600,100
45215954172754,12:33:35.954,21.6600,100
45215954172754,12:33:35.954,21.6600,100
45215954172754,12:33:35.954,21.6600,100
45295004450505,12:34:55.004,21.6700,100
45295004450505,12:34:55.004,21.6800,100
45295004450505,12:34:55.004,21.6800,100
45295005336509,12:34:55.005,21.6900,100
45295005461636,12:34:55.005,21.6700,15
45295005461636,12:34:55.005,21.6700,85
45310989528084,12:35:10.989,21.7300,100
45310989528084,12:35:10.989,21.7300,100
45310989528084,12:35:10.989,21.7300,100
45310989528084,12:35:10.989,21.7300,100
45310989528084,12:35:10.989,21.7300,100
45310989528084,12:35:10.989,21.7300,200
45310989898410,12:35:10.989,21.6800,30
45310990148410,12:35:10.990,21.7300,30
45310990148410,12:35:10.990,21.7300,10
45312214994968,12:35:12.214,21.7500,50
45312216087383,12:35:12.216,21.7600,50
45571120331525,12:39:31.120,21.7700,20
45571120331525,12:39:31.120,21.7800,10
45571120331525,12:39:31.120,21.7800,70
45571120425400,12:39:31.120,21.7800,10
45571120425400,12:39:31.120,21.7800,10
45571120425400,12:39:31.120,21.7800,80
45701222729994,12:41:41.222,21.7800,20
45710908367827,12:41:50.908,21.7400,100
46884955360035,13:01:24.955,21.7600,100
46890912755657,13:01:30.912,21.7500,100
47721020945592,13:15:21.020,21.7400,100
47923986097260,13:18:43.986,21.7400,100
47923986097260,13:18:43.986,21.7500,100
47923986097260,13:18:43.986,21.7500,100
47923986097260,13:18:43.986,21.7500,200
47923986966637,13:18:43.986,21.7600,100
48080133790702,13:21:20.133,21.7600,20
49232028765917,13:40:32.028,21.7400,100
49232028765917,13:40:32.028,21.7400,100
49232028765917,13:40:32.028,21.7400,100
49234654115020,13:40:34.654,21.7300,30
49722872633241,13:48:42.872,21.7100,1
49722874883790,13:48:42.874,21.7000,30
49722891259040,13:48:42.891,21.7000,100
49723576316579,13:48:43.576,21.7000,100
49723576316579,13:48:43.576,21.7000,100
49723576316579,13:48:43.576,21.7000,100
49723576316579,13:48:43.576,21.7000,100
49761893235865,13:49:21.893,21.7400,100
49761893235865,13:49:21.893,21.7500,100
49761893235865,13:49:21.893,21.7500,100
49761893235865,13:49:21.893,21.7500,2
49854185146529,13:50:54.185,21.7700,4
49905019208157,13:51:45.019,21.7400,30
50413019697064,14:00:13.019,21.7700,5
50413019697064,14:00:13.019,21.7700,4
50413028573113,14:00:13.028,21.7800,100
50413033925332,14:00:13.033,21.7900,10
50413033925332,14:00:13.033,21.7900,90
50413033925332,14:00:13.033,21.7900,100
50413046375183,14:00:13.046,21.8000,27
50413046427218,14:00:13.046,21.8000,10
50413046427218,14:00:13.046,21.8000,3
50413046427218,14:00:13.046,21.8000,60
50464884997624,14:01:04.884,21.8200,10
50464884997624,14:01:04.884,21.8200,28
50464884997624,14:01:04.884,21.8200,41
50464887321397,14:01:04.887,21.8000,28
50634191878044,14:03:54.191,21.8900,5
50960494604175,14:09:20.494,21.9100,100
50960495743219,14:09:20.495,21.9200,100
50960495794900,14:09:20.495,21.9200,100
50960495808439,14:09:20.495,21.9200,1
50960496493673,14:09:20.496,21.9300,100
50960498000140,14:09:20.498,21.9400,100
50960504415711,14:09:20.504,21.9550,100
51466825220009,14:17:46.825,21.9000,39
51802036211296,14:23:22.036,21.9300,5
51802036211296,14:23:22.036,21.9300,4
51802036211296,14:23:22.036,21.9300,91
51802036259727,14:23:22.036,21.9300,9
51802036404780,14:23:22.036,21.9400,100
51807089602297,14:23:27.089,21.9100,40
51808134413521,14:23:28.134,21.9000,100
51808134413521,14:23:28.134,21.9000,40
52103451529380,14:28:23.451,21.8900,100
52103451529380,14:28:23.451,21.8900,30
52103451529380,14:28:23.451,21.8900,100
52103455709477,14:28:23.455,21.8900,40
52513652839262,14:35:13.652,21.8700,100
52513652839262,14:35:13.652,21.8700,100
52513653067900,14:35:13.653,21.8800,100
52513653067900,14:35:13.653,21.8800,14
52513653072133,14:35:13.653,21.8800,8
52513653080565,14:35:13.653,21.8800,5
52513653275843,14:35:13.653,21.8800,28
52513653324174,14:35:13.653,21.8800,45
52563099376990,14:36:03.099,21.8700,40
52612067578963,14:36:52.067,21.8900,6
53090257620312,14:44:50.257,21.8900,70
53090257775974,14:44:50.257,21.8900,30
53090257775974,14:44:50.257,21.8900,200
53188270529154,14:46:28.270,21.9500,100
53205004814297,14:46:45.004,21.9600,2
53205005220672,14:46:45.005,21.9500,10
53205005220672,14:46:45.005,21.9500,20
53205005238979,14:46:45.005,21.9400,5
53205005238979,14:46:45.005,21.9400,100
53205005421026,14:46:45.005,21.9500,8
53205005448079,14:46:45.005,21.9400,100
53205983621219,14:46:45.983,21.9500,20
53228548326831,14:47:08.548,21.9800,2
53228548326831,14:47:08.548,21.9900,10
53297479005344,14:48:17.479,21.9600,50
53297479043650,14:48:17.479,21.9500,17
53297479051169,14:48:17.479,21.9500,3
53297479066078,14:48:17.479,21.9500,50
53297479068589,14:48:17.479,21.9500,30
53297479068589,14:48:17.479,21.9500,117
53300946315593,14:48:20.946,21.9400,100
53301261423794,14:48:21.261,21.9400,100
53315688526927,14:48:35.688,21.9200,100
53388403723084,14:49:48.403,21.9300,9
53388403730502,14:49:48.403,21.9300,2
53388403748213,14:49:48.403,21.9300,39
53576336568717,14:52:56.336,21.9000,50
53580004700213,14:53:00.004,21.9200,6
53686100466015,14:54:46.100,21.8800,9
53973594845599,14:59:33.594,21.9200,16
54000271603442,15:00:00.271,21.9200,84
54000271603442,15:00:00.271,21.9200,100
54000271603442,15:00:00.271,21.9200,100
54000272022087,15:00:00.272,21.9300,43
54000980478504,15:00:00.980,21.9300,57
54034008165923,15:00:34.008,21.9400,10
54107119179509,15:01:47.119,21.9000,100
54203374740807,15:03:23.374,21.8800,60
54210531643688,15:03:30.531,21.8700,100
54373142603336,15:06:13.142,21.8500,100
54373142603336,15:06:13.142,21.8500,11
54373213882865,15:06:13.213,21.8400,100
54622811113942,15:10:22.811,21.7900,100
54677074251830,15:11:17.074,21.7800,70
54677074251830,15:11:17.074,21.7700,30
54677074345480,15:11:17.074,21.7700,70
54682499625601,15:11:22.499,21.7500,100
54741129537004,15:12:21.129,21.7300,5
54741135757413,15:12:21.135,21.7300,5
54741135757413,15:12:21.135,21.7100,72
54741186897067,15:12:21.186,21.7400,100
54741189712085,15:12:21.189,21.7500,100
54832000111631,15:13:52.000,21.7600,200
54832000111631,15:13:52.000,21.7600,100
54832001016543,15:13:52.001,21.7600,100
54910993522727,15:15:10.993,21.7500,8
54999628620372,15:16:39.628,21.7450,8
55089539794092,15:18:09.539,21.7450,8
55089539973881,15:18:09.539,21.7450,8
55185874025797,15:19:45.874,21.7600,99
55185874148360,15:19:45.874,21.7600,1
55185874491461,15:19:45.874,21.7700,20
55185874493962,15:19:45.874,21.7700,39
55185874494506,15:19:45.874,21.7700,39
55185874533007,15:19:45.874,21.7700,8
55185874536008,15:19:45.874,21.7700,14
55185874536008,15:19:45.874,21.7700,25
55185874542469,15:19:45.874,21.7700,75
55185998648357,15:19:45.998,21.7800,20
55195996970190,15:19:55.996,21.7900,10
55325516573458,15:22:05.516,21.7600,100
55325516573458,15:22:05.516,21.7600,90
55377527351563,15:22:57.527,21.7400,100
55377527394223,15:22:57.527,21.7500,30
55378868162667,15:22:58.868,21.7600,1
55394972652042,15:23:14.972,21.7600,100
55394972677060,15:23:14.972,21.7600,122
55394972677060,15:23:14.972,21.7600,5
55394972706874,15:23:14.972,21.7600,100
55394972770175,15:23:14.972,21.7600,38
55394972897657,15:23:14.972,21.7500,100
55581846001335,15:26:21.846,21.7800,200
55581846001335,15:26:21.846,21.7800,100
55581846268543,15:26:21.846,21.7900,23
55581846340546,15:26:21.846,21.7900,39
55581846343189,15:26:21.846,21.7900,38
55581846374453,15:26:21.846,21.7900,100
55590999934218,15:26:30.999,21.8000,15
55590999934218,15:26:30.999,21.8000,31
55590999934218,15:26:30.999,21.8000,4
55637840369878,15:27:17.840,21.8200,5
55637840369878,15:27:17.840,21.8200,90
55637840395261,15:27:17.840,21.8200,10
55642845925211,15:27:22.845,21.8300,100
55642845950525,15:27:22.845,21.8300,227
55642845950525,15:27:22.845,21.8300,100
55642845950525,15:27:22.845,21.8300,60
55642846236509,15:27:22.846,21.8200,57
55642846238427,15:27:22.846,21.8200,43
55642846238427,15:27:22.846,21.8200,35
55642846850163,15:27:22.846,21.8200,65
55706680333496,15:28:26.680,21.8200,100
55706680333496,15:28:26.680,21.8200,93
55706680335014,15:28:26.680,21.8200,7
55801798732714,15:30:01.798,21.7900,100
55801798732714,15:30:01.798,21.7900,28
55801798758171,15:30:01.798,21.7900,72
55801798971899,15:30:01.798,21.7700,1
55801798971899,15:30:01.798,21.7700,70
55801799223695,15:30:01.799,21.7800,100
56007115152655,15:33:27.115,21.7400,13
56009892998071,15:33:29.892,21.7500,100
56009892998071,15:33:29.892,21.7500,100
56009892998071,15:33:29.892,21.7500,100
56009892998071,15:33:29.892,21.7500,100
56009892998071,15:33:29.892,21.7500,100
56130858314165,15:35:30.858,21.7400,60
56135848858533,15:35:35.848,21.7500,100
56135849088874,15:35:35.849,21.7500,100
56161739533408,15:36:01.739,21.7600,10
56178924367345,15:36:18.924,21.7400,10
56278504503766,15:37:58.504,21.7600,2
56298041170605,15:38:18.041,21.7600,2
56319345530322,15:38:39.345,21.7600,2
56337415634930,15:38:57.415,21.7600,2
56359656376471,15:39:19.656,21.7600,2
56380951513937,15:39:40.951,21.7600,2
56387947867283,15:39:47.947,21.7300,70
56387977010498,15:39:47.977,21.7300,98
56388733328156,15:39:48.733,21.7300,100
56428783338368,15:40:28.783,21.7300,100
56428783338368,15:40:28.783,21.7300,29
56428783356523,15:40:28.783,21.7300,58
56428783362576,15:40:28.783,21.7300,13
56428783362576,15:40:28.783,21.7300,29
56428783377484,15:40:28.783,21.7300,57
56428783390259,15:40:28.783,21.7300,14
56428783390259,15:40:28.783,21.7300,22
56428783431135,15:40:28.783,21.7300,78
56428783431135,15:40:28.783,21.7300,22
56428783510500,15:40:28.783,21.7300,78
56447338223294,15:40:47.338,21.7500,2
56464739539830,15:41:04.739,21.7500,2
56530016393273,15:42:10.016,21.7300,100
56530038866782,15:42:10.038,21.7400,200
56530038866782,15:42:10.038,21.7400,100
56530038866782,15:42:10.038,21.7400,100
56544431476958,15:42:24.431,21.7500,2
56544432066858,15:42:24.432,21.7500,98
56544432066858,15:42:24.432,21.7500,2
56544640661230,15:42:24.640,21.7500,98
56561592385537,15:42:41.592,21.7600,2
56580366571404,15:43:00.366,21.7600,2
56580366812696,15:43:00.366,21.7600,57
56601016909025,15:43:21.016,21.7600,2
56620533740031,15:43:40.533,21.7600,2
56638545841911,15:43:58.545,21.7600,2
56639318729413,15:43:59.318,21.7600,33
56639318729413,15:43:59.318,21.7600,100
56639318729413,15:43:59.318,21.7600,100
56639318729413,15:43:59.318,21.7600,100
56639318729413,15:43:59.318,21.7600,100
56658202573567,15:44:18.202,21.7700,2
56678557405914,15:44:38.557,21.7700,2
56693838506739,15:44:53.838,21.7600,100
56693858407635,15:44:53.858,21.7600,100
56720396564072,15:45:20.396,21.7700,2
56739051428166,15:45:39.051,21.7700,2
56752975830252,15:45:52.975,21.7700,2
56772080302177,15:46:12.080,21.7700,2
56788225618207,15:46:28.225,21.7700,2
56807234018613,15:46:47.234,21.7700,2
56823139479311,15:47:03.139,21.7700,2
56846810165160,15:47:26.810,21.7600,100
56864544793256,15:47:44.544,21.7700,2
56871034410200,15:47:51.034,21.7600,100
56881607298982,15:48:01.607,21.7700,2
56900772259271,15:48:20.772,21.7700,2
56910269817498,15:48:30.269,21.7600,100
56913715290887,15:48:33.715,21.7600,2
56913715433299,15:48:33.715,21.7600,20
56913766414511,15:48:33.766,21.7500,2
56921481186946,15:48:41.481,21.7500,100
56921481186946,15:48:41.481,21.7500,300
56927015980788,15:48:47.015,21.7600,5
56940549555614,15:49:00.549,21.7700,2
56959831300392,15:49:19.831,21.7700,2
56972100283071,15:49:32.100,21.7700,2
56994180663982,15:49:54.180,21.7700,2
57009416309608,15:50:09.416,21.7700,2
57041051420798,15:50:41.051,21.7700,2
57054107611923,15:50:54.107,21.7700,2
57068309944431,15:51:08.309,21.7650,100
57068309944431,15:51:08.309,21.7700,96
57068309944431,15:51:08.309,21.7700,100
57068309944431,15:51:08.309,21.7700,4
57068309993301,15:51:08.309,21.7700,96
57068309993301,15:51:08.309,21.7700,4
57068330172757,15:51:08.330,21.7700,61
57068332042803,15:51:08.332,21.7700,100
57076916319794,15:51:16.916,21.7800,2
57089745244099,15:51:29.745,21.7800,1
57089745244099,15:51:29.745,21.7800,1
57108908242093,15:51:48.908,21.7800,2
57121379432761,15:52:01.379,21.7800,2
57134042096672,15:52:14.042,21.7800,2
57139071448300,15:52:19.071,21.7700,100
57139071456999,15:52:19.071,21.7700,57
57139071466153,15:52:19.071,21.7700,43
57139072938635,15:52:19.072,21.7700,100
57139072938635,15:52:19.072,21.7700,100
57151849538272,15:52:31.849,21.7800,2
57166208498670,15:52:46.208,21.7800,2
57179096394973,15:52:59.096,21.7800,2
57224080699026,15:53:44.080,21.7750,100
57224080699026,15:53:44.080,21.7700,100
57224080778968,15:53:44.080,21.7700,100
57224081800518,15:53:44.081,21.7700,200
57224637856877,15:53:44.637,21.7700,100
57224637856877,15:53:44.637,21.7700,55
57224638031304,15:53:44.638,21.7700,45
57224640671528,15:53:44.640,21.7700,100
57245463625449,15:54:05.463,21.7800,2
57260147366055,15:54:20.147,21.7800,51
57260147366055,15:54:20.147,21.7800,49
57260147455595,15:54:20.147,21.7800,51
57260147455595,15:54:20.147,21.7800,49
57260147823385,15:54:20.147,21.7800,51
57260147823385,15:54:20.147,21.7800,49
57261915634921,15:54:21.915,21.7800,51
57261915634921,15:54:21.915,21.7800,100
57261915634921,15:54:21.915,21.7800,100
57261915634921,15:54:21.915,21.7800,49
57264084769290,15:54:24.084,21.7800,51
57265774471176,15:54:25.774,21.7900,100
57266997060404,15:54:26.997,21.7900,38
57271048160821,15:54:31.048,21.8200,2
57291212216470,15:54:51.212,21.8100,2
57300144607944,15:55:00.144,21.8000,100
57300144635847,15:55:00.144,21.8000,100
57303390463169,15:55:03.390,21.8100,2
57310146556896,15:55:10.146,21.8100,15
57314130138844,15:55:14.130,21.8300,2
57343898160210,15:55:43.898,21.8300,19
57345548982844,15:55:45.548,21.8400,2
57349081855293,15:55:49.081,21.8350,100
57349081855293,15:55:49.081,21.8300,1
57350248780491,15:55:50.248,21.8350,100
57359634213253,15:55:59.634,21.8400,2
57378842192312,15:56:18.842,21.8400,2
57383862823229,15:56:23.862,21.8350,100
57391565258315,15:56:31.565,21.8400,2
57404530210266,15:56:44.530,21.8400,2
57405027303902,15:56:45.027,21.8400,100
57411904880462,15:56:51.904,21.8400,100
57414612536568,15:56:54.612,21.8400,100
57414612536568,15:56:54.612,21.8400,100
57414612536568,15:56:54.612,21.8400,19
57414612536568,15:56:54.612,21.8400,100
57414612536568,15:56:54.612,21.8400,5
57418125058663,15:56:58.125,21.8600,2
57420191527843,15:57:00.191,21.8600,100
57427394083109,15:57:07.394,21.8600,100
57430276074114,15:57:10.276,21.8500,100
57434237391073,15:57:14.237,21.8400,8
57434237465861,15:57:14.237,21.8400,8
57434240994647,15:57:14.240,21.8400,27
57434301884916,15:57:14.301,21.8450,100
57439627268951,15:57:19.627,21.8500,2
57450247286854,15:57:30.247,21.8500,98
57450247286854,15:57:30.247,21.8500,2
57450247327922,15:57:30.247,21.8500,98
57450247327922,15:57:30.247,21.8500,12
57452538518062,15:57:32.538,21.8600,1
57457891053188,15:57:37.891,21.8600,100
57465758137326,15:57:45.758,21.8650,100
57479904005581,15:57:59.904,21.8650,200
57482315534897,15:58:02.315,21.8650,100
57482315534897,15:58:02.315,21.8600,200
57482315534897,15:58:02.315,21.8600,6
57482315576419,15:58:02.315,21.8600,66
57482315604220,15:58:02.315,21.8600,31
57482315604220,15:58:02.315,21.8600,107
57482315604220,15:58:02.315,21.8600,100
57482334600426,15:58:02.334,21.8600,100
57494662515846,15:58:14.662,21.8600,100
57494662515846,15:58:14.662,21.8500,1
57494662543090,15:58:14.662,21.8500,199
57494662543090,15:58:14.662,21.8500,55
57494662543090,15:58:14.662,21.8500,100
57494662543090,15:58:14.662,21.8500,55
57494662543090,15:58:14.662,21.8500,107
57495787571102,15:58:15.787,21.8600,100
57518579141613,15:58:38.579,21.8700,100
57524977675454,15:58:44.977,21.8700,100
57525281364820,15:58:45.281,21.8600,100
57531011799029,15:58:51.011,21.8600,100
57533029277897,15:58:53.029,21.8600,100
57541444667394,15:59:01.444,21.8600,100
57542104341014,15:59:02.104,21.8700,1
57544486438536,15:59:04.486,21.8600,100
57545419153549,15:59:05.419,21.8700,1
57548325088754,15:59:08.325,21.8700,1
57549854184184,15:59:09.854,21.8500,38
57549854264620,15:59:09.854,21.8600,100
57549854264620,15:59:09.854,21.8500,19
57549854612417,15:59:09.854,21.8500,23
57551207708276,15:59:11.207,21.8700,54
57551217277042,15:59:11.217,21.8700,15
57551217277042,15:59:11.217,21.8700,39
57552093139641,15:59:12.093,21.8650,100
57556892935006,15:59:16.892,21.8700,1
57557616083321,15:59:17.616,21.8650,100
57564067819862,15:59:24.067,21.8650,100
57568072237365,15:59:28.072,21.8700,1
57570574813913,15:59:30.574,21.8600,50
57570574899666,15:59:30.574,21.8650,100
57570962945224,15:59:30.962,21.8600,37
57570962971499,15:59:30.962,21.8600,13
57570962971499,15:59:30.962,21.8600,50
57570962971499,15:59:30.962,21.8600,300
57570962971499,15:59:30.962,21.8600,103
57570962971499,15:59:30.962,21.8600,107
57570962971499,15:59:30.962,21.8600,110
57570962971499,15:59:30.962,21.8600,100
57570963539271,15:59:30.963,21.8600,55
57570963539271,15:59:30.963,21.8600,45
57573158928000,15:59:33.158,21.8700,1
57573343385667,15:59:33.343,21.8500,17
57574256279806,15:59:34.256,21.8500,79
57574256306741,15:59:34.256,21.8600,200
57574256306741,15:59:34.256,21.8500,4
57574256306741,15:59:34.256,21.8500,45
57574256306741,15:59:34.256,21.8500,45
57574256306741,15:59:34.256,21.8500,107
57574256306741,15:59:34.256,21.8500,110
57574256306741,15:59:34.256,21.8500,3
57574318478933,15:59:34.318,21.8500,100
57574318478933,15:59:34.318,21.8500,99
57577083155572,15:59:37.083,21.8600,100
57577474918788,15:59:37.474,21.8700,1
57577477040454,15:59:37.477,21.8600,100
57579871039524,15:59:39.871,21.8500,1
57579871039524,15:59:39.871,21.8500,15
57584909225548,15:59:44.909,21.8500,44
57584971212967,15:59:44.971,21.8700,1
57585021537582,15:59:45.021,21.8700,52
57586013575898,15:59:46.013,21.8500,14
57589084019575,15:59:49.084,21.8700,1
57592924172982,15:59:52.924,21.8500,16
57594140768974,15:59:54.140,21.8700,1
57595211815040,15:59:55.211,21.8500,11
57595211815040,15:59:55.211,21.8500,53
57595250363893,15:59:55.250,21.8500,54
57595250363893,15:59:55.250,21.8500,102
57598843862071,15:59:58.843,21.8700,102
57598843862071,15:59:58.843,21.8700,398
57600488636346,16:00:00.488,21.8600,13810
