timestamp,time,price,volume
34200563386755,09:30:00.563,45.5600,7919
34200677447266,09:30:00.677,45.5100,100
34230810259007,09:30:30.810,45.5400,12
34251504854399,09:30:51.504,45.6600,11
34252044843205,09:30:52.044,45.5100,100
34252044867341,09:30:52.044,45.5000,100
34252045244944,09:30:52.045,45.5000,350
34252045299080,09:30:52.045,45.5000,200
34252045304299,09:30:52.045,45.5000,400
34252045313421,09:30:52.045,45.5000,950
34252045313421,09:30:52.045,45.5000,32
34252045716641,09:30:52.045,45.4900,100
34252265408962,09:30:52.265,45.4500,100
34252267657839,09:30:52.267,45.4400,100
34252267657839,09:30:52.267,45.4500,400
34252269137503,09:30:52.269,45.4500,100
34252491095506,09:30:52.491,45.3700,200
34256529178732,09:30:56.529,45.3500,100
34258549545938,09:30:58.549,45.3500,100
34260194636485,09:31:00.194,45.4100,2
34286035841191,09:31:26.035,45.3500,100
34315870433753,09:31:55.870,45.4500,53
34315870433753,09:31:55.870,45.4500,47
34315870461895,09:31:55.870,45.4500,100
34315870468693,09:31:55.870,45.4500,100
34315870503545,09:31:55.870,45.4500,53
34315870601227,09:31:55.870,45.4200,100
34370531240788,09:32:50.531,45.6500,108
34370531267583,09:32:50.531,45.6500,100
34436807324578,09:33:56.807,45.5000,35
34436807814968,09:33:56.807,45.4900,100
34436808420127,09:33:56.808,45.4900,5
34436808420127,09:33:56.808,45.5000,95
34436808472596,09:33:56.808,45.5000,5
34444114970634,09:34:04.114,45.6000,100
34452263376073,09:34:12.263,45.6000,300
34452561458058,09:34:12.561,45.5500,30
34455691262683,09:34:15.691,45.6100,64
34455691336562,09:34:15.691,45.6100,236
34455691336562,09:34:15.691,45.6100,100
34455691408466,09:34:15.691,45.6200,100
34471104689340,09:34:31.104,45.6500,200
34471104723260,09:34:31.104,45.6500,100
34471104739899,09:34:31.104,45.6500,100
34482989786048,09:34:42.989,45.7000,1
34566282823956,09:36:06.282,45.6500,1
34573209892831,09:36:13.209,45.5400,6
34623994326330,09:37:03.994,45.7100,1
34651585314654,09:37:31.585,45.6600,1
34651585314654,09:37:31.585,45.6600,99
34651585324963,09:37:31.585,45.6600,1
34651585742581,09:37:31.585,45.6600,100
34655051455770,09:37:35.051,45.7300,100
34655051455770,09:37:35.051,45.7800,100
34655051455770,09:37:35.051,45.7800,100
34655051644910,09:37:35.051,45.7800,100
34655052367394,09:37:35.052,45.7800,100
34655056730157,09:37:35.056,45.7800,100
34655056794971,09:37:35.056,45.7800,100
34655056908419,09:37:35.056,45.8000,100
34655057076529,09:37:35.057,45.8100,100
34667813689728,09:37:47.813,45.7200,100
34706282719153,09:38:26.282,45.7400,1
34727180334223,09:38:47.180,45.9000,100
34745361335506,09:39:05.361,45.9200,100
34745361681656,09:39:05.361,45.8700,100
34745362616336,09:39:05.362,45.9300,43
34745365214475,09:39:05.365,45.9300,57
34748375613564,09:39:08.375,45.9800,24
34748375613564,09:39:08.375,45.9900,76
34748376402527,09:39:08.376,46.0000,200
34748376402527,09:39:08.376,46.0000,70
34748376509123,09:39:08.376,45.9600,100
34748402647763,09:39:08.402,46.0500,1
34748405331682,09:39:08.405,46.0900,76
34748405331682,09:39:08.405,46.0900,24
34748493605601,09:39:08.493,46.1000,100
34748493609797,09:39:08.493,46.0500,5
34748493623175,09:39:08.493,46.0500,100
34748493627399,09:39:08.493,46.0500,95
34748493659226,09:39:08.493,46.0700,100
34752830078472,09:39:12.830,46.0900,6
34752830078472,09:39:12.830,46.0900,100
34752830078472,09:39:12.830,46.1000,100
34752830078472,09:39:12.830,46.1000,194
34752831246427,09:39:12.831,46.1000,106
34752831285292,09:39:12.831,46.1000,106
34752831335887,09:39:12.831,46.1000,94
34752832045514,09:39:12.832,46.1000,100
34752835493623,09:39:12.835,46.1000,100
34752835529475,09:39:12.835,46.1000,300
34752835959867,09:39:12.835,46.0600,100
34752837861781,09:39:12.837,46.0900,94
34752837861781,09:39:12.837,46.1000,56
34752839419515,09:39:12.839,46.1000,44
34752839451195,09:39:12.839,46.1000,156
34752842993774,09:39:12.842,46.1000,44
34752848151485,09:39:12.848,46.1500,100
34752848261583,09:39:12.848,46.1500,200
34752850973993,09:39:12.850,46.1500,100
34755155300918,09:39:15.155,46.0600,100
34755155300918,09:39:15.155,46.0300,1
34757093902165,09:39:17.093,46.1900,57
34757093902165,09:39:17.093,46.1900,43
34757094021764,09:39:17.094,46.1900,57
34757094021764,09:39:17.094,46.2000,194
34757094021764,09:39:17.094,46.2000,349
34757095958171,09:39:17.095,46.2000,700
34757510537326,09:39:17.510,46.3000,77
34758778906349,09:39:18.778,46.2500,100
34758778942691,09:39:18.778,46.2500,1
34758779053347,09:39:18.779,46.2500,100
34759498419798,09:39:19.498,46.2000,100
34773166299033,09:39:33.166,46.1900,2
34773435679767,09:39:33.435,46.0600,100
34773435679767,09:39:33.435,46.0400,200
34773435679767,09:39:33.435,46.0300,100
34773435679767,09:39:33.435,46.0100,100
34773436027625,09:39:33.436,46.0600,100
34773436093335,09:39:33.436,46.0600,100
34773436765926,09:39:33.436,46.0700,29
34773655121023,09:39:33.655,46.0700,100
34773655121023,09:39:33.655,46.0700,100
34775677709279,09:39:35.677,46.0700,100
34777699155571,09:39:37.699,46.0700,100
34779718878852,09:39:39.718,46.0700,100
34782249017029,09:39:42.249,46.0700,100
34782297826950,09:39:42.297,46.1500,400
34782297826950,09:39:42.297,46.1500,100
34784264534980,09:39:44.264,46.0300,100
34784483595132,09:39:44.483,46.0200,100
34788535534332,09:39:48.535,46.1600,65
34788535534332,09:39:48.535,46.1500,35
34788791778919,09:39:48.791,46.1500,65
34788791778919,09:39:48.791,46.1500,100
34788791778919,09:39:48.791,46.1500,100
34791051609117,09:39:51.051,46.1500,15
34791272422842,09:39:51.272,46.0200,100
34793323927497,09:39:53.323,46.0000,184
34793323927497,09:39:53.323,46.0000,98
34793324161684,09:39:53.324,46.0000,2
34793324161684,09:39:53.324,46.0000,100
34793324371675,09:39:53.324,46.0000,2
34793324529529,09:39:53.324,46.0000,20
34899980412044,09:41:39.980,45.7900,100
34899980470265,09:41:39.980,45.7700,100
34899980604381,09:41:39.980,45.7700,1
34899980924461,09:41:39.980,45.7600,98
34899981196093,09:41:39.981,45.7600,2
34899982195144,09:41:39.982,45.7500,200
34899982570310,09:41:39.982,45.7500,150
34899983284255,09:41:39.983,45.7500,200
34899983396623,09:41:39.983,45.7500,450
34900400046810,09:41:40.400,45.7300,63
34909625186437,09:41:49.625,45.6900,30
35019995625314,09:43:39.995,45.6100,100
35042984932633,09:44:02.984,45.7000,1
35046955574902,09:44:06.955,45.6500,100
35047098758808,09:44:07.098,45.5900,59
35074099521531,09:44:34.099,45.5000,300
35074105285185,09:44:34.105,45.5100,80
35074105285185,09:44:34.105,45.5000,320
35074105340574,09:44:34.105,45.5000,80
35074105743932,09:44:34.105,45.4800,100
35076530813395,09:44:36.530,45.3800,100
35077777485264,09:44:37.777,45.3700,100
35080034278274,09:44:40.034,45.3700,100
35080261211826,09:44:40.261,45.3600,100
35080261315602,09:44:40.261,45.4200,100
35082495634167,09:44:42.495,45.3600,100
35106327736197,09:45:06.327,45.4100,70
35106327736197,09:45:06.327,45.4300,30
35106327767815,09:45:06.327,45.4300,41
35106327846334,09:45:06.327,45.4500,100
35106327853453,09:45:06.327,45.4500,100
35106327862476,09:45:06.327,45.4500,100
35106327874552,09:45:06.327,45.4500,100
35106327874552,09:45:06.327,45.4500,200
35106327879895,09:45:06.327,45.4500,300
35106328177413,09:45:06.328,45.4500,100
35106328202525,09:45:06.328,45.4500,151
35106328207444,09:45:06.328,45.4500,73
35106328212368,09:45:06.328,45.4500,249
35106328214985,09:45:06.328,45.4500,73
35106328337937,09:45:06.328,45.4500,100
35106338711569,09:45:06.338,45.4500,100
35106338788358,09:45:06.338,45.4500,100
35147120449157,09:45:47.120,45.3900,100
35177273087261,09:46:17.273,45.4100,100
35183613542854,09:46:23.613,45.4400,1
35190589361921,09:46:30.589,45.4000,100
35190589822435,09:46:30.589,45.3900,100
35190593398047,09:46:30.593,45.3900,100
35190593482993,09:46:30.593,45.3900,200
35191184815494,09:46:31.184,45.3500,191
35215887103965,09:46:55.887,45.4700,2
35247313040171,09:47:27.313,45.2900,100
35247325060644,09:47:27.325,45.2800,100
35247326766244,09:47:27.326,45.2500,50
35248195643692,09:47:28.195,45.2000,100
35251719062384,09:47:31.719,45.3100,2
35263578460485,09:47:43.578,45.2000,9
35278106497318,09:47:58.106,45.1900,100
35278106935558,09:47:58.106,45.1900,1
35278106943834,09:47:58.106,45.1800,120
35278106956059,09:47:58.106,45.1800,24
35278106956059,09:47:58.106,45.1800,45
35278106964945,09:47:58.106,45.1800,146
35278106968235,09:47:58.106,45.1800,7
35278106968235,09:47:58.106,45.1800,146
35278107079795,09:47:58.107,45.1800,100
35278107377381,09:47:58.107,45.1800,100
35278107389471,09:47:58.107,45.1800,100
35278107411064,09:47:58.107,45.1800,50
35278107424979,09:47:58.107,45.1800,100
35278107429838,09:47:58.107,45.1800,104
35278107429838,09:47:58.107,45.1700,46
35278107456338,09:47:58.107,45.1700,100
35278107525090,09:47:58.107,45.1700,4
35278107525090,09:47:58.107,45.1700,96
35278107774250,09:47:58.107,45.1700,150
35278107806685,09:47:58.107,45.1700,75
35282060387665,09:48:02.060,45.0600,100
35291760388971,09:48:11.760,45.0100,100
35291761428285,09:48:11.761,45.0000,100
35291761445283,09:48:11.761,45.0000,90
35291761445283,09:48:11.761,45.0000,10
35291761487281,09:48:11.761,45.0000,90
35326242761619,09:48:46.242,45.0400,100
35326242989943,09:48:46.242,45.0400,200
35326243095846,09:48:46.243,45.0400,100
35328203118560,09:48:48.203,45.0600,100
35329433303312,09:48:49.433,45.0100,100
35329433381457,09:48:49.433,45.0000,100
35329434047091,09:48:49.434,44.9700,1000
35331856990669,09:48:51.856,44.9700,100
35331857043380,09:48:51.857,44.9600,100
35331857100667,09:48:51.857,44.9600,100
35331857100667,09:48:51.857,44.9600,100
35331857480455,09:48:51.857,44.9600,100
35331857499619,09:48:51.857,44.9500,100
35331857506619,09:48:51.857,44.9500,100
35331857510613,09:48:51.857,44.9500,100
35343038043806,09:49:03.038,44.9800,100
35356078299981,09:49:16.078,44.9900,100
35356079021308,09:49:16.079,45.0000,100
35382579238895,09:49:42.579,45.0000,45
35382581388556,09:49:42.581,45.0100,100
35399221925435,09:49:59.221,45.1000,100
35462990792024,09:51:02.990,45.1600,1
35467873485243,09:51:07.873,45.1800,100
35467873485243,09:51:07.873,45.1900,100
35467873485243,09:51:07.873,45.2200,700
35467873485243,09:51:07.873,45.2200,100
35468050247090,09:51:08.050,45.2500,100
35468050352569,09:51:08.050,45.2500,100
35469089679467,09:51:09.089,45.2500,100
35469089679467,09:51:09.089,45.2500,100
35469965068678,09:51:09.965,45.3200,100
35514815787451,09:51:54.815,45.3900,6
35524449929340,09:52:04.449,45.3000,76
35529407289296,09:52:09.407,45.3000,6
35534240572965,09:52:14.240,45.2800,54
35534241262050,09:52:14.241,45.2500,138
35534241273233,09:52:14.241,45.2500,62
35534262834494,09:52:14.262,45.2200,73
35534262841976,09:52:14.262,45.2200,106
35546366243421,09:52:26.366,45.2400,6
35551738095008,09:52:31.738,45.2400,100
35554003800926,09:52:34.003,45.2400,15
35562845155411,09:52:42.845,45.2400,29
35570803128523,09:52:50.803,45.1700,1
35573303337764,09:52:53.303,45.1100,100
35577947496422,09:52:57.947,45.2200,2
35621363343463,09:53:41.363,45.1500,100
35621363477917,09:53:41.363,45.1500,100
35621363488316,09:53:41.363,45.1500,100
35621497884749,09:53:41.497,45.1500,100
35621709379381,09:53:41.709,45.1500,100
35638181296531,09:53:58.181,45.1900,10
35638182686956,09:53:58.182,45.1900,100
35638183278114,09:53:58.183,45.1900,44
35670735729131,09:54:30.735,45.1300,300
35670735729131,09:54:30.735,45.1200,100
35670735729131,09:54:30.735,45.1200,100
35670985631177,09:54:30.985,45.1100,100
35670985631177,09:54:30.985,45.1100,100
35674231868166,09:54:34.231,45.0900,100
35676245839362,09:54:36.245,45.0700,100
35676245839362,09:54:36.245,45.0700,1
35676245839362,09:54:36.245,45.0700,99
35722805730744,09:55:22.805,45.1700,100
35722805730744,09:55:22.805,45.1800,46
35722805779405,09:55:22.805,45.1800,54
35756029428512,09:55:56.029,45.2000,100
35763037355725,09:56:03.037,45.1900,100
35763037466904,09:56:03.037,45.1800,8
35763886569729,09:56:03.886,45.1800,100
35774999468174,09:56:14.999,45.1800,200
35782284660485,09:56:22.284,45.1800,100
35782290531242,09:56:22.290,45.1800,22
35802409061680,09:56:42.409,45.1800,100
35808006208565,09:56:48.006,45.1800,100
35839240125327,09:57:19.240,45.2200,100
35839242046552,09:57:19.242,45.2600,100
35871822477137,09:57:51.822,45.3300,4
35872722168302,09:57:52.722,45.2700,100
35879090706714,09:57:59.090,45.2400,100
35879093845483,09:57:59.093,45.2200,100
35879252276162,09:57:59.252,45.2100,100
35882996460392,09:58:02.996,45.2600,1
35934684268703,09:58:54.684,45.2100,73
35934684268703,09:58:54.684,45.1900,27
35934684593776,09:58:54.684,45.1900,73
35934684984682,09:58:54.684,45.1800,100
35934685169896,09:58:54.685,45.1800,73
35934685226040,09:58:54.685,45.1800,27
35934685370859,09:58:54.685,45.1800,9
35958976764909,09:59:18.976,45.1900,15
35958976764909,09:59:18.976,45.2000,100
35958976764909,09:59:18.976,45.2000,85
35958976822747,09:59:18.976,45.2000,15
35958976875792,09:59:18.976,45.1800,15
35985876111350,09:59:45.876,45.1700,10
35985876111350,09:59:45.876,45.1600,1
35985876111350,09:59:45.876,45.1600,89
35985876162761,09:59:45.876,45.1600,11
35994253928911,09:59:54.253,45.0700,150
36002846055404,10:00:02.846,45.1800,100
36019368120560,10:00:19.368,45.1000,100
36019368120560,10:00:19.368,45.1000,98
36019368120560,10:00:19.368,45.1000,100
36019368120560,10:00:19.368,45.1000,2
36019368156297,10:00:19.368,45.1000,98
36019501810115,10:00:19.501,45.0700,100
36019655464195,10:00:19.655,45.0200,50
36019655464195,10:00:19.655,45.0200,50
36022546063789,10:00:22.546,45.1100,100
36022546063789,10:00:22.546,45.1200,200
36022565277582,10:00:22.565,45.1600,500
36162981810826,10:02:42.981,45.3800,1
36164902943491,10:02:44.902,45.3000,100
36164903005441,10:02:44.903,45.3000,100
36164903060696,10:02:44.903,45.2900,100
36164903097368,10:02:44.903,45.2900,100
36164903106366,10:02:44.903,45.2900,94
36164903106366,10:02:44.903,45.2900,6
36164903115750,10:02:44.903,45.2900,74
36164903115750,10:02:44.903,45.2900,100
36164903369128,10:02:44.903,45.2500,100
36166695118810,10:02:46.695,45.2500,26
36166698388157,10:02:46.698,45.2500,174
36166698388157,10:02:46.698,45.2500,26
36166698635986,10:02:46.698,45.2500,74
36302987155242,10:05:02.987,45.2400,1
36305161827767,10:05:05.161,45.1900,100
36305161877515,10:05:05.161,45.1800,92
36305161880887,10:05:05.161,45.1800,8
36305162172968,10:05:05.162,45.1700,9
36305162201949,10:05:05.162,45.1700,91
36305162588423,10:05:05.162,45.1700,100
36305162646597,10:05:05.162,45.1500,100
36305258771751,10:05:05.258,45.1300,100
36343505263955,10:05:43.505,45.1600,100
36348110701275,10:05:48.110,45.1900,7
36413980347199,10:06:53.980,45.3600,100
36429461126368,10:07:09.461,45.3400,100
36429461198882,10:07:09.461,45.3400,1
36429461198882,10:07:09.461,45.3400,100
36429461275873,10:07:09.461,45.3300,74
36429552868488,10:07:09.552,45.2800,100
36432370896392,10:07:12.370,45.2700,100
36437847670990,10:07:17.847,45.2600,100
36445159727794,10:07:25.159,45.3100,10
36457300472111,10:07:37.300,45.2900,200
36457300536186,10:07:37.300,45.2900,100
36457300597805,10:07:37.300,45.2900,100
36457300615647,10:07:37.300,45.2900,100
36457300814102,10:07:37.300,45.2900,100
36457300851274,10:07:37.300,45.2900,150
36457300951219,10:07:37.300,45.2900,250
36457300951219,10:07:37.300,45.2900,100
36457300967493,10:07:37.300,45.2900,350
36457301135349,10:07:37.301,45.2900,140
36457301249684,10:07:37.301,45.2900,360
36457301289708,10:07:37.301,45.3000,100
36457301345906,10:07:37.301,45.2900,100
36457301375614,10:07:37.301,45.2900,214
36457301622992,10:07:37.301,45.2900,105
36457302221326,10:07:37.302,45.2900,81
36457302221326,10:07:37.302,45.2900,19
36457302250277,10:07:37.302,45.2900,126
36457302289279,10:07:37.302,45.2900,90
36457597953136,10:07:37.597,45.3300,100
36458590754515,10:07:38.590,45.3500,100
36489568460329,10:08:09.568,45.4300,100
36489568460329,10:08:09.568,45.4300,14
36502208412423,10:08:22.208,45.4500,25
36503460630868,10:08:23.460,45.5000,100
36558859818254,10:09:18.859,45.4000,1
36558859818254,10:09:18.859,45.4000,100
36558859818254,10:09:18.859,45.4000,99
36558859915922,10:09:18.859,45.4000,1
36558860020183,10:09:18.860,45.4000,100
36559268483170,10:09:19.268,45.4600,100
36566692385798,10:09:26.692,45.4600,2
36635322250688,10:10:35.322,45.4400,65
36635322269182,10:10:35.322,45.4600,100
36635326298626,10:10:35.326,45.4700,100
36635326298626,10:10:35.326,45.4700,12
36635326298626,10:10:35.326,45.4700,100
36639127127229,10:10:39.127,45.5000,100
36700964633303,10:11:40.964,45.5000,100
36700964692050,10:11:40.964,45.5000,100
36700964990932,10:11:40.964,45.5000,100
36700965127921,10:11:40.965,45.5000,100
36700965127921,10:11:40.965,45.5000,100
36700965532978,10:11:40.965,45.5100,100
36700965532978,10:11:40.965,45.5200,100
36700965771739,10:11:40.965,45.5200,100
36700965800571,10:11:40.965,45.5200,300
36700965800571,10:11:40.965,45.5200,100
36700965800571,10:11:40.965,45.5200,100
36700965913962,10:11:40.965,45.5200,100
36700965940390,10:11:40.965,45.5200,400
36700965975175,10:11:40.965,45.5200,500
36700966140571,10:11:40.966,45.5200,500
36700966156143,10:11:40.966,45.5200,500
36700967006945,10:11:40.967,45.5200,44
36722988781187,10:12:02.988,45.4900,1
36805715330798,10:13:25.715,45.4600,100
36805715330798,10:13:25.715,45.4600,100
36805715330798,10:13:25.715,45.4600,100
36805715330798,10:13:25.715,45.4600,34
36805715330798,10:13:25.715,45.4600,4
36805715330798,10:13:25.715,45.4600,2
36805715330798,10:13:25.715,45.4600,1
36805715428030,10:13:25.715,45.4600,100
36805715673207,10:13:25.715,45.4600,100
36805716950892,10:13:25.716,45.4500,100
36820741117190,10:13:40.741,45.4400,100
36820741203181,10:13:40.741,45.4400,100
36820741203181,10:13:40.741,45.4400,100
36820741676561,10:13:40.741,45.4300,100
36820741955493,10:13:40.741,45.4200,100
36841034162541,10:14:01.034,45.4100,85
36841034881867,10:14:01.034,45.4000,7
36841060216647,10:14:01.060,45.4000,93
36884484898697,10:14:44.484,45.4500,100
36884484898697,10:14:44.484,45.4500,9
36884484898697,10:14:44.484,45.4500,91
36884484948698,10:14:44.484,45.4500,9
36931141558942,10:15:31.141,45.4100,100
36931232406524,10:15:31.232,45.3800,100
37002986140684,10:16:42.986,45.3900,1
37087404399367,10:18:07.404,45.3600,100
37087404399367,10:18:07.404,45.3600,100
37087404399367,10:18:07.404,45.3600,1
37087404813292,10:18:07.404,45.3500,28
37087407096301,10:18:07.407,45.3500,24
37087407096301,10:18:07.407,45.3500,59
37087407102102,10:18:07.407,45.3500,41
37087407102102,10:18:07.407,45.3500,59
37087407112628,10:18:07.407,45.3500,128
37087407112628,10:18:07.407,45.3400,72
37087407197951,10:18:07.407,45.3400,200
37087407225516,10:18:07.407,45.3400,218
37087407251567,10:18:07.407,45.3400,10
37087407251567,10:18:07.407,45.3400,90
37087407265276,10:18:07.407,45.3400,100
37087407280873,10:18:07.407,45.3400,100
37087407281884,10:18:07.407,45.3400,100
37087407284477,10:18:07.407,45.3400,100
37087407663030,10:18:07.407,45.3400,10
37087407804456,10:18:07.407,45.3400,490
37087583160126,10:18:07.583,45.3400,500
37087583160126,10:18:07.583,45.3400,200
37087583252152,10:18:07.583,45.3400,276
37194299461369,10:19:54.299,45.3900,100
37201197146934,10:20:01.197,45.3900,10
37218100686718,10:20:18.100,45.4400,10
37258097106940,10:20:58.097,45.4500,100
37284983068798,10:21:24.983,45.5000,500
37284983068798,10:21:24.983,45.5200,120
37284983130494,10:21:24.983,45.5200,336
37284983130494,10:21:24.983,45.5200,100
37284983130494,10:21:24.983,45.5200,100
37284983226005,10:21:24.983,45.5200,100
37284983234662,10:21:24.983,45.5200,100
37284983260887,10:21:24.983,45.5200,200
37284983471320,10:21:24.983,45.5200,100
37284983531950,10:21:24.983,45.5200,200
37284983754419,10:21:24.983,45.5200,300
37284983754419,10:21:24.983,45.5200,356
37284984463086,10:21:24.984,45.5200,500
37284984463086,10:21:24.984,45.5200,1600
37285019358019,10:21:25.019,45.5200,100
37285019393135,10:21:25.019,45.5200,200
37285849743705,10:21:25.849,45.5200,100
37285849811815,10:21:25.849,45.5200,100
37285983455707,10:21:25.983,45.5200,100
37286102345676,10:21:26.102,45.5200,100
37286758667988,10:21:26.758,45.5100,100
37286758723684,10:21:26.758,45.5200,300
37288580930276,10:21:28.580,45.5200,281
37288582331077,10:21:28.582,45.5200,219
37288583064459,10:21:28.583,45.5200,44
37288983646711,10:21:28.983,45.5800,1
37303168051192,10:21:43.168,45.5400,100
37303692583637,10:21:43.692,45.5400,47
37303692583637,10:21:43.692,45.5300,53
37303692654961,10:21:43.692,45.5300,47
37303697748378,10:21:43.697,45.5000,100
37327068749613,10:22:07.068,45.5000,100
37327068824902,10:22:07.068,45.4900,10
37327068906328,10:22:07.068,45.4900,100
37501198768084,10:25:01.198,45.5100,35
37540994178937,10:25:40.994,45.5100,65
37558777365401,10:25:58.777,45.5400,100
37558787498234,10:25:58.787,45.5500,100
37558787498234,10:25:58.787,45.5500,100
37558787498234,10:25:58.787,45.5500,10
37558787498234,10:25:58.787,45.5500,100
37558787498234,10:25:58.787,45.5500,100
37558787498234,10:25:58.787,45.5500,100
37558787885903,10:25:58.787,45.5500,100
37558793244506,10:25:58.793,45.5700,100
37558793301823,10:25:58.793,45.5700,100
37572545922120,10:26:12.545,45.5800,10
37574162353978,10:26:14.162,45.6300,1
37601018149652,10:26:41.018,45.6500,100
37601018201009,10:26:41.018,45.6500,100
37628212628426,10:27:08.212,45.6700,100
37701680360615,10:28:21.680,45.6200,100
37701802506765,10:28:21.802,45.6200,100
37701811133165,10:28:21.811,45.5900,1
37701812232206,10:28:21.812,45.5800,100
37701813328316,10:28:21.813,45.5700,100
37701813412667,10:28:21.813,45.5600,100
37701814476476,10:28:21.814,45.5600,91
37721481033090,10:28:41.481,45.5700,100
37721481510678,10:28:41.481,45.5700,100
37721510583712,10:28:41.510,45.5300,100
37771310294807,10:29:31.310,45.5500,100
37771310331576,10:29:31.310,45.5600,100
37771310696024,10:29:31.310,45.5500,10
37771310918119,10:29:31.310,45.5700,100
37842990321603,10:30:42.990,45.5400,1
37855277446085,10:30:55.277,45.5300,100
37982861882576,10:33:02.861,45.5300,100
37983982690777,10:33:03.982,45.5700,100
37983985448847,10:33:03.985,45.5700,52
37983985491599,10:33:03.985,45.5700,25
37983986097701,10:33:03.986,45.5700,23
37983986097701,10:33:03.986,45.5700,100
37983986109420,10:33:03.986,45.5800,51
37984063314143,10:33:04.063,45.5500,1
37984063345131,10:33:04.063,45.5300,8
37988593185912,10:33:08.593,45.5500,100
38117062413996,10:35:17.062,45.5000,100
38117062794168,10:35:17.062,45.5000,100
38117062794168,10:35:17.062,45.5000,1
38117062794168,10:35:17.062,45.5000,49
38117062868173,10:35:17.062,45.5000,51
38117062949247,10:35:17.062,45.5000,49
38117065350766,10:35:17.065,45.4900,100
38117065350766,10:35:17.065,45.4900,1
38117065350766,10:35:17.065,45.4900,99
38117065408096,10:35:17.065,45.4900,1
38123000308324,10:35:23.000,45.5000,100
38161648449039,10:36:01.648,45.5200,100
38187696193155,10:36:27.696,45.5400,300
38187696193155,10:36:27.696,45.5400,100
38187696193155,10:36:27.696,45.5400,5
38262984239231,10:37:42.984,45.5600,1
38262986204070,10:37:42.986,45.5100,100
38262986326747,10:37:42.986,45.5000,100
38272748720787,10:37:52.748,45.4700,100
38272748803615,10:37:52.748,45.4700,45
38272749173683,10:37:52.749,45.4700,45
38272749177017,10:37:52.749,45.4700,55
38272749205290,10:37:52.749,45.4600,7
38345015822786,10:39:05.015,45.5000,100
38377720957955,10:39:37.720,45.5300,200
38377722078470,10:39:37.722,45.5400,100
38377722793381,10:39:37.722,45.5500,100
38377723680549,10:39:37.723,45.5700,177
38377723731570,10:39:37.723,45.5700,23
38377724062550,10:39:37.724,45.5800,11
38393811722652,10:39:53.811,45.6000,100
38393812158054,10:39:53.812,45.6000,6
38404143599258,10:40:04.143,45.6500,100
38404144039242,10:40:04.144,45.6500,9
38404983483262,10:40:04.983,45.6700,1
38440599815622,10:40:40.599,45.6700,100
38440599872916,10:40:40.599,45.6600,100
38440600304263,10:40:40.600,45.6600,4
38448227627242,10:40:48.227,45.6500,100
38448228015681,10:40:48.228,45.6600,100
38449820472128,10:40:49.820,45.6500,10
38449820472128,10:40:49.820,45.6500,90
38449820535285,10:40:49.820,45.6500,10
38486129437709,10:41:26.129,45.6600,100
38498900262713,10:41:38.900,45.6700,50
38542018765473,10:42:22.018,45.6300,25
38542018765473,10:42:22.018,45.6300,1
38542018765473,10:42:22.018,45.6300,12
38543036428616,10:42:23.036,45.6250,100
38603601666627,10:43:23.601,45.6250,100
38605473750842,10:43:25.473,45.6300,62
38652594243288,10:44:12.594,45.6200,100
38691863370501,10:44:51.863,45.6600,9
38691932065077,10:44:51.932,45.6600,91
38691932065077,10:44:51.932,45.6600,100
38691933163585,10:44:51.933,45.6700,50
38691933163585,10:44:51.933,45.6700,50
38691933233365,10:44:51.933,45.6700,50
38691933233365,10:44:51.933,45.6700,9
38707013522501,10:45:07.013,45.6700,100
38744926310919,10:45:44.926,45.6700,1
38785182441504,10:46:25.182,45.6500,100
38812834563820,10:46:52.834,45.6500,100
38812834563820,10:46:52.834,45.6500,100
38822986491323,10:47:02.986,45.6500,1
38843729605391,10:47:23.729,45.6500,100
38881547757875,10:48:01.547,45.6200,100
38881548058233,10:48:01.548,45.6100,100
38881552538333,10:48:01.552,45.6000,8
38937518070078,10:48:57.518,45.6000,100
38937518070078,10:48:57.518,45.6000,100
38937712951358,10:48:57.712,45.6200,100
38937714518593,10:48:57.714,45.6400,100
38937720452930,10:48:57.720,45.6500,100
38937720452930,10:48:57.720,45.6500,100
38988286727870,10:49:48.286,45.6600,100
39001476244872,10:50:01.476,45.6200,1
39121533700481,10:52:01.533,45.6100,1
39145653272598,10:52:25.653,45.5900,100
39146663716809,10:52:26.663,45.6000,100
39146663716809,10:52:26.663,45.6000,100
39167451842885,10:52:47.451,45.5800,100
39167452160921,10:52:47.452,45.5700,100
39180649553973,10:53:00.649,45.5600,100
39180649579682,10:53:00.649,45.5600,78
39180649579682,10:53:00.649,45.5600,1
39191198965804,10:53:11.198,45.5400,2
39191198965804,10:53:11.198,45.5400,100
39191248049270,10:53:11.248,45.5300,20
39192469833711,10:53:12.469,45.5200,5
39192469833711,10:53:12.469,45.5200,20
39320182479365,10:55:20.182,45.5450,100
39320182479365,10:55:20.182,45.5600,5
39320182479365,10:55:20.182,45.5700,75
39320184542034,10:55:20.184,45.5700,25
39320184542034,10:55:20.184,45.5700,41
39320184607670,10:55:20.184,45.5700,37
39320184644091,10:55:20.184,45.5700,22
39382984376820,10:56:22.984,45.5600,1
39437392465029,10:57:17.392,45.5200,100
39437392909882,10:57:17.392,45.5100,1
39437392909882,10:57:17.392,45.5100,4
39437392924070,10:57:17.392,45.5100,2
39437393120915,10:57:17.393,45.5100,1
39437393173789,10:57:17.393,45.5100,42
39437393973332,10:57:17.393,45.5000,5
39437393973332,10:57:17.393,45.5000,5
39437393973332,10:57:17.393,45.5000,90
39437393984821,10:57:17.393,45.5000,10
39437393984821,10:57:17.393,45.5000,90
39437394023206,10:57:17.394,45.5000,10
39437394023206,10:57:17.394,45.5000,90
39437394029846,10:57:17.394,45.5000,10
39437394029846,10:57:17.394,45.5000,100
39437394029846,10:57:17.394,45.5000,90
39437394570656,10:57:17.394,45.5000,10
39440016798705,10:57:20.016,45.4900,100
39440017238495,10:57:20.017,45.4900,5
39440017901995,10:57:20.017,45.4800,1
39440018009404,10:57:20.018,45.4800,100
39440018023928,10:57:20.018,45.4700,5
39440018023928,10:57:20.018,45.4700,5
39481377443915,10:58:01.377,45.4600,1
39481411827832,10:58:01.411,45.4500,3
39608756317182,11:00:08.756,45.4700,100
39608756686835,11:00:08.756,45.5000,100
39608756700475,11:00:08.756,45.5000,100
39608756733448,11:00:08.756,45.5000,3
39663430343808,11:01:03.430,45.5000,100
39663430343808,11:01:03.430,45.5000,100
39663430472689,11:01:03.430,45.5000,100
39663450604864,11:01:03.450,45.5100,700
39663450604864,11:01:03.450,45.5100,100
39663461527100,11:01:03.461,45.5300,100
39663470140930,11:01:03.470,45.5300,100
39663473745664,11:01:03.473,45.5400,100
39663478967012,11:01:03.478,45.5400,100
39664985797085,11:01:04.985,45.6400,1
39671065366435,11:01:11.065,45.5900,100
39671072980344,11:01:11.072,45.5900,100
39671074030978,11:01:11.074,45.5800,100
39754045343645,11:02:34.045,45.6800,7
39754045669593,11:02:34.045,45.6900,100
39754045675568,11:02:34.045,45.6900,100
39754045815749,11:02:34.045,45.6900,100
39754046290126,11:02:34.046,45.6900,100
39754046323557,11:02:34.046,45.6900,10
39754046326275,11:02:34.046,45.6900,10
39754046600768,11:02:34.046,45.6800,100
39754047167325,11:02:34.047,45.6800,23
39754157837079,11:02:34.157,45.6800,100
39754157837079,11:02:34.157,45.6900,100
39754172442978,11:02:34.172,45.6900,200
39754172453710,11:02:34.172,45.7000,100
39757050214304,11:02:37.050,45.6800,7
39772009680198,11:02:52.009,45.6400,3
39772009680198,11:02:52.009,45.6400,100
39772009680198,11:02:52.009,45.6400,100
39772009680198,11:02:52.009,45.6400,1
39773140082797,11:02:53.140,45.6000,100
39773140082797,11:02:53.140,45.5900,100
39773140082797,11:02:53.140,45.5900,10
39773140082797,11:02:53.140,45.5900,100
39773140082797,11:02:53.140,45.5900,100
39773140082797,11:02:53.140,45.5900,100
39773140082797,11:02:53.140,45.5900,100
39774289934523,11:02:54.289,45.5700,10
39774289934523,11:02:54.289,45.5700,100
39775440122008,11:02:55.440,45.5500,10
39775440122008,11:02:55.440,45.5500,100
39776820220470,11:02:56.820,45.5400,10
39776820220470,11:02:56.820,45.5400,56
39794329900751,11:03:14.329,45.5700,100
39794329933745,11:03:14.329,45.5700,10
39794329967542,11:03:14.329,45.5700,100
39801329494137,11:03:21.329,45.5300,10
39891465369678,11:04:51.465,45.5100,10
39891465414796,11:04:51.465,45.5000,8
39891465437735,11:04:51.465,45.5000,34
39891465712642,11:04:51.465,45.5000,20
39891465852678,11:04:51.465,45.4900,10
39891465852678,11:04:51.465,45.4900,500
39891465852678,11:04:51.465,45.4900,85
39891465923771,11:04:51.465,45.4900,99
39891465923771,11:04:51.465,45.4900,1
39891465924572,11:04:51.465,45.4900,24
39891465941128,11:04:51.465,45.4900,74
39891465941128,11:04:51.465,45.4900,26
39891465945294,11:04:51.465,45.5000,28
39891466022343,11:04:51.466,45.5000,100
39891466268934,11:04:51.466,45.4900,74
39891466319227,11:04:51.466,45.4800,10
39891466816123,11:04:51.466,45.4700,10
39891466816123,11:04:51.466,45.4600,10
39891466816123,11:04:51.466,45.4600,100
39891466816123,11:04:51.466,45.4600,6
39891466874962,11:04:51.466,45.4600,94
39891482014420,11:04:51.482,45.4500,100
39922450155908,11:05:22.450,45.4500,100
39922450197383,11:05:22.450,45.4500,100
39922450595319,11:05:22.450,45.4400,5
39922450595319,11:05:22.450,45.4400,5
39922592864343,11:05:22.592,45.4300,5
39922592864343,11:05:22.592,45.4300,5
39922592864343,11:05:22.592,45.4200,10
39922592864343,11:05:22.592,45.4200,80
39922593230824,11:05:22.593,45.4100,10
39922593316753,11:05:22.593,45.4000,10
39922593316753,11:05:22.593,45.4000,180
39922593353571,11:05:22.593,45.4000,320
39941612432133,11:05:41.612,45.4800,100
39941612432133,11:05:41.612,45.4800,100
39941612432133,11:05:41.612,45.4800,100
39941612478829,11:05:41.612,45.4900,74
39941612494669,11:05:41.612,45.4900,26
39941612895297,11:05:41.612,45.4900,100
39941612901206,11:05:41.612,45.5000,100
39941612908048,11:05:41.612,45.5000,70
39941612969517,11:05:41.612,45.5000,30
39941612969517,11:05:41.612,45.5000,70
39941613038764,11:05:41.613,45.5000,30
39941613038764,11:05:41.613,45.5000,70
39941613095775,11:05:41.613,45.5000,30
39941613095775,11:05:41.613,45.5000,70
39941613225538,11:05:41.613,45.5000,30
39991594354153,11:06:31.594,45.5100,3
40018232979764,11:06:58.232,45.5200,100
40140817290314,11:09:00.817,45.4600,1
40140817290314,11:09:00.817,45.4600,99
40166688291717,11:09:26.688,45.4650,100
40175595826779,11:09:35.595,45.4500,100
40175595826779,11:09:35.595,45.4500,1
40175596195497,11:09:35.596,45.4400,100
40175596203880,11:09:35.596,45.4500,11
40175596580588,11:09:35.596,45.4400,13
40175596661662,11:09:35.596,45.4200,8
40175596661662,11:09:35.596,45.4200,92
40175596697278,11:09:35.596,45.4200,8
40225523382986,11:10:25.523,45.4200,50
40225523399939,11:10:25.523,45.4200,50
40225523399939,11:10:25.523,45.4200,13
40225523416108,11:10:25.523,45.4200,62
40225604574614,11:10:25.604,45.4200,25
40241677392108,11:10:41.677,45.4600,40
40281064572423,11:11:21.064,45.4000,7
40362983303938,11:12:42.983,45.4300,1
40415323711376,11:13:35.323,45.3800,100
40415323711376,11:13:35.323,45.3800,19
40415324195254,11:13:35.324,45.3700,10
40415324195254,11:13:35.324,45.3700,10
40415324195254,11:13:35.324,45.3700,80
40415324246896,11:13:35.324,45.3700,20
40415324269029,11:13:35.324,45.3600,2
40415325027093,11:13:35.325,45.3500,10
40415325027093,11:13:35.325,45.3500,10
40476203995297,11:14:36.203,45.3700,100
40510463728446,11:15:10.463,45.3700,1
40642979521527,11:17:22.979,45.3800,1
40692591214870,11:18:12.591,45.3400,224
40692591377057,11:18:12.591,45.3400,100
40692591412224,11:18:12.591,45.3400,28
40692591435622,11:18:12.591,45.3400,25
40692591673939,11:18:12.591,45.3400,10
40692592382933,11:18:12.592,45.3400,300
40692592432142,11:18:12.592,45.3400,37
40759435824170,11:19:19.435,45.3400,200
40759435861121,11:19:19.435,45.3400,26
40759435883721,11:19:19.435,45.3400,200
40759435901783,11:19:19.435,45.3400,74
40759435901783,11:19:19.435,45.3400,1
40759435901783,11:19:19.435,45.3400,125
40759435931453,11:19:19.435,45.3400,75
40759435949599,11:19:19.435,45.3400,301
40759435969005,11:19:19.435,45.3400,10
40759435995484,11:19:19.435,45.3400,1
40759436211998,11:19:19.436,45.3400,113
40759436211998,11:19:19.436,45.3400,37
40759436263962,11:19:19.436,45.3400,263
40759436282928,11:19:19.436,45.3300,10
40759547634743,11:19:19.547,45.3200,100
40760322552037,11:19:20.322,45.3200,100
40787114179121,11:19:47.114,45.3000,10
40787114323405,11:19:47.114,45.3000,3
40787114336964,11:19:47.114,45.3000,3
40787114641377,11:19:47.114,45.2950,3
40787124532748,11:19:47.124,45.2950,3
40787650629705,11:19:47.650,45.2950,5
40802404260410,11:20:02.404,45.3200,100
40802404260410,11:20:02.404,45.3200,100
40802934360438,11:20:02.934,45.3600,100
40811688181658,11:20:11.688,45.3700,100
40811688231815,11:20:11.688,45.3800,100
40811688269951,11:20:11.688,45.3800,2
40879819020163,11:21:19.819,45.4000,100
40892402899598,11:21:32.402,45.4300,63
40930619435778,11:22:10.619,45.3700,1
41064222324327,11:24:24.222,45.4000,37
41070787665001,11:24:30.787,45.3800,1
41088241083211,11:24:48.241,45.3800,100
41168270210218,11:26:08.270,45.3500,500
41168270210218,11:26:08.270,45.3500,1
41168270210218,11:26:08.270,45.3500,100
41168270210218,11:26:08.270,45.3500,7500
41168272483898,11:26:08.272,45.3400,23
41168272511159,11:26:08.272,45.3400,77
41168272511159,11:26:08.272,45.3400,100
41168312158662,11:26:08.312,45.3200,100
41168312859686,11:26:08.312,45.3000,10
41168312898003,11:26:08.312,45.3000,2
41168312944532,11:26:08.312,45.3000,5
41168312945116,11:26:08.312,45.3000,2
41168313261628,11:26:08.313,45.3000,10
41168313420286,11:26:08.313,45.3000,1
41168313676466,11:26:08.313,45.2900,1
41168313676466,11:26:08.313,45.2900,80
41168313676466,11:26:08.313,45.2800,24
41168313732224,11:26:08.313,45.2800,10
41168313734166,11:26:08.313,45.2800,66
41168313734166,11:26:08.313,45.2800,5
41168331357763,11:26:08.331,45.2900,2
41200658267986,11:26:40.658,45.3000,100
41200658279269,11:26:40.658,45.3000,6
41200658304660,11:26:40.658,45.3000,48
41200658314271,11:26:40.658,45.3000,46
41235377554853,11:27:15.377,45.3500,4
41275487412375,11:27:55.487,45.3300,100
41275487412375,11:27:55.487,45.3400,100
41275553140212,11:27:55.553,45.3400,100
41276091749048,11:27:56.091,45.3200,100
41276091749048,11:27:56.091,45.2900,1
41276091749048,11:27:56.091,45.2800,100
41440502017511,11:30:40.502,45.2600,1
41440502017511,11:30:40.502,45.2600,99
41440502088320,11:30:40.502,45.2600,1
41440502088320,11:30:40.502,45.2600,1
41440502088320,11:30:40.502,45.2600,34
41440502088320,11:30:40.502,45.2600,64
41440502095722,11:30:40.502,45.2600,36
41440502234085,11:30:40.502,45.2600,100
41440533544068,11:30:40.533,45.2400,1
41440533544068,11:30:40.533,45.2300,1
41440533544068,11:30:40.533,45.2300,1
41440533544068,11:30:40.533,45.2200,10
41440533544068,11:30:40.533,45.2200,87
41477151017422,11:31:17.151,45.2200,100
41477151017422,11:31:17.151,45.2200,100
41477151926121,11:31:17.151,45.2100,5
41477151926121,11:31:17.151,45.2100,100
41477151926121,11:31:17.151,45.2100,5
41477151926121,11:31:17.151,45.2100,100
41477153280658,11:31:17.153,45.1900,5
41477153280658,11:31:17.153,45.1900,5
41477153280658,11:31:17.153,45.1800,5
41477153280658,11:31:17.153,45.1800,5
41477153280658,11:31:17.153,45.1800,100
41477154642253,11:31:17.154,45.1600,100
41477154642253,11:31:17.154,45.1600,100
41477154998229,11:31:17.154,45.1600,200
41477155629696,11:31:17.155,45.1400,100
41477155629696,11:31:17.155,45.1300,1100
41477155629696,11:31:17.155,45.1300,878
41477155779694,11:31:17.155,45.1300,1200
41477155863843,11:31:17.155,45.1300,1100
41477156191643,11:31:17.156,45.1300,100
41497525857649,11:31:37.525,45.1800,30
41497525859563,11:31:37.525,45.1800,29
41497525875360,11:31:37.525,45.1800,41
41497525875360,11:31:37.525,45.1800,18
41497525877109,11:31:37.525,45.1800,82
41497526564365,11:31:37.526,45.1900,100
41523294056828,11:32:03.294,45.1900,100
41536140055375,11:32:16.140,45.2100,100
41626982821481,11:33:46.982,45.2400,1
41626982821481,11:33:46.982,45.2400,1
41627004930237,11:33:47.004,45.2300,1
41746585209423,11:35:46.585,45.2600,100
41770160974789,11:36:10.160,45.2500,1
41770160974789,11:36:10.160,45.2500,83
41770160982746,11:36:10.160,45.2500,17
41821050792754,11:37:01.050,45.2600,100
41821050792754,11:37:01.050,45.2600,100
41821051115518,11:37:01.051,45.2800,56
41831025021030,11:37:11.025,45.2950,100
41902989253072,11:38:22.989,45.3000,50
41903988973058,11:38:23.988,45.3100,1
41918254617126,11:38:38.254,45.3100,50
42045348369086,11:40:45.348,45.2900,1
42065843858881,11:41:05.843,45.3000,100
42132487995304,11:42:12.487,45.3400,100
42140221182654,11:42:20.221,45.3500,100
42148568342569,11:42:28.568,45.3500,100
42148584444954,11:42:28.584,45.3500,100
42148584468487,11:42:28.584,45.3400,73
42148584878312,11:42:28.584,45.3400,27
42148584878312,11:42:28.584,45.3300,1
42148584878312,11:42:28.584,45.3300,5
42148586000289,11:42:28.586,45.3200,100
42148586061873,11:42:28.586,45.3200,99
42148586432044,11:42:28.586,45.3100,100
42195858005920,11:43:15.858,45.3500,100
42195858005920,11:43:15.858,45.3400,100
42195858560458,11:43:15.858,45.3400,100
42195859626140,11:43:15.859,45.3300,100
42195859682058,11:43:15.859,45.3200,100
42195860743580,11:43:15.860,45.3200,100
42220403409485,11:43:40.403,45.3400,16
42305693930663,11:45:05.693,45.3500,100
42305724409194,11:45:05.724,45.3600,100
42322642786111,11:45:22.642,45.3800,100
42323998627401,11:45:23.998,45.3800,1
42386133943323,11:46:26.133,45.4000,100
42413675470343,11:46:53.675,45.3900,100
42447667022145,11:47:27.667,45.3600,100
42447667076344,11:47:27.667,45.3600,11
42447667076344,11:47:27.667,45.3600,100
42447667076344,11:47:27.667,45.3600,1
42539327143212,11:48:59.327,45.3000,10
42539327143212,11:48:59.327,45.3000,90
42539327585529,11:48:59.327,45.3000,10
42539327585529,11:48:59.327,45.3000,90
42539327592499,11:48:59.327,45.3000,10
42539327592499,11:48:59.327,45.3000,14
42539327592499,11:48:59.327,45.3000,1
42633444316415,11:50:33.444,45.2900,10
42633444316415,11:50:33.444,45.2900,100
42633444316415,11:50:33.444,45.2900,5
42633444316415,11:50:33.444,45.2900,14
42633444316415,11:50:33.444,45.2900,56
42633444344284,11:50:33.444,45.2900,30
42633444344284,11:50:33.444,45.2900,13
42633445261649,11:50:33.445,45.2800,20
42633449072040,11:50:33.449,45.2600,10
42691984332947,11:51:31.984,45.2500,14
42754118989553,11:52:34.118,45.2600,1
42764806238669,11:52:44.806,45.2600,100
42764806337540,11:52:44.806,45.2500,1
42764806337540,11:52:44.806,45.2500,28
42765926641515,11:52:45.926,45.2300,10
42765926641515,11:52:45.926,45.2100,90
42790841095276,11:53:10.841,45.2250,100
42794306712016,11:53:14.306,45.2400,4
42794306718067,11:53:14.306,45.2400,96
42794518898509,11:53:14.518,45.2500,100
42794518898509,11:53:14.518,45.2500,100
42794518898509,11:53:14.518,45.2500,100
42795028934028,11:53:15.028,45.2600,100
42810315997617,11:53:30.315,45.2600,100
42821057880727,11:53:41.057,45.2400,100
42871537930193,11:54:31.537,45.2700,100
42895431086741,11:54:55.431,45.2700,100
42895431145413,11:54:55.431,45.2700,100
43010680819737,11:56:50.680,45.3000,100
43010680874196,11:56:50.680,45.3000,100
43010680875475,11:56:50.680,45.3000,100
43010681342056,11:56:50.681,45.3100,10
43042335746089,11:57:22.335,45.3400,1
43060525899259,11:57:40.525,45.3500,100
43162982770012,11:59:22.982,45.3400,1
43209195057133,12:00:09.195,45.3600,17
43209195186083,12:00:09.195,45.3600,83
43209195186083,12:00:09.195,45.3600,17
43209195382890,12:00:09.195,45.3600,83
43214539014290,12:00:14.539,45.3750,100
43221721573922,12:00:21.721,45.3900,100
43302982178026,12:01:42.982,45.4000,1
43339388878890,12:02:19.388,45.4100,100
43339755793231,12:02:19.755,45.4100,100
43419878996713,12:03:39.878,45.4200,100
43419878996713,12:03:39.878,45.4200,1
43419878996713,12:03:39.878,45.4200,99
43419879012062,12:03:39.879,45.4200,1
43419889515382,12:03:39.889,45.3900,100
43419889515382,12:03:39.889,45.3900,500
43419889959026,12:03:39.889,45.3900,100
43420079675682,12:03:40.079,45.3700,100
43442304111156,12:04:02.304,45.3800,100
43453311820226,12:04:13.311,45.3800,11
43453507211983,12:04:13.507,45.3800,100
43454334098656,12:04:14.334,45.3800,55
43454336002564,12:04:14.336,45.3800,45
43463436432972,12:04:23.436,45.4000,100
43463436432972,12:04:23.436,45.4000,100
43582984223422,12:06:22.984,45.4000,1
43606916331137,12:06:46.916,45.4200,100
43699076893641,12:08:19.076,45.4000,100
43699077507930,12:08:19.077,45.4000,100
43699077595494,12:08:19.077,45.4000,100
43699077595494,12:08:19.077,45.4000,100
43723662917281,12:08:43.662,45.4300,100
43727986340173,12:08:47.986,45.4500,1
43727987259347,12:08:47.987,45.4400,100
43849931411468,12:10:49.931,45.4600,100
43862585251166,12:11:02.585,45.4600,95
43862585272053,12:11:02.585,45.4600,5
43863250716384,12:11:03.250,45.4500,1
43863250716384,12:11:03.250,45.4500,99
43946119464985,12:12:26.119,45.4600,9
43946119488816,12:12:26.119,45.4600,27
43946119600716,12:12:26.119,45.4600,64
44002981982291,12:13:22.981,45.4300,15
44002981982291,12:13:22.981,45.4300,100
44002981982291,12:13:22.981,45.4300,85
44002982059502,12:13:22.982,45.4300,1
44002982082658,12:13:22.982,45.4300,1
44002982426457,12:13:22.982,45.4300,6
44002982426457,12:13:22.982,45.4300,2
44002982502993,12:13:22.982,45.4300,6
44002982632684,12:13:22.982,45.4300,1
44014600936550,12:13:34.600,45.4400,100
44014600936550,12:13:34.600,45.4400,100
44161571879304,12:16:01.571,45.4400,100
44161571879304,12:16:01.571,45.4400,60
44174827614946,12:16:14.827,45.4400,2
44191155185445,12:16:31.155,45.4400,38
44191155185445,12:16:31.155,45.4400,100
44191155185445,12:16:31.155,45.4400,62
44191155246253,12:16:31.155,45.4400,38
44191155246253,12:16:31.155,45.4400,62
44191155256373,12:16:31.155,45.4400,38
44191155256373,12:16:31.155,45.4400,50
44191155256373,12:16:31.155,45.4400,100
44191155256373,12:16:31.155,45.4400,12
44191155287523,12:16:31.155,45.4400,34
44191155407304,12:16:31.155,45.4400,54
44257401398223,12:17:37.401,45.4500,100
44283983370043,12:18:03.983,45.4700,1
44283983810594,12:18:03.983,45.4600,3
44283983842703,12:18:03.983,45.4600,97
44283984188246,12:18:03.984,45.4500,14
44369952694274,12:19:29.952,45.4700,100
44370045578287,12:19:30.045,45.4200,1
44378927004038,12:19:38.927,45.4700,100
44435688076345,12:20:35.688,45.4800,2
44435689008483,12:20:35.689,45.4800,98
44467123000612,12:21:07.123,45.4800,100
44477940319399,12:21:17.940,45.4900,100
44477940319399,12:21:17.940,45.4900,100
44477940319399,12:21:17.940,45.4900,100
44525069010496,12:22:05.069,45.4800,100
44532702687121,12:22:12.702,45.5000,50
44532731253719,12:22:12.731,45.5100,20
44532982967014,12:22:12.982,45.5200,100
44533379265396,12:22:13.379,45.5200,10
44533379298250,12:22:13.379,45.5200,90
44533379298250,12:22:13.379,45.5200,21
44533379535243,12:22:13.379,45.5200,79
44541033876574,12:22:21.033,45.5400,100
44541034453177,12:22:21.034,45.5400,100
44541034621886,12:22:21.034,45.5500,100
44573987520973,12:22:53.987,45.5600,1
44594885826916,12:23:14.885,45.5900,300
44641473743911,12:24:01.473,45.5900,200
44641473743911,12:24:01.473,45.5900,100
44641473846133,12:24:01.473,45.5900,100
44654311208609,12:24:14.311,45.5900,100
44664969263886,12:24:24.969,45.5900,100
44695751405752,12:24:55.751,45.5900,100
44695751577914,12:24:55.751,45.5900,100
44702030849665,12:25:02.030,45.5900,100
44702030849665,12:25:02.030,45.5900,500
44702030849665,12:25:02.030,45.5900,100
44713681055731,12:25:13.681,45.5900,500
44713681055731,12:25:13.681,45.5900,200
44713681055731,12:25:13.681,45.5900,100
44713681055731,12:25:13.681,45.5900,3600
44717556277683,12:25:17.556,45.5900,200
44720776691054,12:25:20.776,45.5800,1
44720776691054,12:25:20.776,45.5800,100
44720776691054,12:25:20.776,45.5800,13
44720776714663,12:25:20.776,45.5700,100
44720776714663,12:25:20.776,45.5700,100
44720776811262,12:25:20.776,45.5600,49
44720776817895,12:25:20.776,45.5600,110
44720776822300,12:25:20.776,45.5600,27
44720776822300,12:25:20.776,45.5600,84
44720776835053,12:25:20.776,45.5600,16
44720776835053,12:25:20.776,45.5600,100
44720776835053,12:25:20.776,45.5600,84
44720776843396,12:25:20.776,45.5600,16
44720779302674,12:25:20.779,45.5500,100
44753613606311,12:25:53.613,45.5700,100
44753614046621,12:25:53.614,45.5600,100
44753669780778,12:25:53.669,45.5600,100
44831136443360,12:27:11.136,45.5500,100
44831136474490,12:27:11.136,45.5500,1
44831136474490,12:27:11.136,45.5500,100
44853646273072,12:27:33.646,45.5300,100
44853646273072,12:27:33.646,45.5300,100
44853646273072,12:27:33.646,45.5300,13
44853646286182,12:27:33.646,45.5300,100
44865636743431,12:27:45.636,45.5500,100
44865636825540,12:27:45.636,45.5500,200
44957865844511,12:29:17.865,45.5300,30
44957865844511,12:29:17.865,45.5300,100
44957865844511,12:29:17.865,45.5300,1
44983231079250,12:29:43.231,45.5100,2
45012147025371,12:30:12.147,45.5600,100
45012147493019,12:30:12.147,45.5600,27
45012147610685,12:30:12.147,45.5600,73
45012147610685,12:30:12.147,45.5600,100
45012147610685,12:30:12.147,45.5600,200
45124010439393,12:32:04.010,45.5600,1
45215761436413,12:33:35.761,45.5200,7
45215761436413,12:33:35.761,45.5200,100
45215761436413,12:33:35.761,45.5200,93
45215761499119,12:33:35.761,45.5200,7
45215761499119,12:33:35.761,45.5200,93
45215761784497,12:33:35.761,45.5200,7
45215761784497,12:33:35.761,45.5200,1
45215866950557,12:33:35.866,45.5500,100
45217731963251,12:33:37.731,45.5400,100
45218554347494,12:33:38.554,45.5700,30
45221444904872,12:33:41.444,45.5400,5
45223278840755,12:33:43.278,45.5700,100
45223278902095,12:33:43.278,45.5700,70
45223278902095,12:33:43.278,45.5700,100
45223278902095,12:33:43.278,45.5700,30
45223278910304,12:33:43.278,45.5700,70
45223278910304,12:33:43.278,45.5700,100
45223278910304,12:33:43.278,45.5700,200
45223280746129,12:33:43.280,45.5700,200
45241408088364,12:34:01.408,45.5700,100
45241408181347,12:34:01.408,45.5700,100
45241408914591,12:34:01.408,45.5700,100
45241409092370,12:34:01.409,45.5700,100
45245765665066,12:34:05.765,45.5700,100
45245765665066,12:34:05.765,45.5700,100
45245765715974,12:34:05.765,45.5700,34
45247292878820,12:34:07.292,45.5700,34
45247292953373,12:34:07.292,45.5700,22
45252385749201,12:34:12.385,45.5700,44
45252385749201,12:34:12.385,45.5700,56
45252385760386,12:34:12.385,45.5700,43
45296787744822,12:34:56.787,45.5700,100
45296787744822,12:34:56.787,45.5800,10
45296787744822,12:34:56.787,45.5800,100
45305840443426,12:35:05.840,45.5900,100
45376245032659,12:36:16.245,45.5800,100
45379143376513,12:36:19.143,45.5900,200
45379143443235,12:36:19.143,45.5900,100
45379143443235,12:36:19.143,45.5900,100
45402982764100,12:36:42.982,45.5600,1
45411554731051,12:36:51.554,45.5900,100
45428232377079,12:37:08.232,45.5900,100
45428232392523,12:37:08.232,45.5900,100
45470063309675,12:37:50.063,45.5900,200
45470063355309,12:37:50.063,45.5900,100
45470063359458,12:37:50.063,45.5900,100
45470063359458,12:37:50.063,45.5900,4
45470063359458,12:37:50.063,45.5900,100
45470063380198,12:37:50.063,45.5900,200
45470063390627,12:37:50.063,45.5900,104
45470063409037,12:37:50.063,45.5900,96
45470063409037,12:37:50.063,45.5900,4
45477114833987,12:37:57.114,45.5600,100
45477114833987,12:37:57.114,45.5600,1
45477115910482,12:37:57.115,45.5500,100
45477115962380,12:37:57.115,45.5400,188
45477115962380,12:37:57.115,45.5400,12
45477116007311,12:37:57.116,45.5400,88
45477116007311,12:37:57.116,45.5400,100
45477116007311,12:37:57.116,45.5400,12
45477116033478,12:37:57.116,45.5400,88
45477116033478,12:37:57.116,45.5400,100
45619911815841,12:40:19.911,45.5200,100
45619911836482,12:40:19.911,45.5200,100
45619911889714,12:40:19.911,45.5200,100
45619911982452,12:40:19.911,45.5100,100
45619912610200,12:40:19.912,45.5200,100
45695291316783,12:41:35.291,45.5400,200
45695291316783,12:41:35.291,45.5400,100
45695291316783,12:41:35.291,45.5400,100
45695291316783,12:41:35.291,45.5400,100
45695291962921,12:41:35.291,45.5500,200
45695291962921,12:41:35.291,45.5500,400
45695292593226,12:41:35.292,45.5500,15
45695292593226,12:41:35.292,45.5500,85
45695292593226,12:41:35.292,45.5500,100
45718220320050,12:41:58.220,45.5400,1
45718221181253,12:41:58.221,45.5400,99
45718221181253,12:41:58.221,45.5400,1
45791227378373,12:43:11.227,45.5500,100
45800354355274,12:43:20.354,45.5600,100
45800354355274,12:43:20.354,45.5600,100
45800354355274,12:43:20.354,45.5600,3
45800354355274,12:43:20.354,45.5600,97
45802810739013,12:43:22.810,45.5600,3
45807002559661,12:43:27.002,45.5500,100
45807003002519,12:43:27.003,45.5500,1
45823876373305,12:43:43.876,45.5700,100
45843967113706,12:44:03.967,45.5500,100
45882852758859,12:44:42.852,45.5300,100
45882852802330,12:44:42.852,45.5300,100
45883030736956,12:44:43.030,45.5300,100
45962982986839,12:46:02.982,45.5300,1
46064995354828,12:47:44.995,45.5100,100
46064995354828,12:47:44.995,45.5100,100
46064995354828,12:47:44.995,45.5100,1
46064995354828,12:47:44.995,45.5100,100
46064996291546,12:47:44.996,45.5000,100
46064998163444,12:47:44.998,45.5000,2
46065038662344,12:47:45.038,45.5000,98
46065038662344,12:47:45.038,45.5000,100
46065070333027,12:47:45.070,45.4900,20
46065070333027,12:47:45.070,45.4900,1
46065070333027,12:47:45.070,45.4900,100
46065070333027,12:47:45.070,45.4900,4
46065070333027,12:47:45.070,45.4900,100
46065070333027,12:47:45.070,45.4900,100
46065070333027,12:47:45.070,45.4900,15
46065070333027,12:47:45.070,45.4900,100
46065169095113,12:47:45.169,45.4900,194
46096715442016,12:48:16.715,45.5050,100
46096715442016,12:48:16.715,45.5100,100
46096715493530,12:48:16.715,45.5100,200
46096715783916,12:48:16.715,45.5100,100
46096715783916,12:48:16.715,45.5100,100
46096715783916,12:48:16.715,45.5100,100
46096715783916,12:48:16.715,45.5100,96
46096715788634,12:48:16.715,45.5100,98
46096715804989,12:48:16.715,45.5100,6
46096715804989,12:48:16.715,45.5100,94
46096715813678,12:48:16.715,45.5100,51
46096715819058,12:48:16.715,45.5100,100
46096715867638,12:48:16.715,45.5100,94
46096715984474,12:48:16.715,45.5100,100
46097646480391,12:48:17.646,45.5100,200
46114885276503,12:48:34.885,45.5200,200
46114885327308,12:48:34.885,45.5200,100
46115061640438,12:48:35.061,45.5200,100
46115061683399,12:48:35.061,45.5200,45
46115061732746,12:48:35.061,45.5200,55
46120602235576,12:48:40.602,45.5200,50
46125920012408,12:48:45.920,45.5200,12
46125930134157,12:48:45.930,45.5200,200
46125930134157,12:48:45.930,45.5300,100
46125930134157,12:48:45.930,45.5300,100
46125930134157,12:48:45.930,45.5300,100
46125930134157,12:48:45.930,45.5300,100
46125930134157,12:48:45.930,45.5300,100
46125930134157,12:48:45.930,45.5400,339
46125931646853,12:48:45.931,45.5300,100
46167468514924,12:49:27.468,45.5600,100
46167468587696,12:49:27.468,45.5600,100
46167468676044,12:49:27.468,45.5600,100
46167523635710,12:49:27.523,45.5600,100
46203366845229,12:50:03.366,45.5400,100
46203366862900,12:50:03.366,45.5400,88
46203366890839,12:50:03.366,45.5400,12
46203366890839,12:50:03.366,45.5400,1
46203366935835,12:50:03.366,45.5300,100
46203367002338,12:50:03.367,45.5300,100
46214661241073,12:50:14.661,45.5500,100
46214661241073,12:50:14.661,45.5500,100
46214661241073,12:50:14.661,45.5500,3
46214662420639,12:50:14.662,45.5500,100
46215735235897,12:50:15.735,45.5500,100
46247176001503,12:50:47.176,45.5500,66
46403982593118,12:53:23.982,45.5500,1
46410649121046,12:53:30.649,45.5300,50
46410649121046,12:53:30.649,45.5300,100
46410649121046,12:53:30.649,45.5300,50
46410649188451,12:53:30.649,45.5300,50
46410649210833,12:53:30.649,45.5300,50
46410649218635,12:53:30.649,45.5300,3
46410649562266,12:53:30.649,45.5300,47
46455422369657,12:54:15.422,45.5100,2
46522981117003,12:55:22.981,45.5200,1
46526115804083,12:55:26.115,45.5000,100
46526116246402,12:55:26.116,45.5000,100
46526116246402,12:55:26.116,45.5000,19
46526116313445,12:55:26.116,45.5000,81
46526116313445,12:55:26.116,45.5000,100
46535701535880,12:55:35.701,45.5100,2
46535738201631,12:55:35.738,45.5100,2
46585235729236,12:56:25.235,45.5000,100
46585235936361,12:56:25.235,45.5200,100
46585235936361,12:56:25.235,45.5200,100
46617478468459,12:56:57.478,45.5200,4
46617478468459,12:56:57.478,45.5200,100
46617478468459,12:56:57.478,45.5200,96
46617478860216,12:56:57.478,45.5200,4
46617478860216,12:56:57.478,45.5200,80
46702213046499,12:58:22.213,45.5700,100
46739167485393,12:58:59.167,45.5700,1
46740708923108,12:59:00.708,45.5700,4
46806983314915,13:00:06.983,45.5900,1
46806984037834,13:00:06.984,45.5800,6
46806984401736,13:00:06.984,45.5800,94
46826684822075,13:00:26.684,45.5600,100
46826684822075,13:00:26.684,45.5600,100
46826684822075,13:00:26.684,45.5600,400
46826684971739,13:00:26.684,45.5600,100
46837821893880,13:00:37.821,45.5500,100
46837821893880,13:00:37.821,45.5500,6
46837821893880,13:00:37.821,45.5500,94
46837821997715,13:00:37.821,45.5500,6
46837821997715,13:00:37.821,45.5500,94
46837822402397,13:00:37.822,45.5500,6
46896054545609,13:01:36.054,45.5500,100
46916032784925,13:01:56.032,45.5500,100
46916035805466,13:01:56.035,45.5600,100
46919400880524,13:01:59.400,45.5700,100
46919400880524,13:01:59.400,45.5800,100
46919401850500,13:01:59.401,45.5900,100
46919402560636,13:01:59.402,45.6000,4
46919402560636,13:01:59.402,45.6000,187
46919402606860,13:01:59.402,45.6000,200
46919402626234,13:01:59.402,45.6000,113
46919402626234,13:01:59.402,45.6000,87
46919402644207,13:01:59.402,45.6000,100
46919402690443,13:01:59.402,45.6000,100
46919402711339,13:01:59.402,45.6000,13
46919402711339,13:01:59.402,45.6000,100
46919402739448,13:01:59.402,45.6000,213
46919402939428,13:01:59.402,45.6000,13
46919403231435,13:01:59.403,45.5900,100
46919403256532,13:01:59.403,45.5800,100
46919405506001,13:01:59.405,45.5900,100
46919406944124,13:01:59.406,45.5500,1
46919410017612,13:01:59.410,45.5300,100
46919410017612,13:01:59.410,45.5300,100
46919410091830,13:01:59.410,45.5300,100
46919411099472,13:01:59.411,45.5500,100
46919411129277,13:01:59.411,45.5500,100
46992159426534,13:03:12.159,45.5500,100
47024980947136,13:03:44.980,45.5200,100
47024980956336,13:03:44.980,45.5200,92
47024981007702,13:03:44.981,45.5200,8
47024981007702,13:03:44.981,45.5200,1
47024984834200,13:03:44.984,45.5100,100
47024984884942,13:03:44.984,45.5100,100
47025982109818,13:03:45.982,45.5200,100
47116617240021,13:05:16.617,45.5400,100
47116617344103,13:05:16.617,45.5400,5
47116617344103,13:05:16.617,45.5400,95
47116618039455,13:05:16.618,45.5400,5
47126015056674,13:05:26.015,45.5400,200
47126015056674,13:05:26.015,45.5500,200
47143844847103,13:05:43.844,45.5500,100
47143844932098,13:05:43.844,45.5500,100
47143844932098,13:05:43.844,45.5500,100
47143844932098,13:05:43.844,45.5500,100
47143844932098,13:05:43.844,45.5500,100
47225578438521,13:07:05.578,45.5800,100
47225578438521,13:07:05.578,45.5800,100
47226077991587,13:07:06.077,45.5700,100
47226078430702,13:07:06.078,45.5700,1
47226078430702,13:07:06.078,45.5700,1
47226078441317,13:07:06.078,45.5700,87
47226078441317,13:07:06.078,45.5600,7
47226078450181,13:07:06.078,45.5600,6
47226078454721,13:07:06.078,45.5600,6
47226078539445,13:07:06.078,45.5600,81
47226078564451,13:07:06.078,45.5600,100
47226078625541,13:07:06.078,45.5600,11
47226078910650,13:07:06.078,45.5600,19
47272779201647,13:07:52.779,45.5600,70
47521412333993,13:12:01.412,45.5300,1
47636479247352,13:13:56.479,45.5000,15
47642980997903,13:14:02.980,45.5200,1
47645098696020,13:14:05.098,45.5200,99
47645098696020,13:14:05.098,45.5400,200
47645098696020,13:14:05.098,45.5500,201
47645164179107,13:14:05.164,45.5500,200
47645164205695,13:14:05.164,45.5500,200
47645164213621,13:14:05.164,45.5400,94
47645164229372,13:14:05.164,45.5500,200
47645164397537,13:14:05.164,45.5500,199
47645164397537,13:14:05.164,45.5500,100
47645164397537,13:14:05.164,45.5500,100
47645164397537,13:14:05.164,45.5500,10
47645201320323,13:14:05.201,45.5400,6
47646510921935,13:14:06.510,45.5400,100
47763285429052,13:16:03.285,45.5200,1
47763285459007,13:16:03.285,45.5100,1
47763285459007,13:16:03.285,45.5000,5
47763285681107,13:16:03.285,45.5000,92
47763285681107,13:16:03.285,45.5000,61
47763285748129,13:16:03.285,45.5000,39
47763285748129,13:16:03.285,45.5000,61
47763285765396,13:16:03.285,45.5000,39
47763285765396,13:16:03.285,45.5000,9
47763285836993,13:16:03.285,45.5000,91
47763285836993,13:16:03.285,45.5000,100
47763315844736,13:16:03.315,45.5000,2
47763315872871,13:16:03.315,45.5000,26
47795040224918,13:16:35.040,45.5000,72
47795040224918,13:16:35.040,45.5000,28
47848040719760,13:17:28.040,45.5200,70
47848040720220,13:17:28.040,45.5200,100
47848040726810,13:17:28.040,45.5200,200
47848040738560,13:17:28.040,45.5200,55
47848040795132,13:17:28.040,45.5200,200
47848041103782,13:17:28.041,45.5200,275
47848041127352,13:17:28.041,45.5200,25
47848041195832,13:17:28.041,45.5200,75
47848041195832,13:17:28.041,45.5200,10
47848041273950,13:17:28.041,45.5400,100
47922982270598,13:18:42.982,45.5300,1
47923050300577,13:18:43.050,45.5300,100
48019344150022,13:20:19.344,45.5100,100
48019344181893,13:20:19.344,45.5100,100
48019344181893,13:20:19.344,45.5100,1
48019344234680,13:20:19.344,45.5000,72
48019344234680,13:20:19.344,45.5000,19
48019344237442,13:20:19.344,45.5000,81
48019344237442,13:20:19.344,45.5000,19
48019344265411,13:20:19.344,45.5000,81
48019344265411,13:20:19.344,45.5000,20
48019344720865,13:20:19.344,45.5000,8
48019344750603,13:20:19.344,45.5000,72
48045779344960,13:20:45.779,45.4900,5
48045779344960,13:20:45.779,45.4900,1
48045779344960,13:20:45.779,45.4900,191
48045779344960,13:20:45.779,45.4900,3
48045779377857,13:20:45.779,45.4900,97
48045779377857,13:20:45.779,45.4900,100
48045779377857,13:20:45.779,45.4900,100
48045779836085,13:20:45.779,45.4800,100
48045779836085,13:20:45.779,45.4800,100
48045780157249,13:20:45.780,45.4800,100
48045785205539,13:20:45.785,45.4700,5
48045785205539,13:20:45.785,45.4700,20
48045785205539,13:20:45.785,45.4700,5
48045810140073,13:20:45.810,45.4600,1
48045810170173,13:20:45.810,45.4600,10
48045843702653,13:20:45.843,45.4900,100
48047579853341,13:20:47.579,45.5000,2
48090615449729,13:21:30.615,45.4900,100
48090665943156,13:21:30.665,45.4600,9
48090665943156,13:21:30.665,45.4600,1
48090665943156,13:21:30.665,45.4500,20
48090665943156,13:21:30.665,45.4500,70
48090830603904,13:21:30.830,45.4500,30
48090830603904,13:21:30.830,45.4500,100
48091616426055,13:21:31.616,45.4800,100
48190403950248,13:23:10.403,45.4400,1
48190404312401,13:23:10.404,45.4300,20
48190404312401,13:23:10.404,45.4300,80
48190404374297,13:23:10.404,45.4300,20
48190404374297,13:23:10.404,45.4300,10
48190404374297,13:23:10.404,45.4300,1
48190404374297,13:23:10.404,45.4300,100
48190404435932,13:23:10.404,45.4300,1
48190404459117,13:23:10.404,45.4300,10
48190404708893,13:23:10.404,45.4300,89
48256636192081,13:24:16.636,45.4600,30
48256636290781,13:24:16.636,45.4600,70
48256636290781,13:24:16.636,45.4600,30
48256636324409,13:24:16.636,45.4600,70
48256636324409,13:24:16.636,45.4600,100
48256636324409,13:24:16.636,45.4600,30
48256636331532,13:24:16.636,45.4600,70
48256636331532,13:24:16.636,45.4600,10
48256636331532,13:24:16.636,45.4600,8
48256637923931,13:24:16.637,45.4300,51
48357239276013,13:25:57.239,45.4300,1
48357239349603,13:25:57.239,45.4200,2
48357241215091,13:25:57.241,45.4100,20
48357241215091,13:25:57.241,45.4100,5
48357241215091,13:25:57.241,45.4100,75
48357241262533,13:25:57.241,45.4100,25
48357241908449,13:25:57.241,45.4000,24
48357242661071,13:25:57.242,45.4000,26
48357242661071,13:25:57.242,45.4000,10
48357242661071,13:25:57.242,45.4000,40
48357242661071,13:25:57.242,45.4000,100
48357242661071,13:25:57.242,45.4000,100
48422552251371,13:27:02.552,45.4000,100
48422552305430,13:27:02.552,45.4000,1
48425739123298,13:27:05.739,45.3900,1
48425739123298,13:27:05.739,45.3900,100
48425739187302,13:27:05.739,45.3900,100
48438387967583,13:27:18.387,45.4000,5
48438387967583,13:27:18.387,45.4000,95
48530246814992,13:28:50.246,45.4100,100
48544007374846,13:29:04.007,45.4000,100
48592734967106,13:29:52.734,45.4000,5
48642998514157,13:30:42.998,45.4200,100
48642998524365,13:30:42.998,45.4200,100
48642998587707,13:30:42.998,45.4200,4
48642998675316,13:30:42.998,45.4300,2999
48642998729054,13:30:42.998,45.4400,100
48642998777201,13:30:42.998,45.4500,100
48642998792456,13:30:42.998,45.4500,100
48642999030151,13:30:42.999,45.4300,15
48643026093459,13:30:43.026,45.4500,100
48643026093459,13:30:43.026,45.4500,100
48643026181769,13:30:43.026,45.4500,100
48643026449903,13:30:43.026,45.4500,100
48643026907997,13:30:43.026,45.4500,100
48644184006720,13:30:44.184,45.4400,100
48644745920967,13:30:44.745,45.4500,100
48644745920967,13:30:44.745,45.4500,100
48644746101372,13:30:44.746,45.4500,100
48644746113699,13:30:44.746,45.4500,300
48644746407915,13:30:44.746,45.4600,300
48644852140815,13:30:44.852,45.4600,100
48649526006097,13:30:49.526,45.4700,100
48649856500771,13:30:49.856,45.4700,1
48649856500771,13:30:49.856,45.4700,100
48762984174502,13:32:42.984,45.4800,1
48863207834350,13:34:23.207,45.4500,1
48863208926062,13:34:23.208,45.4400,100
48863208976688,13:34:23.208,45.4400,100
48863208977882,13:34:23.208,45.4400,100
48863208995246,13:34:23.208,45.4400,1
48863208995246,13:34:23.208,45.4400,99
48863209028470,13:34:23.209,45.4400,1
48863209028470,13:34:23.209,45.4400,99
48863209058359,13:34:23.209,45.4400,1
48884804515973,13:34:44.804,45.4700,100
48884804981825,13:34:44.804,45.4800,5
48884805050157,13:34:44.805,45.4800,95
48960911351216,13:36:00.911,45.5200,1
49043981176289,13:37:23.981,45.5400,1
49053968287087,13:37:33.968,45.5400,12
49111534666862,13:38:31.534,45.5700,100
49111534666862,13:38:31.534,45.5900,100
49111534666862,13:38:31.534,45.5900,16
49111534666862,13:38:31.534,45.5900,84
49111535100362,13:38:31.535,45.5900,16
49111536214548,13:38:31.536,45.6000,1
49194593029592,13:39:54.593,45.5600,1
49194593029592,13:39:54.593,45.5600,37
49194594702928,13:39:54.594,45.5200,100
49194594702928,13:39:54.594,45.5200,10
49194594702928,13:39:54.594,45.5200,41
49194594730631,13:39:54.594,45.5200,59
49194594730631,13:39:54.594,45.5200,100
49249519792473,13:40:49.519,45.5000,192
49249520184660,13:40:49.520,45.5000,200
49249520217584,13:40:49.520,45.5000,8
49249520217584,13:40:49.520,45.5000,80
49249520235974,13:40:49.520,45.5000,20
49249520235974,13:40:49.520,45.5000,200
49249520235974,13:40:49.520,45.5000,100
49249524252305,13:40:49.524,45.4900,6
49249524275874,13:40:49.524,45.4900,39
49249524709654,13:40:49.524,45.4900,92
49250281757476,13:40:50.281,45.4900,43
49267652654488,13:41:07.652,45.4900,1
49267652654488,13:41:07.652,45.4900,19
49273136733629,13:41:13.136,45.4800,2
49274646586360,13:41:14.646,45.4600,20
49305274376961,13:41:45.274,45.4400,10
49305274376961,13:41:45.274,45.4400,2
49305274376961,13:41:45.274,45.4400,18
49305274376961,13:41:45.274,45.4300,10
49305274376961,13:41:45.274,45.4300,10
49305274376961,13:41:45.274,45.4200,20
49305274376961,13:41:45.274,45.4200,80
49461165733016,13:44:21.165,45.4300,100
49461166117388,13:44:21.166,45.4300,1
49461166211057,13:44:21.166,45.4200,20
49461166211057,13:44:21.166,45.4200,100
49461166225582,13:44:21.166,45.4100,10
49461166225582,13:44:21.166,45.4100,69
49504297626038,13:45:04.297,45.4100,31
49504297626038,13:45:04.297,45.4000,69
49505027523296,13:45:05.027,45.4000,1
49513877114464,13:45:13.877,45.4000,7
49513877296818,13:45:13.877,45.4000,23
49513877296818,13:45:13.877,45.4000,100
49513877296818,13:45:13.877,45.4000,100
49560815330259,13:46:00.815,45.4100,100
49602981289722,13:46:42.981,45.4100,1
49666755267677,13:47:46.755,45.4000,100
49666756821190,13:47:46.756,45.4000,100
49666757143476,13:47:46.757,45.3900,20
49666757143476,13:47:46.757,45.3900,80
49667726774530,13:47:47.726,45.3900,20
49667726774530,13:47:47.726,45.3900,80
49669749555435,13:47:49.749,45.3900,20
49669749555435,13:47:49.749,45.3900,100
49687516781886,13:48:07.516,45.3800,10
49687516781886,13:48:07.516,45.3800,20
49687516781886,13:48:07.516,45.3800,70
49700208124588,13:48:20.208,45.4000,12
49700208131736,13:48:20.208,45.4000,80
49733614948550,13:48:53.614,45.4200,100
49738004522438,13:48:58.004,45.4200,1
49738004522438,13:48:58.004,45.4200,75
49738004590899,13:48:58.004,45.4200,1
49738004615112,13:48:58.004,45.4200,1
49738004936089,13:48:58.004,45.4200,23
49738004936089,13:48:58.004,45.4200,2
49738004938428,13:48:58.004,45.4200,25
49738005033848,13:48:58.005,45.4200,73
49760590085495,13:49:20.590,45.4300,100
49760590541142,13:49:20.590,45.4300,100
49760590548509,13:49:20.590,45.4300,13
49760590627511,13:49:20.590,45.4300,100
49760590659794,13:49:20.590,45.4300,100
49760590790909,13:49:20.590,45.4300,87
49760590790909,13:49:20.590,45.4400,13
49760591192876,13:49:20.591,45.4400,87
49760591192876,13:49:20.591,45.4400,100
49760591238579,13:49:20.591,45.4400,100
49762861312498,13:49:22.861,45.4500,100
49763361467684,13:49:23.361,45.4550,100
49853973573939,13:50:53.973,45.4900,10
49885162798444,13:51:25.162,45.4900,1
49885801369477,13:51:25.801,45.4600,100
49935176524373,13:52:15.176,45.4400,100
49976416604292,13:52:56.416,45.4400,100
49982170287650,13:53:02.170,45.4600,100
49982170358914,13:53:02.170,45.4600,9
49991536205213,13:53:11.536,45.4500,100
49991536644345,13:53:11.536,45.4500,1
50058222245633,13:54:18.222,45.4700,100
50058224333089,13:54:18.224,45.4700,100
50058427649752,13:54:18.427,45.4700,100
50103335043201,13:55:03.335,45.4400,100
50103335043201,13:55:03.335,45.4400,100
50103335043201,13:55:03.335,45.4400,100
50103335043201,13:55:03.335,45.4400,1
50103335095535,13:55:03.335,45.4400,100
50103335113711,13:55:03.335,45.4400,14
50103335113711,13:55:03.335,45.4300,100
50103335113711,13:55:03.335,45.4300,86
50103335123235,13:55:03.335,45.4300,14
50103335123235,13:55:03.335,45.4300,86
50103335142531,13:55:03.335,45.4300,100
50103335175199,13:55:03.335,45.4300,100
50103335184380,13:55:03.335,45.4300,186
50103335193478,13:55:03.335,45.4300,28
50103335193478,13:55:03.335,45.4300,72
50103335214934,13:55:03.335,45.4300,28
50113749201490,13:55:13.749,45.4400,8
50113749214020,13:55:13.749,45.4400,32
50113749214020,13:55:13.749,45.4400,60
50113749214020,13:55:13.749,45.4500,8
50127835944242,13:55:27.835,45.4400,100
50127836006267,13:55:27.836,45.4400,77
50127842078522,13:55:27.842,45.4400,23
50149223188599,13:55:49.223,45.4300,100
50155001072419,13:55:55.001,45.4200,20
50155001072419,13:55:55.001,45.4200,4
50155001180280,13:55:55.001,45.4200,1
50156098321092,13:55:56.098,45.4100,5
50156098321092,13:55:56.098,45.4100,95
50156098390256,13:55:56.098,45.4100,5
50156098416537,13:55:56.098,45.4100,1
50156098509825,13:55:56.098,45.4100,24
50156098574335,13:55:56.098,45.4100,75
50220768353623,13:57:00.768,45.4300,100
50220773900062,13:57:00.773,45.4400,100
50239052780685,13:57:19.052,45.4500,70
50239052792864,13:57:19.052,45.4500,30
50241250388155,13:57:21.250,45.4500,29
50241250388155,13:57:21.250,45.4400,71
50304781549199,13:58:24.781,45.4200,1
50304782851741,13:58:24.782,45.4100,100
50304782946934,13:58:24.782,45.4100,83
50304782961570,13:58:24.782,45.4100,17
50304783292992,13:58:24.783,45.4000,100
50304783292992,13:58:24.783,45.4000,37
50304783308299,13:58:24.783,45.4000,63
50304886384282,13:58:24.886,45.4000,68
50330797542181,13:58:50.797,45.3900,5
50330797542181,13:58:50.797,45.3900,95
50330797598533,13:58:50.797,45.3900,5
50330797653623,13:58:50.797,45.3900,100
50337000874641,13:58:57.000,45.3700,20
50337000874641,13:58:57.000,45.3600,100
50337000874641,13:58:57.000,45.3600,2
50337000874641,13:58:57.000,45.3600,3
50337001703242,13:58:57.001,45.3500,100
50403200382931,14:00:03.200,45.4200,200
50403200976812,14:00:03.200,45.4400,100
50403200978043,14:00:03.200,45.4400,100
50403201026379,14:00:03.201,45.4400,55
50403275801193,14:00:03.275,45.4200,4
50406744830161,14:00:06.744,45.4400,27
50406744850061,14:00:06.744,45.4400,54
50406744859953,14:00:06.744,45.4400,19
50406744859953,14:00:06.744,45.4500,81
50407977768257,14:00:07.977,45.4500,19
50407977768257,14:00:07.977,45.4500,21
50407977803370,14:00:07.977,45.4500,79
50407977803370,14:00:07.977,45.4500,47
50407977832233,14:00:07.977,45.4500,53
50407977832233,14:00:07.977,45.4500,55
50407977839400,14:00:07.977,45.4500,45
50408990514082,14:00:08.990,45.4500,21
50408990514082,14:00:08.990,45.4500,20
50408993779974,14:00:08.993,45.4500,41
50409740159366,14:00:09.740,45.4600,100
50409740194052,14:00:09.740,45.4600,55
50409740891390,14:00:09.740,45.4700,45
50434948507817,14:00:34.948,45.4600,100
50444359004408,14:00:44.359,45.5000,1
50462754108186,14:01:02.754,45.5000,100
50485321884627,14:01:25.321,45.5000,100
50512608859839,14:01:52.608,45.5000,100
50537834388532,14:02:17.834,45.4800,100
50537834388532,14:02:17.834,45.4800,100
50537834588180,14:02:17.834,45.4800,1
50537834588180,14:02:17.834,45.4800,100
50537834588180,14:02:17.834,45.4700,100
50537835214364,14:02:17.835,45.4700,100
50565813677204,14:02:45.813,45.4800,100
50568324295224,14:02:48.324,45.5200,100
50599976580202,14:03:19.976,45.5400,100
50599976641568,14:03:19.976,45.5400,6
50600159969999,14:03:20.159,45.5400,94
50600159969999,14:03:20.159,45.5400,6
50600162974481,14:03:20.162,45.5400,94
50608605355096,14:03:28.605,45.5400,100
50610197183802,14:03:30.197,45.5600,100
50614750899751,14:03:34.750,45.5600,9
50614750899751,14:03:34.750,45.5600,91
50614750938237,14:03:34.750,45.5600,9
50615081907944,14:03:35.081,45.5700,100
50620911631393,14:03:40.911,45.5700,200
50620912309628,14:03:40.912,45.5700,100
50620912309628,14:03:40.912,45.5700,200
50625537120009,14:03:45.537,45.5700,100
50626153939369,14:03:46.153,45.5800,15
50631517955717,14:03:51.517,45.5700,100
50631518033334,14:03:51.518,45.5700,2
50631518039710,14:03:51.518,45.5700,98
50631518039710,14:03:51.518,45.5700,2
50631518067484,14:03:51.518,45.5700,80
50631518069840,14:03:51.518,45.5700,6
50631549124509,14:03:51.549,45.5600,100
50631549185096,14:03:51.549,45.5600,12
50637098154426,14:03:57.098,45.5600,100
50649061012699,14:04:09.061,45.6000,73
50649061012699,14:04:09.061,45.6000,27
50657707418423,14:04:17.707,45.6000,200
50657707451658,14:04:17.707,45.6000,21
50657707472558,14:04:17.707,45.6000,52
50657707472558,14:04:17.707,45.6000,48
50657707536975,14:04:17.707,45.6000,52
50657707536975,14:04:17.707,45.6000,7
50657707536975,14:04:17.707,45.6000,41
50657707540142,14:04:17.707,45.6000,40
50657707545161,14:04:17.707,45.6000,19
50657707545161,14:04:17.707,45.6000,81
50657707553301,14:04:17.707,45.6000,219
50657707553301,14:04:17.707,45.6000,100
50657707553301,14:04:17.707,45.6000,140
50657707554305,14:04:17.707,45.6000,300
50657707573227,14:04:17.707,45.6000,100
50657707600125,14:04:17.707,45.6000,319
50657778218891,14:04:17.778,45.6000,100
50662305351356,14:04:22.305,45.5800,100
50662305351356,14:04:22.305,45.5800,1
50662305421806,14:04:22.305,45.5700,100
50662305421806,14:04:22.305,45.5700,100
50662305450397,14:04:22.305,45.5700,200
50662305889001,14:04:22.305,45.5700,200
50662305942268,14:04:22.305,45.5600,100
50662306967825,14:04:22.306,45.5550,100
50662306967825,14:04:22.306,45.5500,8
50669158452323,14:04:29.158,45.5900,100
50669158452323,14:04:29.158,45.5900,200
50669158452323,14:04:29.158,45.5900,100
50685978761059,14:04:45.978,45.5700,100
50686512854629,14:04:46.512,45.5900,100
50686512854629,14:04:46.512,45.5900,100
50686512912698,14:04:46.512,45.6000,100
50690983194511,14:04:50.983,45.6000,100
50690983194511,14:04:50.983,45.6000,100
50690983194511,14:04:50.983,45.6000,100
50708334783485,14:05:08.334,45.6000,100
50708334783485,14:05:08.334,45.6000,100
50708334783485,14:05:08.334,45.6000,96
50711022829521,14:05:11.022,45.5800,100
50711343751102,14:05:11.343,45.5800,100
50711407471085,14:05:11.407,45.5900,200
50711407971537,14:05:11.407,45.5800,100
50711409287037,14:05:11.409,45.5800,34
50711608386938,14:05:11.608,45.5800,5
50711608409700,14:05:11.608,45.5800,2
50714730881726,14:05:14.730,45.5900,100
50715712130699,14:05:15.712,45.5900,100
50717397940547,14:05:17.397,45.5800,93
50717397940547,14:05:17.397,45.5800,100
50718411755087,14:05:18.411,45.5700,100
50718412173628,14:05:18.412,45.5700,1
50718412224309,14:05:18.412,45.5700,99
50718412275732,14:05:18.412,45.5700,100
50718412275732,14:05:18.412,45.5700,24
50732019137574,14:05:32.019,45.5600,100
50732019137574,14:05:32.019,45.5600,100
50732019185325,14:05:32.019,45.5600,100
50732019214538,14:05:32.019,45.5600,200
50732019220125,14:05:32.019,45.5600,100
50732019227896,14:05:32.019,45.5600,200
50759246218721,14:05:59.246,45.5700,100
50783423879017,14:06:23.423,45.5700,100
50783423879017,14:06:23.423,45.5700,100
50783423921300,14:06:23.423,45.5700,19
50783423924836,14:06:23.423,45.5700,81
50783423924836,14:06:23.423,45.5700,19
50783423927592,14:06:23.423,45.5700,41
50783423928046,14:06:23.423,45.5700,100
50783423951035,14:06:23.423,45.5700,25
50783423991168,14:06:23.423,45.5700,100
50783424018735,14:06:23.424,45.5700,100
50783424063081,14:06:23.424,45.5700,100
50783424320992,14:06:23.424,45.5700,100
50783424403185,14:06:23.424,45.5700,100
50783424403185,14:06:23.424,45.5700,20
50818321095532,14:06:58.321,45.5900,48
50818321126999,14:06:58.321,45.5900,52
50819467900906,14:06:59.467,45.5800,100
50819467942216,14:06:59.467,45.5800,100
50819467942216,14:06:59.467,45.5800,1
50819468057954,14:06:59.468,45.5800,100
50819468358803,14:06:59.468,45.5700,10
50821738041052,14:07:01.738,45.5600,100
50832846725647,14:07:12.846,45.5500,27
50832883141986,14:07:12.883,45.5300,200
50832883179125,14:07:12.883,45.5300,11
50832883197512,14:07:12.883,45.5300,100
50832883207366,14:07:12.883,45.5300,100
50832883389594,14:07:12.883,45.5300,89
50834579723824,14:07:14.579,45.5200,5
50834579723824,14:07:14.579,45.5200,10
50898027554451,14:08:18.027,45.5100,20
50898027554451,14:08:18.027,45.5100,5
50898027667739,14:08:18.027,45.5000,5
50898027667739,14:08:18.027,45.5000,95
50898027740010,14:08:18.027,45.5000,5
50898027740010,14:08:18.027,45.5000,34
50898028105875,14:08:18.028,45.5000,39
50900895900279,14:08:20.895,45.5200,100
50943909897173,14:09:03.909,45.5400,21
50943909929528,14:09:03.909,45.5400,41
50943909942421,14:09:03.909,45.5400,38
50943909942421,14:09:03.909,45.5400,62
50943909949632,14:09:03.909,45.5400,38
50943909949632,14:09:03.909,45.5400,28
50943909974986,14:09:03.909,45.5400,40
50943909994317,14:09:03.909,45.5400,32
50957267433170,14:09:17.267,45.5500,100
50957267433170,14:09:17.267,45.5500,200
50957267493242,14:09:17.267,45.5500,59
50957267708160,14:09:17.267,45.5500,141
50988112782562,14:09:48.112,45.5300,50
50988112782562,14:09:48.112,45.5200,50
50988112826604,14:09:48.112,45.5200,50
50988112826604,14:09:48.112,45.5200,1
50988112826604,14:09:48.112,45.5200,100
51054271978852,14:10:54.271,45.5600,100
51062225202755,14:11:02.225,45.5700,100
51062225240796,14:11:02.225,45.5700,100
51062225268952,14:11:02.225,45.5700,100
51062225913840,14:11:02.225,45.5700,2
51065125922331,14:11:05.125,45.5700,98
51065125922331,14:11:05.125,45.5700,100
51067488921907,14:11:07.488,45.5800,100
51082685973259,14:11:22.685,45.5800,100
51088973396112,14:11:28.973,45.5800,100
51088975146685,14:11:28.975,45.5900,2
51088975444363,14:11:28.975,45.5900,98
51088975444363,14:11:28.975,45.5900,2
51088975523744,14:11:28.975,45.5900,98
51088975523744,14:11:28.975,45.5900,2
51093227662917,14:11:33.227,45.5900,98
51093227662917,14:11:33.227,45.5900,2
51122193272956,14:12:02.193,45.6000,300
51122193272956,14:12:02.193,45.6000,100
51122193272956,14:12:02.193,45.6000,100
51122193392386,14:12:02.193,45.6000,100
51122315268270,14:12:02.315,45.6000,200
51122315298752,14:12:02.315,45.6000,20
51122315325450,14:12:02.315,45.6000,38
51122316223051,14:12:02.316,45.6000,42
51122316223051,14:12:02.316,45.6000,100
51122316223051,14:12:02.316,45.6000,300
51122316223051,14:12:02.316,45.6000,2641
51122316223051,14:12:02.316,45.6000,100
51123022493162,14:12:03.022,45.6200,100
51126103176130,14:12:06.103,45.6150,200
51130552556913,14:12:10.552,45.6150,200
51130552556913,14:12:10.552,45.6150,100
51131858573019,14:12:11.858,45.6100,32
51131858573019,14:12:11.858,45.6100,100
51131858573019,14:12:11.858,45.6100,68
51131858615448,14:12:11.858,45.6100,32
51131858615448,14:12:11.858,45.6100,1
51131858615448,14:12:11.858,45.6100,37
51131858615448,14:12:11.858,45.6100,100
51131858615448,14:12:11.858,45.6100,30
51131858710993,14:12:11.858,45.6100,100
51131868602677,14:12:11.868,45.6000,200
51131910664380,14:12:11.910,45.6000,200
51131911099620,14:12:11.911,45.6000,100
51131911099620,14:12:11.911,45.6000,70
51132260599394,14:12:12.260,45.6000,100
51151372402042,14:12:31.372,45.6000,100
51157379537495,14:12:37.379,45.6200,100
51166542809475,14:12:46.542,45.6400,100
51166543256964,14:12:46.543,45.6400,50
51212865925238,14:13:32.865,45.6200,100
51212865987046,14:13:32.865,45.6200,100
51212973497808,14:13:32.973,45.6000,19
51212973497808,14:13:32.973,45.6000,81
51241946784441,14:14:01.946,45.6000,19
51241946784441,14:14:01.946,45.6000,81
51257021568611,14:14:17.021,45.6300,100
51257064783600,14:14:17.064,45.6400,200
51258842566266,14:14:18.842,45.6400,100
51258842623025,14:14:18.842,45.6400,100
51258987976022,14:14:18.987,45.6300,100
51258997896023,14:14:18.997,45.6300,300
51272128331620,14:14:32.128,45.6400,500
51272130092942,14:14:32.130,45.6500,100
51272130268909,14:14:32.130,45.6500,300
51272633530784,14:14:32.633,45.6500,100
51291943473140,14:14:51.943,45.6800,100
51291948682234,14:14:51.948,45.6900,100
51300188378343,14:15:00.188,45.6600,1
51300188378343,14:15:00.188,45.6600,99
51300188619711,14:15:00.188,45.6600,1
51300188619711,14:15:00.188,45.6600,99
51302946924695,14:15:02.946,45.6100,100
51302946924695,14:15:02.946,45.6100,67
51302947166069,14:15:02.947,45.6200,100
51302952833672,14:15:02.952,45.6100,33
51303070304791,14:15:03.070,45.6400,37
51330734361186,14:15:30.734,45.6300,100
51330734418414,14:15:30.734,45.6300,100
51331828097104,14:15:31.828,45.6300,100
51363336957463,14:16:03.336,45.6400,100
51371836209595,14:16:11.836,45.6500,100
51382554531665,14:16:22.554,45.6500,100
51384841336023,14:16:24.841,45.6700,68
51384841843239,14:16:24.841,45.6700,32
51384841843239,14:16:24.841,45.6700,68
51384841907028,14:16:24.841,45.6700,32
51384841907028,14:16:24.841,45.6700,68
51384841912090,14:16:24.841,45.6700,32
51384841912090,14:16:24.841,45.6700,68
51384841974400,14:16:24.841,45.6700,32
51384841974400,14:16:24.841,45.6900,68
51384842042409,14:16:24.842,45.6900,32
51384842115074,14:16:24.842,45.6700,200
51384842128073,14:16:24.842,45.7000,100
51384842128073,14:16:24.842,45.7000,100
51384842181116,14:16:24.842,45.6800,100
51384842184062,14:16:24.842,45.7000,100
51391054700390,14:16:31.054,45.6600,100
51391054700390,14:16:31.054,45.6600,1
51391054700390,14:16:31.054,45.6600,99
51391054747567,14:16:31.054,45.6600,1
51391054747567,14:16:31.054,45.6600,1
51391054784307,14:16:31.054,45.6600,1
51391054788924,14:16:31.054,45.6600,98
51391054788924,14:16:31.054,45.6600,2
51391054797580,14:16:31.054,45.6600,98
51391054797580,14:16:31.054,45.6600,2
51391054922798,14:16:31.054,45.6600,98
51391054922798,14:16:31.054,45.6400,2
51391054933213,14:16:31.054,45.6400,98
51391070111656,14:16:31.070,45.6600,37
51392063062820,14:16:32.063,45.6400,98
51429663717149,14:17:09.663,45.6800,100
51429663753776,14:17:09.663,45.6800,100
51429663841096,14:17:09.663,45.6800,27
51429663946146,14:17:09.663,45.6800,100
51436764188372,14:17:16.764,45.6600,100
51437079788110,14:17:17.079,45.6500,260
51437079801421,14:17:17.079,45.6500,92
51437079803929,14:17:17.079,45.6500,148
51437079803929,14:17:17.079,45.6500,100
51437079803929,14:17:17.079,45.6500,200
51437079803929,14:17:17.079,45.6500,100
51442107110733,14:17:22.107,45.6500,100
51477188689023,14:17:57.188,45.6600,100
51477188689023,14:17:57.188,45.6700,100
51583933355260,14:19:43.933,45.6500,40
51583933369701,14:19:43.933,45.6500,60
51583933369701,14:19:43.933,45.6500,31
51583933435188,14:19:43.933,45.6500,100
51583933483543,14:19:43.933,45.6500,40
51584629850186,14:19:44.629,45.6400,100
51585171931301,14:19:45.171,45.6300,1
51585173382086,14:19:45.173,45.6100,34
51619484768320,14:20:19.484,45.6000,100
51619484826491,14:20:19.484,45.6000,37
51619484826491,14:20:19.484,45.6000,63
51619484827390,14:20:19.484,45.6000,37
51619484875129,14:20:19.484,45.5900,100
51652223306371,14:20:52.223,45.5800,100
51654690441464,14:20:54.690,45.5900,100
51654700310224,14:20:54.700,45.5900,37
51674077352451,14:21:14.077,45.5900,63
51674077352451,14:21:14.077,45.5900,37
51676896899830,14:21:16.896,45.5900,63
51676896899830,14:21:16.896,45.5900,100
51676896899830,14:21:16.896,45.5900,37
51676896964077,14:21:16.896,45.5900,1
51677023752053,14:21:17.023,45.5900,62
51677023752053,14:21:17.023,45.5900,100
51677023816640,14:21:17.023,45.5900,100
51698326898649,14:21:38.326,45.6100,1
51717613428217,14:21:57.613,45.6400,100
51717613428217,14:21:57.613,45.6400,200
51717613428217,14:21:57.613,45.6500,400
51717613428217,14:21:57.613,45.6500,100
51717613428217,14:21:57.613,45.6500,100
51717628505969,14:21:57.628,45.6600,100
51717628958480,14:21:57.628,45.6700,100
51723778558582,14:22:03.778,45.6700,100
51723778558582,14:22:03.778,45.6700,200
51723778972230,14:22:03.778,45.6800,100
51723778972230,14:22:03.778,45.6800,100
51723779065820,14:22:03.779,45.6800,100
51755807061832,14:22:35.807,45.6600,33
51759101172101,14:22:39.101,45.6500,81
51759101710034,14:22:39.101,45.6500,40
51759109848021,14:22:39.109,45.6500,200
51759112706845,14:22:39.112,45.6500,84
51759112706845,14:22:39.112,45.6500,116
51759112968498,14:22:39.112,45.6500,200
51759131372415,14:22:39.131,45.6500,84
51774000053547,14:22:54.000,45.6800,200
51774000053547,14:22:54.000,45.6900,100
51774000053547,14:22:54.000,45.6900,100
51774000053547,14:22:54.000,45.6900,100
51774000053547,14:22:54.000,45.6900,100
51774002238038,14:22:54.002,45.7000,100
51774002238038,14:22:54.002,45.7000,100
51779009285114,14:22:59.009,45.6500,100
51779009285114,14:22:59.009,45.6500,1
51779009285114,14:22:59.009,45.6500,99
51779009501381,14:22:59.009,45.6500,1
51779009501381,14:22:59.009,45.6500,99
51779009552530,14:22:59.009,45.6500,1
51779009552530,14:22:59.009,45.6500,99
51779011510122,14:22:59.011,45.6500,100
51779011512566,14:22:59.011,45.6400,200
51779011546920,14:22:59.011,45.6400,121
51779011553642,14:22:59.011,45.6400,100
51779011574394,14:22:59.011,45.6400,79
51779011574394,14:22:59.011,45.6400,121
51779011586959,14:22:59.011,45.6400,77
51782563955605,14:23:02.563,45.6400,100
51786287203891,14:23:06.287,45.6400,100
51794514226725,14:23:14.514,45.6500,100
51794514226725,14:23:14.514,45.6500,100
51794514277326,14:23:14.514,45.6500,100
51794514347035,14:23:14.514,45.6500,100
51794514357865,14:23:14.514,45.6500,100
51794514922300,14:23:14.514,45.6500,100
51794517864352,14:23:14.517,45.6500,100
51803806897344,14:23:23.806,45.6500,100
51803806897344,14:23:23.806,45.6500,100
51803809627335,14:23:23.809,45.6500,100
51803810452193,14:23:23.810,45.6500,25
51803810452193,14:23:23.810,45.6500,75
51803810718117,14:23:23.810,45.6500,25
51803827743721,14:23:23.827,45.6500,100
51803829871811,14:23:23.829,45.6500,100
51803844974373,14:23:23.844,45.6500,100
51803866088786,14:23:23.866,45.6500,100
51803888135317,14:23:23.888,45.6500,100
51821548055027,14:23:41.548,45.6200,25
51821548055027,14:23:41.548,45.6200,100
51821548055027,14:23:41.548,45.6100,9
51821548055027,14:23:41.548,45.6100,100
51821548055027,14:23:41.548,45.6100,57
51821548102391,14:23:41.548,45.6100,16
51821548517342,14:23:41.548,45.6100,27
51821548548783,14:23:41.548,45.6200,5
51821548640003,14:23:41.548,45.6000,100
51821811617949,14:23:41.811,45.5900,296
51821811618592,14:23:41.811,45.5900,121
51821811625459,14:23:41.811,45.5900,41
51821811626721,14:23:41.811,45.5900,9
51821811631223,14:23:41.811,45.5900,33
51823260682509,14:23:43.260,45.5700,5
51850618446263,14:24:10.618,45.5700,47
51850618446263,14:24:10.618,45.5700,53
51850618504800,14:24:10.618,45.5700,47
51850618504800,14:24:10.618,45.5700,53
51865169032149,14:24:25.169,45.5700,47
51868495967931,14:24:28.495,45.5900,200
51868495967931,14:24:28.495,45.6000,100
51868497524504,14:24:28.497,45.6000,100
51868498117702,14:24:28.498,45.5800,37
51868498521614,14:24:28.498,45.5800,63
51868499211519,14:24:28.499,45.5800,3
51868947529286,14:24:28.947,45.5600,200
51868947565275,14:24:28.947,45.5600,40
51868947582904,14:24:28.947,45.5600,100
51868947597820,14:24:28.947,45.5600,160
51874997158744,14:24:34.997,45.5500,100
51874997650607,14:24:34.997,45.5500,100
51874997650607,14:24:34.997,45.5500,10
51874997700865,14:24:34.997,45.5500,5
51874998161652,14:24:34.998,45.5500,100
51874998274446,14:24:34.998,45.5500,100
51874998375921,14:24:34.998,45.5500,100
51874998375921,14:24:34.998,45.5500,100
51875003357610,14:24:35.003,45.5500,100
51875003534329,14:24:35.003,45.5500,100
51875003693746,14:24:35.003,45.5500,195
51880905874016,14:24:40.905,45.6000,100
51880905874016,14:24:40.905,45.6000,200
51880905972078,14:24:40.905,45.6000,100
51880906004773,14:24:40.906,45.6000,100
51880906075834,14:24:40.906,45.6000,100
51880906110314,14:24:40.906,45.6000,100
51880906110314,14:24:40.906,45.6000,100
51880906176731,14:24:40.906,45.6000,100
51880906379289,14:24:40.906,45.6000,81
51880906391541,14:24:40.906,45.6000,19
51880906391541,14:24:40.906,45.6000,81
51881836209043,14:24:41.836,45.6000,19
51888691831856,14:24:48.691,45.5700,200
51888691831856,14:24:48.691,45.5600,500
51888691831856,14:24:48.691,45.5600,100
51888693918366,14:24:48.693,45.5400,100
51895313671639,14:24:55.313,45.5800,100
51895313671639,14:24:55.313,45.5900,200
51895313671639,14:24:55.313,45.5900,100
51895313671639,14:24:55.313,45.6000,200
51895313671639,14:24:55.313,45.6000,100
51896677960207,14:24:56.677,45.5800,100
51900845546616,14:25:00.845,45.5600,100
51900845643028,14:25:00.845,45.5500,100
51900845669723,14:25:00.845,45.5500,100
51900846000067,14:25:00.846,45.5500,100
51900846048559,14:25:00.846,45.5500,100
51900846055271,14:25:00.846,45.5500,100
51900846115619,14:25:00.846,45.5500,100
51900846314396,14:25:00.846,45.5500,100
51900850897596,14:25:00.850,45.5500,28
51901612452729,14:25:01.612,45.5500,72
51901612452729,14:25:01.612,45.5500,100
51906132284357,14:25:06.132,45.5500,200
51906132284357,14:25:06.132,45.5500,500
51906132468318,14:25:06.132,45.5500,200
51906132554201,14:25:06.132,45.5500,200
51906301151366,14:25:06.301,45.5500,100
51909752107566,14:25:09.752,45.5300,1
51914365563851,14:25:14.365,45.5500,100
51914365667370,14:25:14.365,45.5500,100
51914365670101,14:25:14.365,45.5500,100
51914365890150,14:25:14.365,45.5500,100
51914389821323,14:25:14.389,45.5600,100
51914389821323,14:25:14.389,45.5600,100
51967769419567,14:26:07.769,45.5600,100
51967769419567,14:26:07.769,45.5500,100
51967769476852,14:26:07.769,45.5500,100
51967769479893,14:26:07.769,45.5500,100
51967769494482,14:26:07.769,45.5500,47
51967769494482,14:26:07.769,45.5500,100
51967769494482,14:26:07.769,45.5500,53
51967769581229,14:26:07.769,45.5500,100
51967769594763,14:26:07.769,45.5500,100
51967769671439,14:26:07.769,45.5500,100
51994126547747,14:26:34.126,45.5200,500
51994128309850,14:26:34.128,45.5000,100
51994577864689,14:26:34.577,45.5000,100
51994577864689,14:26:34.577,45.5000,199
52043688467198,14:27:23.688,45.5000,100
52043688467198,14:27:23.688,45.5000,100
52043688528433,14:27:23.688,45.5000,100
52066913057027,14:27:46.913,45.5300,100
52066913057027,14:27:46.913,45.5400,300
52066913057027,14:27:46.913,45.5400,300
52066913159407,14:27:46.913,45.5400,100
52066914311729,14:27:46.914,45.5400,100
52066914362360,14:27:46.914,45.5400,100
52066914374161,14:27:46.914,45.5400,100
52066914413319,14:27:46.914,45.5400,100
52066914428111,14:27:46.914,45.5400,100
52066914442730,14:27:46.914,45.5400,100
52066914461074,14:27:46.914,45.5400,100
52066914476209,14:27:46.914,45.5400,100
52066914492516,14:27:46.914,45.5400,100
52066914528647,14:27:46.914,45.5400,100
52066914528647,14:27:46.914,45.5400,100
52066915246878,14:27:46.915,45.5400,21
52066931685671,14:27:46.931,45.5400,70
52066939615985,14:27:46.939,45.5400,130
52069510476604,14:27:49.510,45.5100,100
52069510476604,14:27:49.510,45.5000,100
52069510476604,14:27:49.510,45.5000,1
52069510476604,14:27:49.510,45.5000,100
52069512104732,14:27:49.512,45.4900,100
52069512156068,14:27:49.512,45.4900,100
52069512169372,14:27:49.512,45.4900,100
52069512804995,14:27:49.512,45.4900,100
52069512855077,14:27:49.512,45.4800,100
52104058655208,14:28:24.058,45.4200,52
52111987660628,14:28:31.987,45.4400,100
52111987660628,14:28:31.987,45.4400,100
52111987660628,14:28:31.987,45.4500,400
52134371566718,14:28:54.371,45.4700,100
52134371566718,14:28:54.371,45.4700,100
52137990929340,14:28:57.990,45.4500,100
52137991572194,14:28:57.991,45.4500,200
52137991572194,14:28:57.991,45.4500,200
52142945324022,14:29:02.945,45.4100,100
52148260953300,14:29:08.260,45.4500,200
52148260953300,14:29:08.260,45.4500,400
52178248377971,14:29:38.248,45.4800,1
52178248962997,14:29:38.248,45.4900,100
52178249025865,14:29:38.249,45.4900,100
52178249087954,14:29:38.249,45.4900,14
52178249119836,14:29:38.249,45.4900,86
52214085545378,14:30:14.085,45.5000,200
52214085545378,14:30:14.085,45.5000,100
52214085545378,14:30:14.085,45.5000,100
52214085545378,14:30:14.085,45.5000,100
52238485980476,14:30:38.485,45.4700,1
52245176542303,14:30:45.176,45.5000,100
52245176542303,14:30:45.176,45.5000,100
52258356363883,14:30:58.356,45.5000,100
52261113875557,14:31:01.113,45.4500,100
52261113875557,14:31:01.113,45.4500,100
52261144360638,14:31:01.144,45.4300,100
52261144360638,14:31:01.144,45.4300,18
52261144369118,14:31:01.144,45.4300,36
52261144406464,14:31:01.144,45.4300,200
52261144433573,14:31:01.144,45.4300,100
52261144437027,14:31:01.144,45.4300,100
52261144438226,14:31:01.144,45.4300,37
52261144470872,14:31:01.144,45.4300,9
52261145891628,14:31:01.145,45.4200,100
52261145925205,14:31:01.145,45.4200,200
52261146248521,14:31:01.146,45.4200,100
52261146284226,14:31:01.146,45.4200,100
52267001585025,14:31:07.001,45.4000,100
52267001698944,14:31:07.001,45.4000,1
52267002084574,14:31:07.002,45.4000,99
52267002093188,14:31:07.002,45.4000,88
52267002102570,14:31:07.002,45.4000,12
52267002277206,14:31:07.002,45.4000,100
52267002277206,14:31:07.002,45.4000,100
52278615059147,14:31:18.615,45.4200,9
52297443765287,14:31:37.443,45.4000,100
52297443820447,14:31:37.443,45.4000,100
52307713366885,14:31:47.713,45.4000,100
52310518400683,14:31:50.518,45.4000,100
52310518470590,14:31:50.518,45.4000,100
52318785018984,14:31:58.785,45.4200,372
52318785037388,14:31:58.785,45.4200,128
52318785037388,14:31:58.785,45.4200,72
52318785091718,14:31:58.785,45.4200,128
52318785113083,14:31:58.785,45.4200,1
52318785133401,14:31:58.785,45.4200,270
52318785152717,14:31:58.785,45.4200,2
52318785178707,14:31:58.785,45.4200,48
52318785210695,14:31:58.785,45.4200,3
52318785229401,14:31:58.785,45.4300,147
52318785244331,14:31:58.785,45.4300,73
52319785247273,14:31:59.785,45.4400,100
52333990706819,14:32:13.990,45.4500,75
52333990721922,14:32:13.990,45.4500,25
52333990721922,14:32:13.990,45.4500,75
52333990795543,14:32:13.990,45.4500,100
52333990812488,14:32:13.990,45.4500,100
52334749588425,14:32:14.749,45.4500,100
52334749708604,14:32:14.749,45.4500,100
52334749708604,14:32:14.749,45.4500,100
52334750805824,14:32:14.750,45.4500,100
52334750960585,14:32:14.750,45.4500,100
52334750960585,14:32:14.750,45.4500,100
52334750985909,14:32:14.750,45.4500,100
52334750985909,14:32:14.750,45.4500,25
52334751398054,14:32:14.751,45.4500,75
52334751398054,14:32:14.751,45.4500,100
52334758662128,14:32:14.758,45.4500,100
52355271509844,14:32:35.271,45.5000,5
52393016365792,14:33:13.016,45.4900,1
52427177159814,14:33:47.177,45.4700,85
52446131549310,14:34:06.131,45.4800,100
52460962686380,14:34:20.962,45.5000,100
52460964586245,14:34:20.964,45.5100,100
52460964586245,14:34:20.964,45.5100,200
52470329295454,14:34:30.329,45.5200,100
52470329295454,14:34:30.329,45.5200,46
52470329315043,14:34:30.329,45.5200,37
52470329708989,14:34:30.329,45.5200,17
52470329708989,14:34:30.329,45.5200,100
52470329720438,14:34:30.329,45.5200,73
52470329738135,14:34:30.329,45.5200,27
52470329738135,14:34:30.329,45.5200,100
52470329738135,14:34:30.329,45.5200,110
52470329748867,14:34:30.329,45.5200,10
52470329799215,14:34:30.329,45.5200,100
52470329805850,14:34:30.329,45.5200,100
52470329832508,14:34:30.329,45.5200,100
52470329912914,14:34:30.329,45.5200,27
52496876156043,14:34:56.876,45.5400,79
52496876156043,14:34:56.876,45.5400,21
52503356506491,14:35:03.356,45.5400,200
52503356540563,14:35:03.356,45.5400,79
52503356540563,14:35:03.356,45.5400,21
52503356569432,14:35:03.356,45.5400,79
52503356569432,14:35:03.356,45.5400,100
52503356569432,14:35:03.356,45.5400,21
52503356580082,14:35:03.356,45.5400,100
52503357722358,14:35:03.357,45.5400,79
52503357722358,14:35:03.357,45.5400,21
52503357806658,14:35:03.357,45.5400,79
52503357806658,14:35:03.357,45.5400,21
52503357839512,14:35:03.357,45.5400,46
52503358174653,14:35:03.358,45.5300,100
52503358174653,14:35:03.358,45.5300,37
52503358307707,14:35:03.358,45.5300,83
52503358322476,14:35:03.358,45.5300,17
52503358825942,14:35:03.358,45.5200,92
52503358857595,14:35:03.358,45.5200,200
52503358859335,14:35:03.358,45.5200,83
52503358862870,14:35:03.358,45.5200,125
52503358862870,14:35:03.358,45.5200,1
52503359939821,14:35:03.359,45.5000,200
52503360000591,14:35:03.360,45.5000,100
52503360148310,14:35:03.360,45.5000,100
52503406301293,14:35:03.406,45.5000,100
52518498217435,14:35:18.498,45.5200,100
52523387587154,14:35:23.387,45.5300,800
52523388731214,14:35:23.388,45.5400,33
52523388731214,14:35:23.388,45.5400,100
52523390677783,14:35:23.390,45.5500,100
52523390719797,14:35:23.390,45.5500,100
52523390821105,14:35:23.390,45.5600,100
52523391324989,14:35:23.391,45.5700,50
52523391324989,14:35:23.391,45.5700,50
52523391440776,14:35:23.391,45.5700,50
52523391563579,14:35:23.391,45.5800,3
52523392690007,14:35:23.392,45.5600,100
52528019439189,14:35:28.019,45.5500,200
52528019507333,14:35:28.019,45.5500,100
52528019561595,14:35:28.019,45.5500,100
52528019565973,14:35:28.019,45.5500,100
52564374679553,14:36:04.374,45.5200,100
52565235067249,14:36:05.235,45.5000,400
52565235106135,14:36:05.235,45.5000,42
52565235246373,14:36:05.235,45.5000,100
52565235276236,14:36:05.235,45.5000,400
52565235394542,14:36:05.235,45.5000,200
52565235405216,14:36:05.235,45.5000,266
52565235427424,14:36:05.235,45.5000,34
52565235450634,14:36:05.235,45.5000,500
52565235477038,14:36:05.235,45.5000,100
52565235524601,14:36:05.235,45.5000,257
52565235546971,14:36:05.235,45.5000,131
52565235589126,14:36:05.235,45.5000,112
52565235661061,14:36:05.235,45.5000,12
52565235686936,14:36:05.235,45.5000,476
52565286316164,14:36:05.286,45.5100,46
52565286372021,14:36:05.286,45.5100,100
52565286401968,14:36:05.286,45.5100,200
52565286401968,14:36:05.286,45.5100,16
52565286429248,14:36:05.286,45.5100,295
52565544511179,14:36:05.544,45.5100,100
52576004901187,14:36:16.004,45.5000,12
52576004901187,14:36:16.004,45.5000,500
52576004901187,14:36:16.004,45.5000,88
52576005038969,14:36:16.005,45.5000,184
52576005345263,14:36:16.005,45.5000,100
52576005738419,14:36:16.005,45.5000,100
52576386842744,14:36:16.386,45.5000,116
52576386842744,14:36:16.386,45.5000,100
52576386842744,14:36:16.386,45.5000,100
52576389276223,14:36:16.389,45.5000,316
52576389650865,14:36:16.389,45.4900,110
52576389653828,14:36:16.389,45.4900,57
52576389661496,14:36:16.389,45.4900,17
52576393124911,14:36:16.393,45.4900,67
52576393540593,14:36:16.393,45.4900,20
52576426750413,14:36:16.426,45.5000,100
52577171122362,14:36:17.171,45.5100,100
52577171161500,14:36:17.171,45.5100,100
52577171255466,14:36:17.171,45.5100,100
52577171672310,14:36:17.171,45.5100,100
52577171672310,14:36:17.171,45.5100,200
52577171865133,14:36:17.171,45.5100,100
52577171865133,14:36:17.171,45.5100,400
52577371750785,14:36:17.371,45.5000,100
52577371805100,14:36:17.371,45.5000,500
52577371805100,14:36:17.371,45.5000,72
52577372796298,14:36:17.372,45.5000,13
52577388383702,14:36:17.388,45.5000,87
52579103192100,14:36:19.103,45.5100,100
52579103225085,14:36:19.103,45.5100,100
52579103386192,14:36:19.103,45.5100,37
52579107235133,14:36:19.107,45.5100,163
52579107235133,14:36:19.107,45.5100,37
52579108597052,14:36:19.108,45.5100,200
52579749843645,14:36:19.749,45.5100,100
52617446240085,14:36:57.446,45.5100,100
52637406399396,14:37:17.406,45.5200,100
52637406435462,14:37:17.406,45.5200,100
52637406435462,14:37:17.406,45.5200,100
52637416030406,14:37:17.416,45.5100,35
52637416030406,14:37:17.416,45.5000,300
52637416030406,14:37:17.416,45.5000,100
52637540988336,14:37:17.540,45.5000,30
52637541679990,14:37:17.541,45.4900,13
52637541679990,14:37:17.541,45.4900,87
52637541795269,14:37:17.541,45.4900,13
52653784019911,14:37:33.784,45.5100,1
52676753903995,14:37:56.753,45.5100,1
52676754687507,14:37:56.754,45.4900,8
52676756952727,14:37:56.756,45.4800,100
52676758159731,14:37:56.758,45.4900,100
52710030951141,14:38:30.030,45.4800,47
52710031064052,14:38:30.031,45.4900,100
52710344939392,14:38:30.344,45.4600,100
52710385509783,14:38:30.385,45.4500,1
52710385509783,14:38:30.385,45.4500,10
52716045407407,14:38:36.045,45.4400,50
52716045407407,14:38:36.045,45.4400,50
52721558650319,14:38:41.558,45.4700,100
52721558682768,14:38:41.558,45.4700,100
52728227560213,14:38:48.227,45.5000,100
52755489190186,14:39:15.489,45.4600,200
52755489190186,14:39:15.489,45.4600,1
52755489191045,14:39:15.489,45.4600,99
52755489192899,14:39:15.489,45.4600,1
52755489199007,14:39:15.489,45.4500,73
52755490318079,14:39:15.490,45.4400,50
52755509404323,14:39:15.509,45.4300,10
52755509404323,14:39:15.509,45.4300,90
52755509479544,14:39:15.509,45.4300,10
52755509479544,14:39:15.509,45.4300,20
52755509479544,14:39:15.509,45.4300,70
52762918064158,14:39:22.918,45.4200,100
52762918124300,14:39:22.918,45.4200,100
52762918124300,14:39:22.918,45.4200,5
52762918124300,14:39:22.918,45.4200,95
52762918167734,14:39:22.918,45.4200,5
52763003169019,14:39:23.003,45.4100,2
52764045756943,14:39:24.045,45.4300,100
52764045756943,14:39:24.045,45.4400,100
52764045756943,14:39:24.045,45.4400,100
52764138056610,14:39:24.138,45.4600,100
52764255501412,14:39:24.255,45.4600,100
52764255504485,14:39:24.255,45.4600,100
52764337669526,14:39:24.337,45.4600,100
52767589817021,14:39:27.589,45.4600,100
52767589908560,14:39:27.589,45.4600,100
52767590006445,14:39:27.590,45.4600,100
52767590006445,14:39:27.590,45.4600,100
52767590006445,14:39:27.590,45.4600,100
52767590061753,14:39:27.590,45.4600,1
52767590709254,14:39:27.590,45.4600,100
52767737855596,14:39:27.737,45.4700,100
52891687350301,14:41:31.687,45.5100,100
52924003813568,14:42:04.003,45.5100,10
52924003876185,14:42:04.003,45.5100,99
52924003909555,14:42:04.003,45.5100,41
52924003909555,14:42:04.003,45.5100,100
52924003909555,14:42:04.003,45.5100,100
52924003909555,14:42:04.003,45.5100,70
52924003997198,14:42:04.003,45.5100,30
52924004849218,14:42:04.004,45.5150,200
52924004849218,14:42:04.004,45.5200,100
52924004880207,14:42:04.004,45.5200,18
52924004909613,14:42:04.004,45.5200,43
52924004940934,14:42:04.004,45.5200,13
52924006723091,14:42:04.006,45.5000,100
52924006723091,14:42:04.006,45.5000,100
52924013000332,14:42:04.013,45.4900,200
52924013036644,14:42:04.013,45.4900,131
52924013065373,14:42:04.013,45.4900,100
52938773189102,14:42:18.773,45.5100,100
52938776622136,14:42:18.776,45.5000,1
52952772921969,14:42:32.772,45.5000,45
52952772921969,14:42:32.772,45.5000,100
52952772921969,14:42:32.772,45.5000,155
52981062821576,14:43:01.062,45.5000,95
52981062871981,14:43:01.062,45.5000,5
52981062871981,14:43:01.062,45.5000,7
52981095924711,14:43:01.095,45.4900,100
