timestamp,time,price,volume
34200796934795,09:30:00.796,36.8800,1369
34514348074553,09:35:14.348,36.8000,124
34514348074553,09:35:14.348,36.8000,76
34514348102599,09:35:14.348,36.8000,24
34514348102599,09:35:14.348,36.8000,17
34584529740513,09:36:24.529,36.7500,9
34584529767708,09:36:24.529,36.7500,91
34584529767708,09:36:24.529,36.7500,100
34584530396343,09:36:24.530,36.7200,46
34584530406869,09:36:24.530,36.7200,101
34584530413871,09:36:24.530,36.7200,3
34603074542742,09:36:43.074,36.6700,13
34756346312157,09:39:16.346,36.7600,30
34771750720483,09:39:31.750,36.7900,15
34771750720483,09:39:31.750,36.8100,85
34771750746626,09:39:31.750,36.8100,15
34940470373280,09:42:20.470,36.6600,19
34991395207176,09:43:11.395,36.7100,25
34991395207176,09:43:11.395,36.7400,13
34991395207176,09:43:11.395,36.7400,22
34991395235765,09:43:11.395,36.7400,78
35159055443826,09:45:59.055,36.7600,92
35159055459082,09:45:59.055,36.7600,8
35265756340645,09:47:45.756,36.7300,19
35287346929838,09:48:07.346,36.7100,100
35287346929838,09:48:07.346,36.7100,100
35287346978895,09:48:07.346,36.7000,77
35287346984434,09:48:07.346,36.7000,23
35316462062131,09:48:36.462,36.7000,12
35330665166335,09:48:50.665,36.6500,92
35330665174909,09:48:50.665,36.6500,8
35400424216162,09:50:00.424,36.6500,100
35400424927896,09:50:00.424,36.6600,100
35400437716281,09:50:00.437,36.7000,88
35400437741429,09:50:00.437,36.6900,63
35470551735321,09:51:10.551,36.6900,100
35474087533086,09:51:14.087,36.7500,100
35510691990647,09:51:50.691,36.6600,69
35545364536081,09:52:25.364,36.6400,19
35761928389372,09:56:01.928,36.5600,1
35856307829058,09:57:36.307,36.6200,19
36012482827469,10:00:12.482,36.6200,6
36012482827469,10:00:12.482,36.6100,94
36077248576380,10:01:17.248,36.6800,100
36077248576380,10:01:17.248,36.6800,100
36117963543817,10:01:57.963,36.6200,100
36117963664758,10:01:57.963,36.6200,6
36117963664758,10:01:57.963,36.6200,38
36117963718291,10:01:57.963,36.6200,62
36117969334751,10:01:57.969,36.6200,100
36156763100324,10:02:36.763,36.5800,19
36160171035916,10:02:40.171,36.6200,100
36186830709579,10:03:06.830,36.5500,119
36338622805799,10:05:38.622,36.5900,300
36338622805799,10:05:38.622,36.5900,46
36338622824721,10:05:38.622,36.5900,54
36338622824721,10:05:38.622,36.5900,200
36367481940149,10:06:07.481,36.6600,77
36367481948112,10:06:07.481,36.6600,101
36367481951099,10:06:07.481,36.6600,22
36436578803925,10:07:16.578,36.6400,19
36697035661579,10:11:37.035,36.7000,72
36697035661579,10:11:37.035,36.7000,78
36697035711549,10:11:37.035,36.7000,22
36697035711549,10:11:37.035,36.7000,100
36697036117339,10:11:37.036,36.7000,100
36708354333220,10:11:48.354,36.7300,100
36708354378562,10:11:48.354,36.7300,100
36749425579015,10:12:29.425,36.7200,19
36922613309734,10:15:22.613,36.7200,55
36922613309734,10:15:22.613,36.7200,1
36922618325769,10:15:22.618,36.7100,100
36922618325769,10:15:22.618,36.7100,100
36922618328093,10:15:22.618,36.7100,113
36922622085635,10:15:22.622,36.7100,87
36922622463811,10:15:22.622,36.7100,24
36922622466567,10:15:22.622,36.7100,24
36922622525934,10:15:22.622,36.7100,10
36922622575254,10:15:22.622,36.7100,66
36922622575254,10:15:22.622,36.6900,34
37062815675653,10:17:42.815,36.6700,19
37108708652697,10:18:28.708,36.6600,100
37149238028145,10:19:09.238,36.6800,100
37150808575837,10:19:10.808,36.6800,100
37150808615408,10:19:10.808,36.6800,24
37150810218136,10:19:10.810,36.6800,100
37157495673681,10:19:17.495,36.6800,100
37356968363946,10:22:36.968,36.6600,19
37361393730926,10:22:41.393,36.6500,100
37366657749838,10:22:46.657,36.6500,100
37366657749838,10:22:46.657,36.6500,7
37366657749838,10:22:46.657,36.6500,100
37378235074308,10:22:58.235,36.6500,100
37378235074308,10:22:58.235,36.6500,10
37378244494639,10:22:58.244,36.6400,39
37378244508754,10:22:58.244,36.6400,61
37379283113128,10:22:59.283,36.6200,100
37379283113128,10:22:59.283,36.6200,40
37379283113128,10:22:59.283,36.6200,41
37379283113128,10:22:59.283,36.6200,10
37379283113128,10:22:59.283,36.6200,100
37379283945441,10:22:59.283,36.6200,100
37381158687768,10:23:01.158,36.6000,100
37381159862025,10:23:01.159,36.6100,81
37381160789807,10:23:01.160,36.6100,100
37381160794529,10:23:01.160,36.6200,100
37381189959401,10:23:01.189,36.6200,10
37382399151567,10:23:02.399,36.6200,100
37384191004442,10:23:04.191,36.6200,100
37414566908059,10:23:34.566,36.6300,8
37414566908059,10:23:34.566,36.6300,2
37435174185713,10:23:55.174,36.6300,10
37455774977910,10:24:15.774,36.6300,10
37478016274854,10:24:38.016,36.6300,100
37483423735534,10:24:43.423,36.6300,20
37483423761567,10:24:43.423,36.6300,258
37522861145788,10:25:22.861,36.6100,100
37522862640222,10:25:22.862,36.6100,100
37522863719559,10:25:22.863,36.6100,10
37522933786904,10:25:22.933,36.6100,100
37536278865977,10:25:36.278,36.6000,100
37536279097021,10:25:36.279,36.6000,100
37536279240733,10:25:36.279,36.6000,100
37536283873376,10:25:36.283,36.5700,100
37536327796704,10:25:36.327,36.5900,10
37636236240495,10:27:16.236,36.5600,20
37643134641262,10:27:23.134,36.5900,9
37658167222670,10:27:38.167,36.5900,92
37658167235336,10:27:38.167,36.5900,47
37658167237903,10:27:38.167,36.5900,95
37658167247270,10:27:38.167,36.5900,46
37658167248501,10:27:38.167,36.5900,20
37658167248501,10:27:38.167,36.5900,188
37658167251055,10:27:38.167,36.5900,12
37658172128295,10:27:38.172,36.5900,100
37705749837722,10:28:25.749,36.6300,30
37764020926652,10:29:24.020,36.6500,16
37946496903315,10:32:26.496,36.6500,100
37946497336451,10:32:26.497,36.6500,100
37946497357280,10:32:26.497,36.6500,100
37946511053202,10:32:26.511,36.6500,100
37946597160698,10:32:26.597,36.6500,10
37947400767182,10:32:27.400,36.6500,90
37963077330925,10:32:43.077,36.6400,19
37995910688462,10:33:15.910,36.6700,50
38001933683355,10:33:21.933,36.7000,100
38004115429054,10:33:24.115,36.7000,30
38013908525252,10:33:33.908,36.7000,100
38023554892444,10:33:43.554,36.7000,10
38031378226264,10:33:51.378,36.7000,16
38031378254594,10:33:51.378,36.7000,44
38031378254594,10:33:51.378,36.7000,16
38032206425971,10:33:52.206,36.7100,100
38032206750012,10:33:52.206,36.7100,100
38069636761861,10:34:29.636,36.7100,100
38069636761861,10:34:29.636,36.7100,88
38069636783329,10:34:29.636,36.7100,12
38069636784225,10:34:29.636,36.7100,12
38069636793775,10:34:29.636,36.7100,12
38069636794499,10:34:29.636,36.7100,12
38069636819056,10:34:29.636,36.7100,64
38069636819056,10:34:29.636,36.7100,36
38069636844689,10:34:29.636,36.7100,64
38069640722509,10:34:29.640,36.7000,100
38069641034011,10:34:29.641,36.6900,100
38069641034011,10:34:29.641,36.6900,93
38069802413318,10:34:29.802,36.6800,20
38074208828623,10:34:34.208,36.6700,2
38075266063764,10:34:35.266,36.6800,2
38075266088273,10:34:35.266,36.6800,98
38075266419394,10:34:35.266,36.6800,100
38134721236160,10:35:34.721,36.6700,25
38238188729008,10:37:18.188,36.6600,100
38238189008107,10:37:18.189,36.6600,60
38238189032412,10:37:18.189,36.6600,40
38238189033675,10:37:18.189,36.6600,40
38238189150390,10:37:18.189,36.6600,60
38255248812770,10:37:35.248,36.6500,100
38255249223798,10:37:35.249,36.6500,100
38255730879477,10:37:35.730,36.6100,19
38284095412170,10:38:04.095,36.6400,100
38284095412170,10:38:04.095,36.6400,41
38284095424135,10:38:04.095,36.6400,47
38284095427855,10:38:04.095,36.6400,200
38284095432633,10:38:04.095,36.6400,12
38284095747555,10:38:04.095,36.6600,100
38284142841860,10:38:04.142,36.6600,29
38328719168872,10:38:48.719,36.6600,71
38328719725555,10:38:48.719,36.6600,100
38328721106496,10:38:48.721,36.6600,100
38328721418716,10:38:48.721,36.6600,100
38328757647992,10:38:48.757,36.6800,34
38329452561964,10:38:49.452,36.6600,9
38506423030734,10:41:46.423,36.6400,100
38506470444930,10:41:46.470,36.6300,100
38554230650718,10:42:34.230,36.6600,100
38554230650718,10:42:34.230,36.6700,100
38554230650718,10:42:34.230,36.6700,100
38554818830278,10:42:34.818,36.6300,19
38650754879516,10:44:10.754,36.6700,65
38650754888878,10:44:10.754,36.6700,35
38650755237933,10:44:10.755,36.6700,94
38650755247065,10:44:10.755,36.6700,6
38657406057608,10:44:17.406,36.6800,6
38789711550994,10:46:29.711,36.7000,10
38898178780660,10:48:18.178,36.6600,10
38905698927330,10:48:25.698,36.6700,100
38905699238885,10:48:25.699,36.6700,100
38905699646500,10:48:25.699,36.6700,100
38905699883163,10:48:25.699,36.6700,100
38905699921640,10:48:25.699,36.6700,100
38905700343697,10:48:25.700,36.6600,100
38906469470754,10:48:26.469,36.6400,4
39022770789304,10:50:22.770,36.6800,100
39060424767273,10:51:00.424,36.6500,100
39060424767273,10:51:00.424,36.6600,300
39097243920066,10:51:37.243,36.6600,100
39097243920066,10:51:37.243,36.6600,48
39097244152042,10:51:37.244,36.6600,52
39097535018251,10:51:37.535,36.6600,100
39100623279834,10:51:40.623,36.6600,100
39107344947093,10:51:47.344,36.6700,100
39107344947093,10:51:47.344,36.6700,100
39107345178337,10:51:47.345,36.6700,12
39107345240320,10:51:47.345,36.6700,88
39107445698385,10:51:47.445,36.6700,100
39107469199616,10:51:47.469,36.6700,9
39107469235415,10:51:47.469,36.6700,91
39107469235415,10:51:47.469,36.6700,100
39107469235415,10:51:47.469,36.6700,100
39108889523860,10:51:48.889,36.6600,100
39110412228993,10:51:50.412,36.6600,100
39111263472617,10:51:51.263,36.6600,100
39131402944804,10:52:11.402,36.6500,3
39131405915743,10:52:11.405,36.6500,4
39144303608193,10:52:24.303,36.6500,19
39156610552893,10:52:36.610,36.6500,74
39156610552893,10:52:36.610,36.6500,6
39156610569803,10:52:36.610,36.6500,94
39156610569803,10:52:36.610,36.6500,56
39156610580962,10:52:36.610,36.6500,44
39156610580962,10:52:36.610,36.6500,100
39156610580962,10:52:36.610,36.6500,10
39156610580962,10:52:36.610,36.6500,150
39156610582200,10:52:36.610,36.6500,40
39156610582583,10:52:36.610,36.6500,10
39156611142980,10:52:36.611,36.6400,100
39156611169139,10:52:36.611,36.6400,100
39157310081323,10:52:37.310,36.6400,100
39157310081323,10:52:37.310,36.6400,100
39157310081323,10:52:37.310,36.6400,100
39169561676868,10:52:49.561,36.6300,100
39169561723805,10:52:49.561,36.6300,44
39175469277890,10:52:55.469,36.6300,9
39175469318138,10:52:55.469,36.6300,47
39175469318138,10:52:55.469,36.6300,44
39175469383630,10:52:55.469,36.6300,100
39269307622901,10:54:29.307,36.6500,9
39269307622901,10:54:29.307,36.6600,36
39269307706376,10:54:29.307,36.6600,64
39269307740804,10:54:29.307,36.6600,100
39269308047388,10:54:29.308,36.6600,50
39269308073040,10:54:29.308,36.6600,100
39269971897105,10:54:29.971,36.6600,10
39269971910565,10:54:29.971,36.6600,44
39269972371113,10:54:29.972,36.6600,46
39269972371113,10:54:29.972,36.6600,7
39279873927145,10:54:39.873,36.6700,91
39279874253982,10:54:39.874,36.6700,100
39279874500512,10:54:39.874,36.6700,100
39280006118551,10:54:40.006,36.6700,30
39280982593678,10:54:40.982,36.6800,9
39280982593678,10:54:40.982,36.6800,91
39280982649866,10:54:40.982,36.6800,9
39282261979451,10:54:42.261,36.6800,100
39293866697026,10:54:53.866,36.6900,100
39321947076818,10:55:21.947,36.6900,100
39322247480136,10:55:22.247,36.6900,100
39334812198714,10:55:34.812,36.6900,100
39334812198714,10:55:34.812,36.6900,100
39334812461127,10:55:34.812,36.7000,12
39335155510676,10:55:35.155,36.6900,100
39338247730442,10:55:38.247,36.7000,7
39339005877889,10:55:39.005,36.7000,8
39343130852691,10:55:43.130,36.7000,175
39344135990915,10:55:44.135,36.7000,100
39439126461015,10:57:19.126,36.6900,100
39439126461015,10:57:19.126,36.6900,100
39439126777707,10:57:19.126,36.6900,100
39439126779446,10:57:19.126,36.6900,100
39439158746226,10:57:19.158,36.6900,20
39457493616552,10:57:37.493,36.6800,19
39521187401366,10:58:41.187,36.7000,10
39601250593676,11:00:01.250,36.7000,2
39601250597318,11:00:01.250,36.7000,42
39601250754956,11:00:01.250,36.7000,46
39601250754956,11:00:01.250,36.7000,100
39601250754956,11:00:01.250,36.7000,200
39601251124282,11:00:01.251,36.7000,2
39601296483787,11:00:01.296,36.7000,1
39601342268371,11:00:01.342,36.7000,1
39612453570078,11:00:12.453,36.6900,100
39612453599942,11:00:12.453,36.6900,100
39612453707200,11:00:12.453,36.6900,96
39612453808864,11:00:12.453,36.6900,4
39624787524703,11:00:24.787,36.7000,100
39663480183588,11:01:03.480,36.7200,42
39664710382086,11:01:04.710,36.7200,58
39664710382086,11:01:04.710,36.7200,9
39724716583329,11:02:04.716,36.7300,100
39724716583329,11:02:04.716,36.7300,100
39724716673328,11:02:04.716,36.7400,100
39764040144581,11:02:44.040,36.7200,100
39764040144581,11:02:44.040,36.7200,100
39765036607562,11:02:45.036,36.7100,19
39765036635860,11:02:45.036,36.7100,81
39782101212125,11:03:02.101,36.7100,180
39807215028367,11:03:27.215,36.7300,1
39852026167818,11:04:12.026,36.7300,10
39855758350608,11:04:15.758,36.7600,10
39897043027167,11:04:57.043,36.7300,10
39938035910312,11:05:38.035,36.7600,1
40038588939848,11:07:18.588,36.7200,100
40053406899573,11:07:33.406,36.7100,100
40125288118180,11:08:45.288,36.7200,100
40125288118180,11:08:45.288,36.7200,200
40125288370166,11:08:45.288,36.7300,42
40125288371464,11:08:45.288,36.7300,28
40125288439314,11:08:45.288,36.7200,100
40125288791766,11:08:45.288,36.7300,30
40125288791766,11:08:45.288,36.7300,100
40125288791766,11:08:45.288,36.7300,200
40125288791766,11:08:45.288,36.7300,100
40125288793021,11:08:45.288,36.7300,100
40125288793021,11:08:45.288,36.7300,100
40125318687169,11:08:45.318,36.7400,100
40125369269386,11:08:45.369,36.7400,100
40155368908025,11:09:15.368,36.7300,39
40236905459918,11:10:36.905,36.7500,70
40245988507012,11:10:45.988,36.7300,56
40245988521512,11:10:45.988,36.7300,5
40245988521512,11:10:45.988,36.7300,45
40342582258230,11:12:22.582,36.7300,19
40350509704479,11:12:30.509,36.7600,50
40391147352402,11:13:11.147,36.7800,9
40391147352402,11:13:11.147,36.7800,100
40391147726822,11:13:11.147,36.7800,100
40391277434964,11:13:11.277,36.7800,50
40393089473027,11:13:13.089,36.7800,9
40408284625025,11:13:28.284,36.7800,91
40408284625025,11:13:28.284,36.7800,9
40408284625025,11:13:28.284,36.7800,44
40408284642717,11:13:28.284,36.7800,56
40408284642717,11:13:28.284,36.7800,55
40531188274615,11:15:31.188,36.7700,100
40531246903060,11:15:31.246,36.7600,100
40531246903060,11:15:31.246,36.7600,100
40531343557963,11:15:31.343,36.7400,100
40531343557963,11:15:31.343,36.7400,100
40531384234855,11:15:31.384,36.7300,54
40531384283046,11:15:31.384,36.7300,46
40531384365949,11:15:31.384,36.7200,8
40531384400666,11:15:31.384,36.7300,96
40531672779736,11:15:31.672,36.7200,4
40532094673388,11:15:32.094,36.7300,100
40532094673388,11:15:32.094,36.7300,200
40535095084159,11:15:35.095,36.7500,11
40535095084159,11:15:35.095,36.7500,100
40535095084159,11:15:35.095,36.7600,200
40535095084159,11:15:35.095,36.7600,89
40566087199530,11:16:06.087,36.7600,200
40566087199530,11:16:06.087,36.7600,100
40566087521888,11:16:06.087,36.7600,100
40566089867764,11:16:06.089,36.7700,100
40566090130984,11:16:06.090,36.7700,100
40662892557136,11:17:42.892,36.7800,19
40761841735895,11:19:21.841,36.7800,81
40761842135649,11:19:21.842,36.7700,100
40761842135649,11:19:21.842,36.7700,100
40930117805568,11:22:10.117,36.7600,26
40930117806993,11:22:10.117,36.7600,84
40930117816559,11:22:10.117,36.7600,47
40930117818404,11:22:10.117,36.7600,43
40930117818404,11:22:10.117,36.7600,43
40930117822140,11:22:10.117,36.7600,50
40930117835219,11:22:10.117,36.7600,7
40930117835219,11:22:10.117,36.7600,100
40930118457995,11:22:10.118,36.7400,40
40939911274706,11:22:19.911,36.7300,20
40963388577760,11:22:43.388,36.7300,100
40992370601278,11:23:12.370,36.7500,143
40992370615896,11:23:12.370,36.7500,157
40992370615896,11:23:12.370,36.7500,93
40992370617556,11:23:12.370,36.7500,7
40992370617556,11:23:12.370,36.7500,40
40992370625009,11:23:12.370,36.7500,50
40992370630276,11:23:12.370,36.7500,48
40992370655329,11:23:12.370,36.7500,36
40992370686944,11:23:12.370,36.7500,26
40992471029502,11:23:12.471,36.7500,71
41028222592410,11:23:48.222,36.7700,11
41117127358018,11:25:17.127,36.7700,100
41135427707382,11:25:35.427,36.7400,3
41184509806566,11:26:24.509,36.7400,97
41184509806566,11:26:24.509,36.7400,100
41184563958793,11:26:24.563,36.7400,60
41238719719647,11:27:18.719,36.7300,19
41269043809871,11:27:49.043,36.7300,81
41269043809871,11:27:49.043,36.7300,19
41269043904273,11:27:49.043,36.7300,8
41423990267463,11:30:23.990,36.7200,80
41795024719794,11:36:35.024,36.6800,7
41863358107202,11:37:43.358,36.6300,19
41970430648549,11:39:30.430,36.6300,100
41970430679926,11:39:30.430,36.6300,1
41970431757977,11:39:30.431,36.6200,100
41994809528855,11:39:54.809,36.6100,38
41994809728843,11:39:54.809,36.6100,45
41994809757553,11:39:54.809,36.6100,17
42149479017969,11:42:29.479,36.6000,19
42175201675763,11:42:55.201,36.6300,176
42177127858034,11:42:57.127,36.6300,100
42178062686530,11:42:58.062,36.6300,100
42193388332167,11:43:13.388,36.6300,8
42196130512122,11:43:16.130,36.6400,45
42196130557970,11:43:16.130,36.6400,55
42196130557970,11:43:16.130,36.6400,78
42196130601681,11:43:16.130,36.6400,5
42196130605531,11:43:16.130,36.6400,50
42196130607049,11:43:16.130,36.6400,44
42196130737866,11:43:16.130,36.6400,23
42197436861079,11:43:17.436,36.6500,11
42257605706249,11:44:17.605,36.6300,100
42409470796259,11:46:49.470,36.6300,100
42409470796259,11:46:49.470,36.6300,100
42457460515173,11:47:37.460,36.6200,19
42570256015130,11:49:30.256,36.6500,14
42570256015130,11:49:30.256,36.6600,86
42570256015130,11:49:30.256,36.6600,100
42570256450968,11:49:30.256,36.6700,100
42612958810073,11:50:12.958,36.6600,100
42612958810073,11:50:12.958,36.6600,50
42612958821806,11:50:12.958,36.6600,13
42612958924202,11:50:12.958,36.6600,100
42612959149631,11:50:12.959,36.6600,100
42612959149631,11:50:12.959,36.6600,19
42694765827935,11:51:34.765,36.6500,25
42695019326782,11:51:35.019,36.6500,75
42695019326782,11:51:35.019,36.6500,21
42695019353802,11:51:35.019,36.6500,79
42695019380008,11:51:35.019,36.6500,100
42695019569617,11:51:35.019,36.6500,19
42709018133951,11:51:49.018,36.6400,100
42710829566603,11:51:50.829,36.6400,96
42710829575864,11:51:50.829,36.6400,127
42710829597021,11:51:50.829,36.6400,77
42736328532156,11:52:16.328,36.6300,19
42967879784144,11:56:07.879,36.6700,63
42967879784144,11:56:07.879,36.6700,100
42967880808450,11:56:07.880,36.6600,100
42967880808450,11:56:07.880,36.6600,100
42967880808450,11:56:07.880,36.6600,100
42967881282814,11:56:07.881,36.6500,100
42967881282814,11:56:07.881,36.6500,100
43031379984704,11:57:11.379,36.6400,100
43065708612192,11:57:45.708,36.6400,19
43161755930811,11:59:21.755,36.6400,31
43161755930811,11:59:21.755,36.6400,69
43198755189103,11:59:58.755,36.6600,48
43198755217400,11:59:58.755,36.6600,52
43198755217400,11:59:58.755,36.6600,200
43345438847078,12:02:25.438,36.6600,19
43484354918294,12:04:44.354,36.6600,46
43484354918294,12:04:44.354,36.6600,9
43500168773132,12:05:00.168,36.6500,31
43500168773132,12:05:00.168,36.6500,69
43640736104269,12:07:20.736,36.6500,19
43691353605685,12:08:11.353,36.6800,100
43945931267553,12:12:25.931,36.6500,19
44008656352671,12:13:28.656,36.6800,5
44173747393735,12:16:13.747,36.6800,200
44173747421923,12:16:13.747,36.6800,95
44173750032745,12:16:13.750,36.6900,100
44173750101239,12:16:13.750,36.7000,3
44173750125685,12:16:13.750,36.7000,2
44245144224890,12:17:25.144,36.6900,20
44282785656968,12:18:02.785,36.6900,26
44299110550977,12:18:19.110,36.6700,100
44299110603286,12:18:19.110,36.6700,100
44416040769555,12:20:16.040,36.6900,400
44425998972743,12:20:25.998,36.7000,46
44425998972743,12:20:25.998,36.7000,100
44425998972743,12:20:25.998,36.7000,200
44425998972743,12:20:25.998,36.7000,54
44542896671924,12:22:22.896,36.7000,19
44542896701233,12:22:22.896,36.7000,31
44542896701233,12:22:22.896,36.7000,100
44542897501999,12:22:22.897,36.7000,100
44660470576182,12:24:20.470,36.7100,1
44660470576182,12:24:20.470,36.7100,2
44676230309029,12:24:36.230,36.7100,48
44854647888016,12:27:34.647,36.6900,19
44876083500534,12:27:56.083,36.7100,57
44876083504355,12:27:56.083,36.7100,47
44876083512639,12:27:56.083,36.7100,86
44876083516310,12:27:56.083,36.7100,10
44876083823727,12:27:56.083,36.7100,39
44876083880199,12:27:56.083,36.7100,61
44876087129869,12:27:56.087,36.7100,6
44997457393172,12:29:57.457,36.7200,6
44997457393172,12:29:57.457,36.7200,94
45012121864686,12:30:12.121,36.7100,200
45012121895559,12:30:12.121,36.7100,100
45012129520361,12:30:12.129,36.7000,100
45012129520361,12:30:12.129,36.7000,100
45012129547769,12:30:12.129,36.7000,100
45012129547769,12:30:12.129,36.7000,100
45012130056388,12:30:12.130,36.7000,100
45013596645500,12:30:13.596,36.7000,100
45143311173755,12:32:23.311,36.6900,19
45226946114238,12:33:46.946,36.6900,81
45226946114238,12:33:46.946,36.6900,100
45226946114238,12:33:46.946,36.6900,14
45226946133325,12:33:46.946,36.6900,46
45226946147072,12:33:46.946,36.6900,46
45226946174097,12:33:46.946,36.6900,73
45226946174097,12:33:46.946,36.6900,27
45226946319259,12:33:46.946,36.6900,46
45226946640789,12:33:46.946,36.6900,27
45226949405675,12:33:46.949,36.6900,41
45311006542972,12:35:11.006,36.7000,2
45311006542972,12:35:11.006,36.7000,100
45311006542972,12:35:11.006,36.7000,400
45311006542972,12:35:11.006,36.7000,100
45311006645636,12:35:11.006,36.7100,100
45311006645636,12:35:11.006,36.7100,100
45311164230839,12:35:11.164,36.7200,50
45453889911933,12:37:33.889,36.7000,19
45580002457104,12:39:40.002,36.7300,46
45692767905080,12:41:32.767,36.7000,81
45692767905080,12:41:32.767,36.7000,100
45692767905080,12:41:32.767,36.7000,100
45692767905080,12:41:32.767,36.7000,100
45692768011777,12:41:32.768,36.7000,100
45708556988554,12:41:48.556,36.7000,100
45708557133861,12:41:48.557,36.7000,100
45708560272162,12:41:48.560,36.7000,1
45708561811819,12:41:48.561,36.7000,99
45708561811819,12:41:48.561,36.7000,1
45708590608749,12:41:48.590,36.7000,99
45708603013107,12:41:48.603,36.6900,100
45708620777393,12:41:48.620,36.6800,95
45745517974187,12:42:25.517,36.6700,19
45893511451360,12:44:53.511,36.6700,100
45912922931877,12:45:12.922,36.6700,142
45912922935651,12:45:12.922,36.6700,50
45912922937419,12:45:12.922,36.6700,8
45912922937419,12:45:12.922,36.6700,100
45912922937419,12:45:12.922,36.6700,88
45912922940920,12:45:12.922,36.6700,12
45948701876310,12:45:48.701,36.6700,100
46065836543562,12:47:45.836,36.6700,19
46162261053897,12:49:22.261,36.6700,93
46162261055435,12:49:22.261,36.6700,7
46191836031030,12:49:51.836,36.6700,100
46254957261879,12:50:54.957,36.7000,43
46254957279099,12:50:54.957,36.7000,44
46254957287449,12:50:54.957,36.7000,13
46254957442108,12:50:54.957,36.7100,10
46301749454924,12:51:41.749,36.7100,40
46301749454924,12:51:41.749,36.7200,10
46301749454924,12:51:41.749,36.7200,50
46301749489875,12:51:41.749,36.7200,50
46301749489875,12:51:41.749,36.7200,100
46302267040584,12:51:42.267,36.7000,11
46349888254091,12:52:29.888,36.7000,19
46428972031608,12:53:48.972,36.6900,98
46428972043179,12:53:48.972,36.6900,50
46428972045759,12:53:48.972,36.6900,52
46428972045759,12:53:48.972,36.6900,97
46428972052843,12:53:48.972,36.6900,3
46630973001316,12:57:10.973,36.7100,100
46630973026665,12:57:10.973,36.7100,100
46631722686689,12:57:11.722,36.7200,100
46639574417975,12:57:19.574,36.7000,19
46756368539799,12:59:16.368,36.7400,100
46756368539799,12:59:16.368,36.7400,100
46757169214853,12:59:17.169,36.7500,2
46757169214853,12:59:17.169,36.7500,3
46757169214853,12:59:17.169,36.7500,100
46757169730046,12:59:17.169,36.7500,100
46757169730046,12:59:17.169,36.7500,100
46758164614455,12:59:18.164,36.7600,100
46767470525773,12:59:27.470,36.7600,9
46933616545241,13:02:13.616,36.7600,70
46951497199935,13:02:31.497,36.7400,19
47006817448626,13:03:26.817,36.7500,200
47007489441395,13:03:27.489,36.7600,8
47009896590673,13:03:29.896,36.7500,50
47023213626150,13:03:43.213,36.7400,100
47023213626150,13:03:43.213,36.7400,100
47023213626150,13:03:43.213,36.7400,100
47040363628016,13:04:00.363,36.7300,100
47040363628016,13:04:00.363,36.7300,100
47040363628016,13:04:00.363,36.7300,100
47226907969750,13:07:06.907,36.7300,76
47249550551310,13:07:29.550,36.7300,19
47340492697813,13:09:00.492,36.7600,54
47377510734257,13:09:37.510,36.7600,100
47377510759845,13:09:37.510,36.7600,46
47422174897054,13:10:22.174,36.7500,100
47422174925260,13:10:22.174,36.7500,5
47427087331328,13:10:27.087,36.7400,100
47427175265557,13:10:27.175,36.7400,100
47427175265557,13:10:27.175,36.7400,100
47427175265557,13:10:27.175,36.7400,100
47446293387526,13:10:46.293,36.7400,106
47470324460508,13:11:10.324,36.7500,1
47470334760070,13:11:10.334,36.7700,5
47470334760070,13:11:10.334,36.7700,100
47470334760070,13:11:10.334,36.7700,100
47470334760070,13:11:10.334,36.7700,5
47549926013185,13:12:29.926,36.7500,20
47587240024188,13:13:07.240,36.7600,100
47713517936288,13:15:13.517,36.7600,100
47758288496854,13:15:58.288,36.7600,100
47758288496854,13:15:58.288,36.7600,100
47758288842214,13:15:58.288,36.7600,100
47758389031122,13:15:58.389,36.7600,23
47843104958790,13:17:23.104,36.7500,19
47843105001016,13:17:23.105,36.7500,81
47843105001016,13:17:23.105,36.7500,94
47909127771231,13:18:29.127,36.7400,200
47909127771231,13:18:29.127,36.7400,100
47909127771231,13:18:29.127,36.7400,20
47909127896855,13:18:29.127,36.7400,200
47969296095494,13:19:29.296,36.7400,77
48006818745057,13:20:06.818,36.7300,200
48006818745057,13:20:06.818,36.7300,20
48006819609197,13:20:06.819,36.7200,100
48143828398154,13:22:23.828,36.7000,19
48211377896468,13:23:31.377,36.7000,100
48268923031667,13:24:28.923,36.7100,4
48443132694962,13:27:23.132,36.7000,19
48539355489495,13:28:59.355,36.7100,4
48539355489495,13:28:59.355,36.7100,100
48539355785137,13:28:59.355,36.7200,100
48580181237959,13:29:40.181,36.7100,1
48665495815459,13:31:05.495,36.7000,100
48665495890417,13:31:05.495,36.7000,5
48690077972709,13:31:30.077,36.6900,20
48690077972709,13:31:30.077,36.6900,100
48690078349248,13:31:30.078,36.6900,100
48690078374709,13:31:30.078,36.6900,100
48690079528284,13:31:30.079,36.6800,5
48690079528284,13:31:30.079,36.6800,200
48690084360754,13:31:30.084,36.6700,20
48763340960627,13:32:43.340,36.6500,19
49158400703192,13:39:18.400,36.6700,100
49158400703192,13:39:18.400,36.6800,99
49158400703192,13:39:18.400,36.6800,100
49158400703192,13:39:18.400,36.6800,1
49158406122871,13:39:18.406,36.6800,199
49325339133729,13:42:05.339,36.6900,200
49325339133729,13:42:05.339,36.6900,100
49325340131615,13:42:05.340,36.6900,100
49336639150386,13:42:16.639,36.6900,13
49336639150386,13:42:16.639,36.6900,100
49336639150386,13:42:16.639,36.6900,100
49336639150386,13:42:16.639,36.6900,100
49336639150386,13:42:16.639,36.6900,556
49336639323487,13:42:16.639,36.6900,100
49336639323487,13:42:16.639,36.6900,100
49336649778604,13:42:16.649,36.6900,100
49336649809756,13:42:16.649,36.6900,100
49336649809756,13:42:16.649,36.6900,100
49336649943737,13:42:16.649,36.6900,100
49336649943737,13:42:16.649,36.6900,100
49336649958741,13:42:16.649,36.6900,100
49336650105726,13:42:16.650,36.6900,100
49360191407334,13:42:40.191,36.6900,19
49365534440690,13:42:45.534,36.6900,81
49365534440690,13:42:45.534,36.6900,19
49395855877308,13:43:15.855,36.7000,100
49395855877308,13:43:15.855,36.7000,100
49395855877308,13:43:15.855,36.7000,100
49490514089312,13:44:50.514,36.6900,81
49490514089312,13:44:50.514,36.6900,19
49492493058978,13:44:52.493,36.6900,81
49492493058978,13:44:52.493,36.6900,100
49492493058978,13:44:52.493,36.6900,9
49492493084415,13:44:52.493,36.6900,91
49492493084415,13:44:52.493,36.6900,9
49492493090278,13:44:52.493,36.6900,91
49492493130053,13:44:52.493,36.6900,100
49492493280705,13:44:52.493,36.6900,100
49492493280705,13:44:52.493,36.6900,100
49492793231153,13:44:52.793,36.7000,10
49492793232523,13:44:52.793,36.7000,83
49492793237703,13:44:52.793,36.7000,7
49501964895247,13:45:01.964,36.6900,100
49501964921847,13:45:01.964,36.6900,43
49501964939602,13:45:01.964,36.6900,100
49501964940127,13:45:01.964,36.6900,100
49501965076829,13:45:01.965,36.6900,100
49501965076829,13:45:01.965,36.6900,200
49501965076829,13:45:01.965,36.6900,100
49501965174411,13:45:01.965,36.6900,100
49501965256445,13:45:01.965,36.6900,100
49611441617943,13:46:51.441,36.6900,4
49639881482965,13:47:19.881,36.6900,19
49737373578268,13:48:57.373,36.6900,77
49737373578268,13:48:57.373,36.6900,100
49737373873698,13:48:57.373,36.6900,45
49737374152967,13:48:57.374,36.6900,55
49737374152967,13:48:57.374,36.6900,45
49737375391791,13:48:57.375,36.6900,100
49737375391791,13:48:57.375,36.6900,100
49737375391791,13:48:57.375,36.6900,100
49737381176318,13:48:57.381,36.6900,100
49743150924140,13:49:03.150,36.6900,100
49743150924140,13:49:03.150,36.6900,100
49743151078782,13:49:03.151,36.6900,100
49743151080354,13:49:03.151,36.6900,100
49743151080354,13:49:03.151,36.6900,100
49782453403072,13:49:42.453,36.6900,100
49782453403072,13:49:42.453,36.6900,100
49782455783136,13:49:42.455,36.6900,27
49782455783136,13:49:42.455,36.6900,100
49843201454861,13:50:43.201,36.7000,100
49843201454861,13:50:43.201,36.7000,100
49852880793614,13:50:52.880,36.7000,100
50156101107530,13:55:56.101,36.6900,51
50201217078330,13:56:41.217,36.7100,10
50201217078330,13:56:41.217,36.7100,90
50201217110821,13:56:41.217,36.7100,110
50201217110821,13:56:41.217,36.7100,100
50201217110821,13:56:41.217,36.7100,100
50203710537144,13:56:43.710,36.7100,6
50205165404179,13:56:45.165,36.7100,94
50240559644885,13:57:20.559,36.7100,100
50255476959859,13:57:35.476,36.6900,59
50330807662429,13:58:50.807,36.6800,100
50402703445888,14:00:02.703,36.7000,100
50402703738693,14:00:02.703,36.7000,52
50402703821555,14:00:02.703,36.7000,54
50402705797147,14:00:02.705,36.7000,94
50407951377926,14:00:07.951,36.7200,2
50408992410948,14:00:08.992,36.7300,6
50408992410948,14:00:08.992,36.7300,4
50408992410948,14:00:08.992,36.7300,40
50408994172828,14:00:08.994,36.7400,50
50408995833847,14:00:08.995,36.7400,5
50408997878618,14:00:08.997,36.7400,45
50408997878618,14:00:08.997,36.7400,10
50408997878618,14:00:08.997,36.7400,10
50408997878618,14:00:08.997,36.7400,30
50408997878618,14:00:08.997,36.7400,57
50408997881045,14:00:08.997,36.7400,43
50409051761237,14:00:09.051,36.7500,100
50409729067478,14:00:09.729,36.7300,100
50410609514048,14:00:10.609,36.7300,100
50410609887803,14:00:10.609,36.7300,100
50410735639417,14:00:10.735,36.7000,100
50410735639417,14:00:10.735,36.7000,100
50410735639417,14:00:10.735,36.7000,100
50410885101233,14:00:10.885,36.7100,100
50410885101233,14:00:10.885,36.7100,2
50411743986248,14:00:11.743,36.6800,100
50411743986248,14:00:11.743,36.6800,100
50412745731332,14:00:12.745,36.6700,200
50413019166478,14:00:13.019,36.7000,98
50413021018318,14:00:13.021,36.7000,100
50413572368241,14:00:13.572,36.7200,20
50413573091429,14:00:13.573,36.7400,10
50413573091429,14:00:13.573,36.7400,100
50413573823510,14:00:13.573,36.7500,100
50414686201898,14:00:14.686,36.6900,55
50414686201898,14:00:14.686,36.6900,100
50414686201898,14:00:14.686,36.6800,100
50414686201898,14:00:14.686,36.6800,100
50414686201898,14:00:14.686,36.6800,45
50414686228001,14:00:14.686,36.6800,155
50414686228001,14:00:14.686,36.6800,45
50417211520913,14:00:17.211,36.6900,100
50417211589221,14:00:17.211,36.6900,100
50417239656169,14:00:17.239,36.6900,18
50417239656169,14:00:17.239,36.6900,54
50422582555250,14:00:22.582,36.7000,50
50422582555250,14:00:22.582,36.6900,100
50422582555250,14:00:22.582,36.6900,100
50422582555250,14:00:22.582,36.6900,55
50422582555250,14:00:22.582,36.6900,68
50422582810461,14:00:22.582,36.6900,50
50423335792213,14:00:23.335,36.6900,100
50423408375700,14:00:23.408,36.6900,100
50423586544050,14:00:23.586,36.6500,100
50424950549307,14:00:24.950,36.6500,100
50424950549307,14:00:24.950,36.6400,100
50439701849380,14:00:39.701,36.6300,100
50439702071082,14:00:39.702,36.6300,100
50537946239802,14:02:17.946,36.6000,100
50555780915364,14:02:35.780,36.6000,19
50593174140428,14:03:13.174,36.6600,45
50593174142652,14:03:13.174,36.6600,55
50593174611705,14:03:13.174,36.6600,100
50609021276201,14:03:29.021,36.6800,100
50609021276201,14:03:29.021,36.6800,100
50609021351425,14:03:29.021,36.6900,20
50613172355044,14:03:33.172,36.7000,10
50637021512654,14:03:57.021,36.7500,23
50637024690548,14:03:57.024,36.7600,100
50637024690548,14:03:57.024,36.7600,100
50637024690548,14:03:57.024,36.7500,81
50691084853153,14:04:51.084,36.7800,81
50691084853153,14:04:51.084,36.7900,19
50691084975978,14:04:51.084,36.7900,81
50691084975978,14:04:51.084,36.7900,19
50691085075546,14:04:51.085,36.7900,81
50691086069626,14:04:51.086,36.7800,36
50691086069626,14:04:51.086,36.7800,100
50691086069626,14:04:51.086,36.7800,64
50714957290218,14:05:14.957,36.7800,36
50756024269752,14:05:56.024,36.7900,1
50844547389689,14:07:24.547,36.8000,20
50989413969264,14:09:49.413,36.7900,181
50989413969264,14:09:49.413,36.7900,8
50989413969264,14:09:49.413,36.7900,15
50989413991524,14:09:49.413,36.7900,25
50989414787225,14:09:49.414,36.7800,100
50996653074281,14:09:56.653,36.7700,100
50996729097402,14:09:56.729,36.7700,100
50996729097402,14:09:56.729,36.7700,40
50996729103210,14:09:56.729,36.7700,49
50996729108200,14:09:56.729,36.7700,11
50996729108200,14:09:56.729,36.7700,14
50996729121369,14:09:56.729,36.7700,86
50996759295677,14:09:56.759,36.7600,4
51017045588923,14:10:17.045,36.7600,5
51017045599480,14:10:17.045,36.7600,10
51025716937900,14:10:25.716,36.7400,20
51025717004389,14:10:25.717,36.7400,80
51025718111767,14:10:25.718,36.7300,100
51065065386769,14:11:05.065,36.7500,100
51065065386769,14:11:05.065,36.7500,103
51065065393646,14:11:05.065,36.7500,7
51065065393646,14:11:05.065,36.7500,95
51065065396347,14:11:05.065,36.7500,294
51065065428207,14:11:05.065,36.7500,11
51097054471729,14:11:37.054,36.7750,100
51131781007296,14:12:11.781,36.7900,1
51164217643543,14:12:44.217,36.7900,99
51164217643543,14:12:44.217,36.7900,1
51185876351432,14:13:05.876,36.7900,19
51185876351432,14:13:05.876,36.8000,81
51195005932130,14:13:15.005,36.8100,100
51212677327170,14:13:32.677,36.7800,100
51212677327170,14:13:32.677,36.7800,100
51212677520734,14:13:32.677,36.7800,100
51226328524284,14:13:46.328,36.7500,19
51226328539044,14:13:46.328,36.7500,81
51226328591717,14:13:46.328,36.7500,100
51255265345542,14:14:15.265,36.7600,4
51271509687131,14:14:31.509,36.7600,96
51271509687131,14:14:31.509,36.7600,100
51271509687131,14:14:31.509,36.7600,100
51271510127431,14:14:31.510,36.7600,81
51271510155755,14:14:31.510,36.7600,19
51272208758305,14:14:32.208,36.7600,100
51300164041155,14:15:00.164,36.7600,100
51300254353210,14:15:00.254,36.7500,100
51381681172619,14:16:21.681,36.7700,10
51381681179872,14:16:21.681,36.7700,90
51385484730519,14:16:25.484,36.7800,100
51385487321701,14:16:25.487,36.7800,20
51385487321701,14:16:25.487,36.7900,80
51387507838216,14:16:27.507,36.7900,20
51421465717446,14:17:01.465,36.7900,100
51423097600075,14:17:03.097,36.7800,100
51423098160957,14:17:03.098,36.7700,100
51444333345893,14:17:24.333,36.7700,19
51635670646003,14:20:35.670,36.7800,100
51655783956823,14:20:55.783,36.8000,200
51655783980368,14:20:55.783,36.8000,100
51655784305879,14:20:55.784,36.8000,100
51661042448146,14:21:01.042,36.8100,100
51661237196173,14:21:01.237,36.8100,100
51740829732492,14:22:20.829,36.8000,19
51750383971607,14:22:30.383,36.8000,81
51750424802913,14:22:30.424,36.7900,100
51750424802913,14:22:30.424,36.7900,200
51853762234562,14:24:13.762,36.7700,100
51853762249083,14:24:13.762,36.7700,69
51853762260490,14:24:13.762,36.7700,31
51853762263066,14:24:13.762,36.7700,31
51853762320126,14:24:13.762,36.7700,69
51853762320126,14:24:13.762,36.7700,31
51853762697201,14:24:13.762,36.7700,69
51857530737044,14:24:17.530,36.7500,100
51872534915790,14:24:32.534,36.7600,100
51872534945739,14:24:32.534,36.7600,100
51872535560565,14:24:32.535,36.7600,2
51872535584435,14:24:32.535,36.7600,98
51872535584435,14:24:32.535,36.7600,2
51872535587384,14:24:32.535,36.7600,98
51872538470894,14:24:32.538,36.7600,7
51902027597583,14:25:02.027,36.7600,7
51902027597583,14:25:02.027,36.7600,43
51902027615418,14:25:02.027,36.7600,57
51902027615418,14:25:02.027,36.7600,72
51902027802003,14:25:02.027,36.7600,28
51902027802003,14:25:02.027,36.7600,136
51902027813645,14:25:02.027,36.7600,51
51902027825693,14:25:02.027,36.7600,13
51902028231608,14:25:02.028,36.7600,100
51908777933249,14:25:08.777,36.7600,40
51908777950518,14:25:08.777,36.7600,49
51908778049201,14:25:08.778,36.7600,1
51908778152077,14:25:08.778,36.7600,10
51959396769298,14:25:59.396,36.7500,100
51959396769298,14:25:59.396,36.7500,100
51959396798764,14:25:59.396,36.7500,100
51959396810034,14:25:59.396,36.7500,100
51959396880101,14:25:59.396,36.7400,100
51959397106086,14:25:59.397,36.7400,100
51998038074857,14:26:38.038,36.7300,100
51998038116255,14:26:38.038,36.7300,100
51998038116255,14:26:38.038,36.7300,47
51998038117017,14:26:38.038,36.7300,4
51998038122136,14:26:38.038,36.7300,49
51998038135512,14:26:38.038,36.7300,100
51998038158323,14:26:38.038,36.7300,49
51998038179155,14:26:38.038,36.7300,51
52051092429571,14:27:31.092,36.7000,19
52075849607084,14:27:55.849,36.7000,81
52075849607084,14:27:55.849,36.7000,19
52075849841539,14:27:55.849,36.7000,81
52270276536906,14:31:10.276,36.7100,100
52270276597976,14:31:10.276,36.7100,200
52270276865681,14:31:10.276,36.7200,28
52270276916690,14:31:10.276,36.7100,2
52270276921429,14:31:10.276,36.7100,98
52270276921429,14:31:10.276,36.7100,2
52270276943722,14:31:10.276,36.7100,98
52270277053818,14:31:10.277,36.7200,72
52270277053818,14:31:10.277,36.7200,100
52270279980453,14:31:10.279,36.7100,6
52310480735679,14:31:50.480,36.6800,100
52310480735679,14:31:50.480,36.6800,51
52310480766592,14:31:50.480,36.6800,49
52310480788066,14:31:50.480,36.6800,100
52310481076953,14:31:50.481,36.6800,100
52355559545861,14:32:35.559,36.6700,19
52356018855872,14:32:36.018,36.6700,81
52356018855872,14:32:36.018,36.6700,100
52356018909808,14:32:36.018,36.6700,100
52356019597941,14:32:36.019,36.6600,100
52356019597941,14:32:36.019,36.6600,100
52358660231696,14:32:38.660,36.6500,100
52433522935884,14:33:53.522,36.6500,100
52433522935884,14:33:53.522,36.6500,54
52433522954852,14:33:53.522,36.6500,146
52433522954852,14:33:53.522,36.6500,1
52433522957692,14:33:53.522,36.6500,49
52433522974268,14:33:53.522,36.6500,50
52433523044767,14:33:53.523,36.6600,100
52433523271773,14:33:53.523,36.6600,100
52433523327589,14:33:53.523,36.6600,100
52494517921984,14:34:54.517,36.6900,6
52494517921984,14:34:54.517,36.7000,94
52504093732680,14:35:04.093,36.6700,100
52504093732680,14:35:04.093,36.6700,5
52525290651874,14:35:25.290,36.6700,100
52525290694312,14:35:25.290,36.6700,100
52525290788717,14:35:25.290,36.6700,100
52525290791438,14:35:25.290,36.6700,100
52525290826354,14:35:25.290,36.6700,80
52566061318571,14:36:06.061,36.6700,100
52650719688407,14:37:30.719,36.6400,19
52678185683147,14:37:58.185,36.6800,100
52678185683147,14:37:58.185,36.6800,100
52678185989175,14:37:58.185,36.6800,100
52678186831464,14:37:58.186,36.6800,10
52680276749432,14:38:00.276,36.6900,10
52681527274806,14:38:01.527,36.7000,10
52681784296288,14:38:01.784,36.7000,100
52681784492376,14:38:01.784,36.7000,100
52682243946092,14:38:02.243,36.7000,100
52682244137248,14:38:02.244,36.7000,100
52682244725117,14:38:02.244,36.7000,100
52682245400451,14:38:02.245,36.7000,100
52682267794939,14:38:02.267,36.7000,100
52682557621930,14:38:02.557,36.7000,100
52682914564294,14:38:02.914,36.7000,100
52684066697033,14:38:04.066,36.7000,100
52684066927841,14:38:04.066,36.7000,100
52688290978009,14:38:08.290,36.7000,100
52710014096883,14:38:30.014,36.7000,100
52710015768997,14:38:30.015,36.7000,100
52710015796012,14:38:30.015,36.7000,100
52710015885197,14:38:30.015,36.6900,100
52710015953862,14:38:30.015,36.7000,100
52710015953862,14:38:30.015,36.7000,100
52710017516115,14:38:30.017,36.7000,100
52710017516115,14:38:30.017,36.7000,100
52710019863793,14:38:30.019,36.7000,100
52710020013675,14:38:30.020,36.7000,100
52710020013675,14:38:30.020,36.7000,100
52710534958025,14:38:30.534,36.7000,100
52710535048183,14:38:30.535,36.7000,100
52710535108657,14:38:30.535,36.7000,100
52710535108657,14:38:30.535,36.7000,100
52710535133664,14:38:30.535,36.7000,100
52715779358032,14:38:35.779,36.7000,100
52715780546238,14:38:35.780,36.7000,200
52715780546238,14:38:35.780,36.7000,57
52715781857840,14:38:35.781,36.7000,43
52715781857840,14:38:35.781,36.7000,57
52720712372365,14:38:40.712,36.7000,98
52720712380816,14:38:40.712,36.7000,2
52724094495610,14:38:44.094,36.6900,100
52733649687691,14:38:53.649,36.7100,5
52768714693804,14:39:28.714,36.6700,100
52768714730153,14:39:28.714,36.6700,51
52768714732091,14:39:28.714,36.6700,49
52768715860649,14:39:28.715,36.6600,85
52825980062904,14:40:25.980,36.6500,100
52825980062904,14:40:25.980,36.6500,100
52857353810426,14:40:57.353,36.6400,14
52857353814961,14:40:57.353,36.6400,84
52857353814961,14:40:57.353,36.6400,30
52857353825211,14:40:57.353,36.6400,70
52857353825211,14:40:57.353,36.6400,84
52857353827984,14:40:57.353,36.6400,16
52857353827984,14:40:57.353,36.6400,82
52857353834074,14:40:57.353,36.6400,18
52933283997968,14:42:13.283,36.6600,100
52933283997968,14:42:13.283,36.6600,100
52933283997968,14:42:13.283,36.6600,20
52937895545361,14:42:17.895,36.6800,5
52951190704221,14:42:31.190,36.6600,19
52995939816845,14:43:15.939,36.6600,81
52995940974688,14:43:15.940,36.6500,100
52996940229357,14:43:16.940,36.6400,100
53013857912700,14:43:33.857,36.6500,100
53015969309047,14:43:35.969,36.6600,65
53017090367101,14:43:37.090,36.6600,35
53017090367101,14:43:37.090,36.6600,65
53017090425565,14:43:37.090,36.6600,35
53017091222089,14:43:37.091,36.6700,100
53072518317865,14:44:32.518,36.6800,5
53189256579444,14:46:29.256,36.7000,10
53189259028532,14:46:29.259,36.7100,10
53189259028532,14:46:29.259,36.7100,100
53189259028532,14:46:29.259,36.7100,90
53189259544503,14:46:29.259,36.7100,10
53213623246362,14:46:53.623,36.7300,10
53216219488592,14:46:56.219,36.7400,10
53216219488592,14:46:56.219,36.7500,10
53216219488592,14:46:56.219,36.7500,80
53216220145163,14:46:56.220,36.7500,20
53216220145163,14:46:56.220,36.7500,90
53216476274283,14:46:56.476,36.7600,100
53216476385668,14:46:56.476,36.7600,1
53292334603247,14:48:12.334,36.7400,100
53292334604611,14:48:12.334,36.7400,100
53522615416808,14:52:02.615,36.7500,100
53527996267387,14:52:07.996,36.7700,10
53527996342436,14:52:07.996,36.7600,100
53535163783817,14:52:15.163,36.7700,64
53535163788691,14:52:15.163,36.7700,36
53535164341460,14:52:15.164,36.7800,20
53535164341460,14:52:15.164,36.7800,80
53535164449141,14:52:15.164,36.7800,20
53535164727895,14:52:15.164,36.7800,100
53535167750749,14:52:15.167,36.7800,100
53535167750749,14:52:15.167,36.7800,100
53535426570631,14:52:15.426,36.7800,100
53535427505071,14:52:15.427,36.7800,100
53537531450894,14:52:17.531,36.7800,100
53537531450894,14:52:17.531,36.7800,89
53537531450894,14:52:17.531,36.7800,11
53537531468211,14:52:17.531,36.7800,89
53539267426391,14:52:19.267,36.7600,19
53542001850629,14:52:22.001,36.7800,74
53542001851363,14:52:22.001,36.7800,26
53546549041263,14:52:26.549,36.7700,81
53546549851458,14:52:26.549,36.7700,100
53546549875505,14:52:26.549,36.7700,100
53548910159834,14:52:28.910,36.7800,100
53548910188323,14:52:28.910,36.7800,52
53553912205207,14:52:33.912,36.7800,48
53553912530562,14:52:33.912,36.7800,200
53553912530562,14:52:33.912,36.7800,6
53553912556491,14:52:33.912,36.7800,94
53554943871390,14:52:34.943,36.7800,100
53554943871390,14:52:34.943,36.7800,100
53555488005933,14:52:35.488,36.7800,100
53555488189680,14:52:35.488,36.7900,100
53555589670450,14:52:35.589,36.7900,100
53556034808539,14:52:36.034,36.7900,100
53564551972032,14:52:44.551,36.7900,100
53564551972032,14:52:44.551,36.7900,100
53577979353034,14:52:57.979,36.7800,100
53577979657012,14:52:57.979,36.7800,100
53577979760323,14:52:57.979,36.7800,100
53580494766209,14:53:00.494,36.7700,100
53580494766209,14:53:00.494,36.7700,89
53580494824249,14:53:00.494,36.7700,11
53580494824249,14:53:00.494,36.7700,89
53580494849212,14:53:00.494,36.7700,11
53580494849212,14:53:00.494,36.7700,89
53580494878997,14:53:00.494,36.7700,11
53580495718856,14:53:00.495,36.7600,100
53580495769691,14:53:00.495,36.7600,100
53580495806133,14:53:00.495,36.7600,196
53580495814738,14:53:00.495,36.7600,4
53580495814738,14:53:00.495,36.7600,70
53580495836463,14:53:00.495,36.7600,30
53597057624910,14:53:17.057,36.7600,100
53597058203331,14:53:17.058,36.7600,100
53597058503614,14:53:17.058,36.7600,100
53792005984336,14:56:32.005,36.7600,100
53792006014124,14:56:32.006,36.7600,100
53792006326490,14:56:32.006,36.7600,100
53792006632219,14:56:32.006,36.7600,100
53843049275673,14:57:23.049,36.7500,19
53860160948686,14:57:40.160,36.7800,64
53860160951352,14:57:40.160,36.7800,36
53860160951352,14:57:40.160,36.7800,38
53860160957871,14:57:40.160,36.7800,62
53860161416163,14:57:40.161,36.7800,100
53877529017105,14:57:57.529,36.7800,100
53923886772458,14:58:43.886,36.7500,5
53954166404609,14:59:14.166,36.7500,90
53956067040552,14:59:16.067,36.7600,100
53960042088713,14:59:20.042,36.7600,100
53972171707880,14:59:32.171,36.7500,100
53972172024432,14:59:32.172,36.7600,100
53972202073675,14:59:32.202,36.7500,100
53972202622483,14:59:32.202,36.7500,100
53974206387758,14:59:34.206,36.7400,100
53974306649956,14:59:34.306,36.7400,100
54030735109559,15:00:30.735,36.7300,100
54108147005444,15:01:48.147,36.7300,100
54108169028584,15:01:48.169,36.7200,100
54108169028584,15:01:48.169,36.7200,100
54108169028584,15:01:48.169,36.7200,100
54108188011907,15:01:48.188,36.7100,50
54108188011907,15:01:48.188,36.7100,50
54108206441622,15:01:48.206,36.7100,50
54108206441622,15:01:48.206,36.7000,50
54108414626914,15:01:48.414,36.7000,50
54108471742954,15:01:48.471,36.6900,100
54111396364471,15:01:51.396,36.6800,100
54111396462871,15:01:51.396,36.6900,30
54111396536643,15:01:51.396,36.7000,1421
54111396564130,15:01:51.396,36.7000,29
54111396694252,15:01:51.396,36.7000,200
54111396694252,15:01:51.396,36.7000,100
54111396694252,15:01:51.396,36.7000,30
54111396826227,15:01:51.396,36.7000,9
54111396841891,15:01:51.396,36.7000,30
54139299494916,15:02:19.299,36.6600,20
54201524332923,15:03:21.524,36.6700,100
54201524332923,15:03:21.524,36.6800,200
54201524642332,15:03:21.524,36.6900,100
54201526051228,15:03:21.526,36.6900,100
54201527693594,15:03:21.527,36.6900,100
54201527852152,15:03:21.527,36.6900,100
54201527852152,15:03:21.527,36.6900,100
54202068889519,15:03:22.068,36.6900,100
54202068998822,15:03:22.068,36.6900,100
54202069474402,15:03:22.069,36.6900,100
54203084993527,15:03:23.084,36.6900,100
54203085137003,15:03:23.085,36.6900,100
54203085239714,15:03:23.085,36.6900,100
54215807925262,15:03:35.807,36.6800,100
54215807925262,15:03:35.807,36.6700,100
54225621175024,15:03:45.621,36.7000,100
54225621175024,15:03:45.621,36.7000,10
54225633462127,15:03:45.633,36.7000,100
54225635922647,15:03:45.635,36.6900,44
54225635958174,15:03:45.635,36.6900,56
54225636015392,15:03:45.636,36.6900,100
54225636022438,15:03:45.636,36.6900,93
54225636030399,15:03:45.636,36.6900,7
54225636219336,15:03:45.636,36.6900,100
54236771961292,15:03:56.771,36.6900,88
54236771971887,15:03:56.771,36.6900,12
54236771971887,15:03:56.771,36.6900,27
54236771973610,15:03:56.771,36.6900,73
54236771973610,15:03:56.771,36.6900,39
54236772021265,15:03:56.772,36.6900,61
54246320387912,15:04:06.320,36.6700,43
54246320394319,15:04:06.320,36.6700,12
54246320408449,15:04:06.320,36.6700,45
54265565495883,15:04:25.565,36.6600,100
54265565520038,15:04:25.565,36.6600,1
54443166517508,15:07:23.166,36.6300,2
54443166517508,15:07:23.166,36.6300,17
54480361358782,15:08:00.361,36.6500,11
54480361358782,15:08:00.361,36.6500,34
54480361372421,15:08:00.361,36.6500,166
54480361372421,15:08:00.361,36.6500,55
54480361374387,15:08:00.361,36.6500,27
54480361378494,15:08:00.361,36.6500,18
54480387180616,15:08:00.387,36.6600,100
54480387180616,15:08:00.387,36.6600,48
54480387188919,15:08:00.387,36.6600,52
54480387388403,15:08:00.387,36.6600,52
54480387511188,15:08:00.387,36.6600,48
54480387511188,15:08:00.387,36.6600,4
54480387795763,15:08:00.387,36.6600,96
54481046706906,15:08:01.046,36.6700,9
54481046706906,15:08:01.046,36.6700,100
54481046787205,15:08:01.046,36.6700,100
54484105823779,15:08:04.105,36.6800,10
54599089927980,15:09:59.089,36.6600,100
54599089945503,15:09:59.089,36.6600,100
54643473697566,15:10:43.473,36.6300,100
54652292981698,15:10:52.292,36.6400,3
54670575507294,15:11:10.575,36.6200,100
54670575507294,15:11:10.575,36.6200,100
54670932272797,15:11:10.932,36.6000,100
54670932272797,15:11:10.932,36.6000,200
54729049093394,15:12:09.049,36.6100,100
54729049093394,15:12:09.049,36.6100,200
54729350775599,15:12:09.350,36.6200,100
54729350775599,15:12:09.350,36.6200,100
54729350812782,15:12:09.350,36.6200,100
54729450981890,15:12:09.450,36.6250,100
54730049187063,15:12:10.049,36.6300,100
54730049187063,15:12:10.049,36.6300,100
54736190773566,15:12:16.190,36.6100,19
54799026542911,15:13:19.026,36.6200,100
54799026542911,15:13:19.026,36.6100,100
54799026542911,15:13:19.026,36.6100,81
54804164866467,15:13:24.164,36.6200,100
54806911333431,15:13:26.911,36.6300,100
54806911333431,15:13:26.911,36.6300,79
54806911360099,15:13:26.911,36.6300,121
54811548238303,15:13:31.548,36.6400,100
54811548238303,15:13:31.548,36.6400,100
54811548238303,15:13:31.548,36.6400,73
54811548251293,15:13:31.548,36.6400,100
54811548251293,15:13:31.548,36.6400,100
54907053457257,15:15:07.053,36.6500,10
54907053457257,15:15:07.053,36.6500,100
54907054145455,15:15:07.054,36.6600,100
54907266593884,15:15:07.266,36.6600,20
54909548152864,15:15:09.548,36.6700,10
54930938900426,15:15:30.938,36.6800,10
54934083857736,15:15:34.083,36.6900,3
54934083857736,15:15:34.083,36.6900,5
54934083857736,15:15:34.083,36.6900,92
54934083893437,15:15:34.083,36.6900,8
54934083893437,15:15:34.083,36.6900,100
54961366457377,15:16:01.366,36.7100,100
54961366483650,15:16:01.366,36.7100,100
54993362307199,15:16:33.362,36.7000,100
54993362307199,15:16:33.362,36.7000,2
54998496505397,15:16:38.496,36.6900,100
54998511183744,15:16:38.511,36.6800,100
55044140492275,15:17:24.140,36.6700,100
55047555180389,15:17:27.555,36.6600,76
55047555195084,15:17:27.555,36.6600,24
55049494254849,15:17:29.494,36.6300,19
55091631524760,15:18:11.631,36.6500,200
55094783855798,15:18:14.783,36.6600,10
55094784763709,15:18:14.784,36.6600,37
55094784763709,15:18:14.784,36.6600,100
55094784763709,15:18:14.784,36.6700,100
55094784763709,15:18:14.784,36.6700,100
55097158442390,15:18:17.158,36.6800,100
55099699340925,15:18:19.699,36.6900,100
55099863583641,15:18:19.863,36.6900,20
55147545332520,15:19:07.545,36.7000,100
55147545356357,15:19:07.545,36.7000,100
55185262068546,15:19:45.262,36.7100,100
55185262068546,15:19:45.262,36.7100,10
55185262068546,15:19:45.262,36.7100,100
55185271481219,15:19:45.271,36.7200,3
55208307366929,15:20:08.307,36.7300,100
55208307393576,15:20:08.307,36.7300,100
55296698805769,15:21:36.698,36.7400,73
55296698815381,15:21:36.698,36.7400,27
55296698815381,15:21:36.698,36.7400,1
55296699019219,15:21:36.699,36.7400,1
55296699019219,15:21:36.699,36.7400,73
55296699030899,15:21:36.699,36.7400,27
55296718110873,15:21:36.718,36.7200,200
55296782429682,15:21:36.782,36.7300,30
55296799931384,15:21:36.799,36.7400,100
55331791211030,15:22:11.791,36.7000,100
55335847289757,15:22:15.847,36.6800,19
55425069102434,15:23:45.069,36.6800,81
55425069102434,15:23:45.069,36.6800,100
55425069102434,15:23:45.069,36.6800,19
55425069265176,15:23:45.069,36.6800,100
55425069265176,15:23:45.069,36.6800,100
55425070108842,15:23:45.070,36.6800,100
55425074241061,15:23:45.074,36.6800,8
55440428664339,15:24:00.428,36.6800,92
55440428664339,15:24:00.428,36.6800,18
55440428664339,15:24:00.428,36.6800,90
55441404523859,15:24:01.404,36.6800,10
55441404523859,15:24:01.404,36.6800,90
55444829000527,15:24:04.829,36.6800,10
55444829000527,15:24:04.829,36.6800,2
55444829000527,15:24:04.829,36.6800,88
55444829132143,15:24:04.829,36.6800,12
55446035609625,15:24:06.035,36.6900,100
55446035609625,15:24:06.035,36.6900,200
55446035609625,15:24:06.035,36.6900,100
55446035609625,15:24:06.035,36.6900,100
55446035609625,15:24:06.035,36.6900,100
55446036782022,15:24:06.036,36.6900,100
55446036782022,15:24:06.036,36.6900,100
55446036782022,15:24:06.036,36.6900,100
55514130302343,15:25:14.130,36.7000,95
55514130309810,15:25:14.130,36.7000,5
55514130309810,15:25:14.130,36.7000,68
55514130316065,15:25:14.130,36.7000,32
55514130316065,15:25:14.130,36.7000,100
55514130531336,15:25:14.130,36.7000,77
55514130542622,15:25:14.130,36.7000,23
55514131122126,15:25:14.131,36.7100,3
55543246628126,15:25:43.246,36.7000,100
55543357325730,15:25:43.357,36.7000,100
55552662171445,15:25:52.662,36.7000,100
55592874096454,15:26:32.874,36.6900,61
55595731713330,15:26:35.731,36.6900,100
55595731713330,15:26:35.731,36.6900,100
55595731738151,15:26:35.731,36.6900,100
55606567132217,15:26:46.567,36.6600,80
55606567132217,15:26:46.567,36.6600,24
55606567132976,15:26:46.567,36.6600,73
55606567144274,15:26:46.567,36.6600,3
55624298964320,15:27:04.298,36.6600,11
55673198714400,15:27:53.198,36.6600,1
55676233978414,15:27:56.233,36.6600,99
55676233978414,15:27:56.233,36.6600,1
55676233995704,15:27:56.233,36.6600,99
55676971589325,15:27:56.971,36.6700,100
55676971932953,15:27:56.971,36.6700,100
55676971932953,15:27:56.971,36.6700,100
55744751362955,15:29:04.751,36.6600,100
55744753046238,15:29:04.753,36.6500,70
55748079313553,15:29:08.079,36.6500,28
55762013497238,15:29:22.013,36.6200,100
55791265934390,15:29:51.265,36.6100,19
55870766550955,15:31:10.766,36.6100,24
55870766582733,15:31:10.766,36.6100,76
55870766582733,15:31:10.766,36.6100,200
55870767648517,15:31:10.767,36.6100,100
55870767671806,15:31:10.767,36.6100,100
55871723131820,15:31:11.723,36.6100,100
55871723758825,15:31:11.723,36.6200,100
55871723758825,15:31:11.723,36.6200,98
55871723769387,15:31:11.723,36.6200,2
55871723769387,15:31:11.723,36.6200,100
55875699953839,15:31:15.699,36.6300,100
55875699980056,15:31:15.699,36.6300,100
55875699980056,15:31:15.699,36.6300,100
55882209979984,15:31:22.209,36.6300,100
55892185330807,15:31:32.185,36.6300,100
55893822682820,15:31:33.822,36.6200,88
55898608525271,15:31:38.608,36.6300,101
55900221311908,15:31:40.221,36.6400,100
55900221311908,15:31:40.221,36.6400,100
55900221311908,15:31:40.221,36.6400,100
55900221311908,15:31:40.221,36.6400,100
55900221311908,15:31:40.221,36.6400,100
55900222708552,15:31:40.222,36.6400,50
55900222708552,15:31:40.222,36.6400,100
55900222708552,15:31:40.222,36.6400,100
55901789158794,15:31:41.789,36.6500,100
55901789158794,15:31:41.789,36.6500,100
55901789158794,15:31:41.789,36.6500,100
55901789158794,15:31:41.789,36.6500,200
55901789158794,15:31:41.789,36.6500,100
55901789158794,15:31:41.789,36.6500,100
55905201588721,15:31:45.201,36.6500,100
55905201624864,15:31:45.201,36.6500,2
55905201631615,15:31:45.201,36.6500,2
55905201711828,15:31:45.201,36.6500,100
55905201717054,15:31:45.201,36.6500,100
55905202726860,15:31:45.202,36.6500,100
55905202726860,15:31:45.202,36.6500,200
55905204113538,15:31:45.204,36.6500,100
55905204843324,15:31:45.204,36.6500,100
55905204843324,15:31:45.204,36.6500,100
55905204843324,15:31:45.204,36.6500,100
55917570440551,15:31:57.570,36.6600,5
55917570450014,15:31:57.570,36.6600,2
55917570453801,15:31:57.570,36.6600,13
55917570453801,15:31:57.570,36.6600,100
55917570453801,15:31:57.570,36.6600,84
55917570455907,15:31:57.570,36.6600,16
55917570455907,15:31:57.570,36.6600,41
55917570456638,15:31:57.570,36.6600,7
55917570462746,15:31:57.570,36.6600,50
55917570465878,15:31:57.570,36.6600,49
55917570468602,15:31:57.570,36.6600,49
55917570473082,15:31:57.570,36.6600,4
55917573415374,15:31:57.573,36.6600,9
55930982654830,15:32:10.982,36.6700,38
55930982654830,15:32:10.982,36.6700,12
55931102469031,15:32:11.102,36.6700,100
55933837079994,15:32:13.837,36.6500,100
55933837079994,15:32:13.837,36.6500,49
55933837096276,15:32:13.837,36.6500,51
55933837096276,15:32:13.837,36.6500,49
55933837113115,15:32:13.837,36.6500,49
55933837193275,15:32:13.837,36.6500,2
55933837193275,15:32:13.837,36.6500,100
55933837193275,15:32:13.837,36.6500,49
55933837297933,15:32:13.837,36.6500,51
55933839458500,15:32:13.839,36.6500,100
55933839458500,15:32:13.839,36.6500,100
55940951710979,15:32:20.951,36.6600,100
55960568825430,15:32:40.568,36.6600,100
55960568825430,15:32:40.568,36.6600,400
55960737394453,15:32:40.737,36.6600,100
55989947857604,15:33:09.947,36.6600,100
55989947857604,15:33:09.947,36.6600,2
55989948139466,15:33:09.948,36.6600,50
55989948166326,15:33:09.948,36.6600,50
55989949253613,15:33:09.949,36.6600,100
55989949253613,15:33:09.949,36.6600,100
55989949253613,15:33:09.949,36.6600,100
55989949253613,15:33:09.949,36.6600,200
55989949598683,15:33:09.949,36.6600,50
56028053821935,15:33:48.053,36.6600,100
56028053833827,15:33:48.053,36.6600,49
56028053836647,15:33:48.053,36.6600,28
56030387466060,15:33:50.387,36.6600,23
56030387466060,15:33:50.387,36.6600,100
56030387612549,15:33:50.387,36.6600,100
56030387612549,15:33:50.387,36.6600,100
56030387616788,15:33:50.387,36.6600,100
56030387629953,15:33:50.387,36.6600,100
56030387629953,15:33:50.387,36.6600,100
56030387629953,15:33:50.387,36.6600,100
56030387732509,15:33:50.387,36.6600,100
56030387732509,15:33:50.387,36.6600,100
56030387747415,15:33:50.387,36.6600,100
56030387747415,15:33:50.387,36.6600,100
56030387747415,15:33:50.387,36.6600,100
56032266249249,15:33:52.266,36.6600,100
56040209376087,15:34:00.209,36.6600,100
56040209376087,15:34:00.209,36.6600,100
56040209748290,15:34:00.209,36.6600,100
56040209748290,15:34:00.209,36.6600,100
56052157437324,15:34:12.157,36.6600,100
56052157543077,15:34:12.157,36.6600,100
56052157946974,15:34:12.157,36.6600,100
56052157960518,15:34:12.157,36.6600,90
56052158083798,15:34:12.158,36.6600,100
56052158083798,15:34:12.158,36.6600,100
56052158106939,15:34:12.158,36.6600,100
56052158106939,15:34:12.158,36.6600,100
56052158106939,15:34:12.158,36.6600,100
56052158191941,15:34:12.158,36.6600,100
56052981916244,15:34:12.981,36.6600,100
56052982135072,15:34:12.982,36.6600,200
56059069523295,15:34:19.069,36.6600,100
56059069652631,15:34:19.069,36.6600,100
56059069677308,15:34:19.069,36.6600,100
56062336040443,15:34:22.336,36.6600,90
56062341992527,15:34:22.341,36.6600,10
56062341992527,15:34:22.341,36.6600,90
56095929461164,15:34:55.929,36.6600,10
56095929461164,15:34:55.929,36.6600,90
56095930801002,15:34:55.930,36.6600,10
56095930801002,15:34:55.930,36.6600,100
56095930801002,15:34:55.930,36.6600,90
56096181000649,15:34:56.181,36.6600,100
56096181000649,15:34:56.181,36.6600,100
56096181000649,15:34:56.181,36.6600,100
56097686931302,15:34:57.686,36.6600,100
56097686931302,15:34:57.686,36.6600,100
56097687064276,15:34:57.687,36.6600,100
56097687128016,15:34:57.687,36.6600,200
56097687861182,15:34:57.687,36.6600,100
56097687968577,15:34:57.687,36.6600,100
56104598616703,15:35:04.598,36.6700,100
56104598616703,15:35:04.598,36.6700,59
56104598720865,15:35:04.598,36.6700,41
56104598720865,15:35:04.598,36.6700,100
56104598720865,15:35:04.598,36.6700,18
56104598721995,15:35:04.598,36.6700,82
56104598721995,15:35:04.598,36.6700,67
56104598755479,15:35:04.598,36.6700,33
56104598761632,15:35:04.598,36.6700,33
56104598877263,15:35:04.598,36.6700,100
56104599812809,15:35:04.599,36.6800,100
56104599868398,15:35:04.599,36.6800,100
56104599868398,15:35:04.599,36.6800,100
56112554815167,15:35:12.554,36.6800,100
56112554815167,15:35:12.554,36.6800,100
56117528500210,15:35:17.528,36.6800,6
56128767370940,15:35:28.767,36.6800,90
56168115061639,15:36:08.115,36.6700,100
56168115061639,15:36:08.115,36.6700,2
56168115061639,15:36:08.115,36.6700,100
56168115061639,15:36:08.115,36.6700,14
56173183460424,15:36:13.183,36.6600,100
56173183460424,15:36:13.183,36.6600,30
56173183494272,15:36:13.183,36.6600,70
56173183494272,15:36:13.183,36.6600,130
56173183541830,15:36:13.183,36.6600,100
56173184399249,15:36:13.184,36.6600,100
56173184399249,15:36:13.184,36.6600,100
56173188504249,15:36:13.188,36.6600,100
56173203678322,15:36:13.203,36.6600,100
56173203913258,15:36:13.203,36.6600,500
56173505167202,15:36:13.505,36.6600,100
56177658947482,15:36:17.658,36.6700,100
56177658947482,15:36:17.658,36.6700,100
56177658947482,15:36:17.658,36.6700,200
56177658947482,15:36:17.658,36.6700,18
56181973249401,15:36:21.973,36.6800,83
56181973711837,15:36:21.973,36.6800,17
56181973711837,15:36:21.973,36.6800,100
56181973784856,15:36:21.973,36.6800,6
56181978961263,15:36:21.978,36.6800,94
56181978961263,15:36:21.978,36.6800,6
56244910104451,15:37:24.910,36.6800,94
56244910104451,15:37:24.910,36.6800,6
56247016039495,15:37:27.016,36.6800,94
56247016039495,15:37:27.016,36.6800,100
56247016381972,15:37:27.016,36.6800,100
56247016409945,15:37:27.016,36.6800,100
56247790548112,15:37:27.790,36.6800,100
56247791516609,15:37:27.791,36.6800,5
56250529787201,15:37:30.529,36.6800,200
56276389196365,15:37:56.389,36.6800,49
56276389197657,15:37:56.389,36.6800,49
56276389199366,15:37:56.389,36.6800,2
56276397959256,15:37:56.397,36.6700,100
56279222720857,15:37:59.222,36.6700,40
56279222746790,15:37:59.222,36.6700,60
56281571841944,15:38:01.571,36.6700,100
56297898548968,15:38:17.898,36.6600,83
56297898582622,15:38:17.898,36.6600,17
56297898582622,15:38:17.898,36.6600,100
56297900420063,15:38:17.900,36.6600,11
56309192802415,15:38:29.192,36.6600,11
56309492943165,15:38:29.492,36.6600,9
56317428093651,15:38:37.428,36.6600,100
56317428093651,15:38:37.428,36.6600,49
56317428532221,15:38:37.428,36.6600,51
56317428532221,15:38:37.428,36.6600,49
56317428572684,15:38:37.428,36.6600,149
56317428604976,15:38:37.428,36.6600,2
56317428604976,15:38:37.428,36.6600,100
56317435739320,15:38:37.435,36.6600,100
56317436562594,15:38:37.436,36.6600,100
56323523291944,15:38:43.523,36.6600,100
56326035130619,15:38:46.035,36.6600,100
56344310301960,15:39:04.310,36.6500,100
56344310336215,15:39:04.310,36.6500,100
56344310336215,15:39:04.310,36.6500,2
56344310336215,15:39:04.310,36.6500,100
56361422855828,15:39:21.422,36.6400,100
56370707600279,15:39:30.707,36.6300,100
56370707627174,15:39:30.707,36.6300,71
56370707627174,15:39:30.707,36.6300,100
56370707627174,15:39:30.707,36.6300,100
56397917730944,15:39:57.917,36.6100,100
56397917730944,15:39:57.917,36.6100,100
56398264933541,15:39:58.264,36.6000,100
56403036020377,15:40:03.036,36.6000,300
56404086774055,15:40:04.086,36.6000,100
56410696426432,15:40:10.696,36.6000,23
56411275849024,15:40:11.275,36.6000,77
56412165320044,15:40:12.165,36.6000,200
56412165925134,15:40:12.165,36.6000,100
56412166157287,15:40:12.166,36.6000,100
56412166400818,15:40:12.166,36.5900,100
56426591525051,15:40:26.591,36.5900,23
56426749446371,15:40:26.749,36.5900,77
56426749446371,15:40:26.749,36.5900,23
56426749457312,15:40:26.749,36.5900,77
56426749457312,15:40:26.749,36.5900,23
56426749460486,15:40:26.749,36.5900,77
56426749460486,15:40:26.749,36.5900,11
56426749495763,15:40:26.749,36.5900,77
56426749512166,15:40:26.749,36.5900,12
56443065182993,15:40:43.065,36.5900,100
56443065182993,15:40:43.065,36.5900,95
56446594026934,15:40:46.594,36.5900,100
56463207271738,15:41:03.207,36.5800,100
56474234905816,15:41:14.234,36.5800,100
56480463228005,15:41:20.463,36.5700,2
56480463228005,15:41:20.463,36.5700,28
56480467327171,15:41:20.467,36.5700,72
56480468803246,15:41:20.468,36.5700,100
56498906966627,15:41:38.906,36.5400,100
56498907004973,15:41:38.907,36.5400,100
56498907006716,15:41:38.907,36.5400,28
56498907012772,15:41:38.907,36.5400,72
56553078134289,15:42:33.078,36.5400,19
56553078134289,15:42:33.078,36.5400,100
56553078134289,15:42:33.078,36.5400,100
56553078693114,15:42:33.078,36.5500,12
56554044855001,15:42:34.044,36.5500,100
56554044855001,15:42:34.044,36.5500,100
56554044855001,15:42:34.044,36.5500,100
56554048254450,15:42:34.048,36.5500,100
56561614591602,15:42:41.614,36.5600,100
56561614601419,15:42:41.614,36.5600,10
56561614603203,15:42:41.614,36.5600,49
56561614905709,15:42:41.614,36.5600,41
56561614905709,15:42:41.614,36.5600,59
56561614913884,15:42:41.614,36.5600,41
56580113325910,15:43:00.113,36.5800,100
56580115641800,15:43:00.115,36.5800,100
56580212550617,15:43:00.212,36.6000,50
56580212550617,15:43:00.212,36.6000,100
56580212550617,15:43:00.212,36.6000,50
56580254245404,15:43:00.254,36.6000,4
56581055295087,15:43:01.055,36.6000,46
56581056333944,15:43:01.056,36.6100,21
56581056333944,15:43:01.056,36.6100,10
56581056333944,15:43:01.056,36.6100,5
56614873779946,15:43:34.873,36.6100,58
56624009447403,15:43:44.009,36.6100,42
56624009447403,15:43:44.009,36.6100,58
56624009482265,15:43:44.009,36.6100,42
56624009482265,15:43:44.009,36.6100,100
56624009482265,15:43:44.009,36.6100,100
56624049710974,15:43:44.049,36.6200,100
56632537773512,15:43:52.537,36.6200,22
56652217131378,15:44:12.217,36.6100,100
56652217184265,15:44:12.217,36.6100,49
56652217208926,15:44:12.217,36.6100,51
56652217334238,15:44:12.217,36.6100,100
56652224442000,15:44:12.224,36.6000,100
56652446439264,15:44:12.446,36.6100,100
56654697652881,15:44:14.697,36.6100,77
56666924056910,15:44:26.924,36.6100,23
56666924056910,15:44:26.924,36.6100,100
56666924056910,15:44:26.924,36.6100,100
56666924591151,15:44:26.924,36.6100,100
56666924648115,15:44:26.924,36.6100,100
56689060625305,15:44:49.060,36.5900,100
56689060625305,15:44:49.060,36.5900,100
56691289993615,15:44:51.289,36.5800,200
56696466523921,15:44:56.466,36.5900,132
56696466523921,15:44:56.466,36.5900,17
56696466537111,15:44:56.466,36.5900,49
56696466539428,15:44:56.466,36.5900,34
56703303133470,15:45:03.303,36.6000,100
56711666042692,15:45:11.666,36.5900,100
56714943936756,15:45:14.943,36.5700,100
56737234425669,15:45:37.234,36.5900,100
56737234615547,15:45:37.234,36.5900,51
56737234615964,15:45:37.234,36.5900,49
56756266303728,15:45:56.266,36.6000,100
56756266303728,15:45:56.266,36.6000,29
56756266343815,15:45:56.266,36.6000,51
56756266370815,15:45:56.266,36.6000,20
56756266370815,15:45:56.266,36.6000,100
56757556871328,15:45:57.556,36.6100,100
56757556894719,15:45:57.556,36.6100,100
56757556894719,15:45:57.556,36.6100,100
56761571253161,15:46:01.571,36.6100,100
56761571457219,15:46:01.571,36.6100,59
56762609863521,15:46:02.609,36.6000,100
56782910101832,15:46:22.910,36.5900,1
56782910172945,15:46:22.910,36.5900,99
56782910172945,15:46:22.910,36.5900,100
56782910172945,15:46:22.910,36.5900,59
56782910699002,15:46:22.910,36.5900,100
56797574509821,15:46:37.574,36.5900,100
56797574509821,15:46:37.574,36.5900,100
56797574509821,15:46:37.574,36.5900,100
56797575332975,15:46:37.575,36.5900,200
56814858986932,15:46:54.858,36.5900,100
56832485937981,15:47:12.485,36.5900,100
56832485964745,15:47:12.485,36.5900,100
56832485964745,15:47:12.485,36.5900,100
56832485964745,15:47:12.485,36.5900,47
56852671791105,15:47:32.671,36.5900,100
56855085900088,15:47:35.085,36.5800,100
56859020777520,15:47:39.020,36.5800,1
56859020777520,15:47:39.020,36.5800,80
56861888905878,15:47:41.888,36.5800,20
56861888905878,15:47:41.888,36.5800,80
56861888916695,15:47:41.888,36.5800,20
56861888925668,15:47:41.888,36.5800,20
56861888951699,15:47:41.888,36.5800,120
56861889212244,15:47:41.889,36.5800,53
56861889251629,15:47:41.889,36.5800,7
56861889251629,15:47:41.889,36.5800,100
56877275922153,15:47:57.275,36.5800,2
56877275966398,15:47:57.275,36.5800,98
56877275966398,15:47:57.275,36.5800,2
56877275978153,15:47:57.275,36.5800,70
56877275979603,15:47:57.275,36.5800,28
56877275979603,15:47:57.275,36.5800,56
56877275995208,15:47:57.275,36.5800,44
56877275995208,15:47:57.275,36.5800,200
56877280672056,15:47:57.280,36.5800,300
56877280672056,15:47:57.280,36.5800,156
56877280672056,15:47:57.280,36.5800,100
56897886165712,15:48:17.886,36.5900,1
56898216543601,15:48:18.216,36.5900,100
56898949402734,15:48:18.949,36.5900,199
56898949402734,15:48:18.949,36.5900,100
56927995167443,15:48:47.995,36.5800,100
56927995167443,15:48:47.995,36.5800,59
56927995167443,15:48:47.995,36.5800,46
56928025237262,15:48:48.025,36.5800,14
56928025237262,15:48:48.025,36.5800,86
56947121021309,15:49:07.121,36.5800,1
57001041397607,15:50:01.041,36.5800,99
57001041397607,15:50:01.041,36.5800,1
57004079067083,15:50:04.079,36.5800,199
57004079067083,15:50:04.079,36.5800,100
57004079067083,15:50:04.079,36.5800,200
57004079067083,15:50:04.079,36.5800,100
57004079410263,15:50:04.079,36.5800,96
57004079563798,15:50:04.079,36.5800,96
57004079792996,15:50:04.079,36.5800,8
57004079792996,15:50:04.079,36.5800,100
57004079792996,15:50:04.079,36.5800,100
57004079839420,15:50:04.079,36.5800,100
57004079999649,15:50:04.079,36.5800,100
57017272934326,15:50:17.272,36.5800,43
57017272934326,15:50:17.272,36.5800,57
57017326302906,15:50:17.326,36.5800,132
57017326302906,15:50:17.326,36.5800,68
57030834240109,15:50:30.834,36.5800,76
57030834456900,15:50:30.834,36.5800,100
57030834682028,15:50:30.834,36.5800,13
57030834682028,15:50:30.834,36.5800,36
57030834994819,15:50:30.834,36.5800,64
57030834994819,15:50:30.834,36.5800,100
57064890642465,15:51:04.890,36.5700,3
57064894296797,15:51:04.894,36.5700,4
57081356071059,15:51:21.356,36.5700,4
57081356071059,15:51:21.356,36.5700,139
57081356108100,15:51:21.356,36.5700,39
57081356520877,15:51:21.356,36.5700,22
57081356520877,15:51:21.356,36.5700,78
57081814289962,15:51:21.814,36.5700,77
57081814289962,15:51:21.814,36.5700,23
57095508673120,15:51:35.508,36.5700,77
57095508673120,15:51:35.508,36.5700,300
57095508822713,15:51:35.508,36.5700,100
57095508822713,15:51:35.508,36.5700,100
57095509315791,15:51:35.509,36.5700,100
57095510393809,15:51:35.510,36.5700,123
57097523711300,15:51:37.523,36.5700,100
57098250248154,15:51:38.250,36.5700,100
57125431713865,15:52:05.431,36.5600,40
57125514590595,15:52:05.514,36.5600,100
57125515727921,15:52:05.515,36.5600,160
57125515727921,15:52:05.515,36.5600,123
57125515727921,15:52:05.515,36.5600,100
57125515727921,15:52:05.515,36.5600,100
57125515727921,15:52:05.515,36.5600,300
57125515727921,15:52:05.515,36.5600,100
57125516181814,15:52:05.516,36.5600,50
57128876896596,15:52:08.876,36.5600,300
57128877055955,15:52:08.877,36.5600,100
57128877055955,15:52:08.877,36.5600,100
57146187200094,15:52:26.187,36.5500,100
57146187238448,15:52:26.187,36.5500,49
57146187430446,15:52:26.187,36.5500,15
57146187430446,15:52:26.187,36.5500,35
57153649083393,15:52:33.649,36.5500,49
57155662683372,15:52:35.662,36.5500,51
57155662683372,15:52:35.662,36.5500,7
57155662683372,15:52:35.662,36.5500,42
57155663172806,15:52:35.663,36.5500,58
57155663172806,15:52:35.663,36.5500,100
57155663172806,15:52:35.663,36.5500,42
57155663498413,15:52:35.663,36.5500,58
57155663498413,15:52:35.663,36.5500,42
57155663543185,15:52:35.663,36.5500,7
57155664385728,15:52:35.664,36.5500,100
57156089442271,15:52:36.089,36.5500,100
57157287333882,15:52:37.287,36.5500,82
57164781202414,15:52:44.781,36.5500,18
57225599132458,15:53:45.599,36.5400,100
57225599132458,15:53:45.599,36.5400,100
57225599132458,15:53:45.599,36.5400,100
57225599132458,15:53:45.599,36.5400,43
57225599132458,15:53:45.599,36.5400,100
57225599237063,15:53:45.599,36.5400,1
57225599259782,15:53:45.599,36.5400,2
57226160357319,15:53:46.160,36.5400,10
57227092093930,15:53:47.092,36.5400,200
57227092093930,15:53:47.092,36.5400,200
57231275083375,15:53:51.275,36.5400,100
57239688881661,15:53:59.688,36.5400,3
57239691717893,15:53:59.691,36.5400,3
57239773997195,15:53:59.773,36.5400,72
57247143263122,15:54:07.143,36.5400,8
57247143590813,15:54:07.143,36.5400,14
57247143590813,15:54:07.143,36.5400,100
57247143590813,15:54:07.143,36.5400,43
57247143590813,15:54:07.143,36.5400,100
57250508314375,15:54:10.508,36.5300,4
57250508509185,15:54:10.508,36.5300,96
57250508509185,15:54:10.508,36.5300,4
57251267708999,15:54:11.267,36.5300,79
57265175031521,15:54:25.175,36.5300,117
57265175031521,15:54:25.175,36.5300,83
57287774755273,15:54:47.774,36.5300,17
57287774755273,15:54:47.774,36.5300,23
57300075949933,15:55:00.075,36.5400,20
57300075949933,15:55:00.075,36.5400,129
57300075993718,15:55:00.075,36.5400,71
57300075993718,15:55:00.075,36.5400,122
57300076092564,15:55:00.076,36.5400,178
57300076092564,15:55:00.076,36.5400,100
57300076092564,15:55:00.076,36.5400,36
57300076092564,15:55:00.076,36.5400,100
57300076092564,15:55:00.076,36.5400,600
57300076092564,15:55:00.076,36.5400,200
57300076586377,15:55:00.076,36.5400,99
57300076629380,15:55:00.076,36.5400,1
57300076633983,15:55:00.076,36.5400,100
57300076672914,15:55:00.076,36.5400,100
57300185102149,15:55:00.185,36.5300,25
57300185102149,15:55:00.185,36.5300,100
57300185102149,15:55:00.185,36.5300,75
57300185110601,15:55:00.185,36.5300,325
57300185110601,15:55:00.185,36.5300,100
57300185110601,15:55:00.185,36.5300,100
57300185110601,15:55:00.185,36.5300,100
57300185110601,15:55:00.185,36.5300,200
57300185110601,15:55:00.185,36.5300,200
57300185110601,15:55:00.185,36.5200,100
57300185110601,15:55:00.185,36.5100,100
57300185110601,15:55:00.185,36.5100,100
57300185110601,15:55:00.185,36.5100,100
57300185110601,15:55:00.185,36.4800,100
57300272049076,15:55:00.272,36.5300,300
57301190149374,15:55:01.190,36.4900,200
57301190149374,15:55:01.190,36.4900,200
57301190206988,15:55:01.190,36.4900,100
57301190206988,15:55:01.190,36.4900,100
57301190260332,15:55:01.190,36.4900,100
57301190278965,15:55:01.190,36.4900,99
57301190464330,15:55:01.190,36.4900,1
57301190594430,15:55:01.190,36.5000,100
57301190898519,15:55:01.190,36.5000,100
57301190898519,15:55:01.190,36.5000,100
57301191482277,15:55:01.191,36.4900,100
57301191482277,15:55:01.191,36.4900,100
57301191482277,15:55:01.191,36.4900,100
57301191484567,15:55:01.191,36.4800,100
57301191484567,15:55:01.191,36.4800,99
57301191484567,15:55:01.191,36.4800,1
57301192252499,15:55:01.192,36.5000,1
57302034854590,15:55:02.034,36.4700,200
57302034854590,15:55:02.034,36.4700,200
57302036678934,15:55:02.036,36.4600,500
57302036678934,15:55:02.036,36.4600,100
57302036678934,15:55:02.036,36.4600,68
57302040715771,15:55:02.040,36.4600,100
57302040912890,15:55:02.040,36.4600,100
57302041264820,15:55:02.041,36.4600,49
57302664732809,15:55:02.664,36.4600,100
57302699358655,15:55:02.699,36.4700,13
57303805227198,15:55:03.805,36.4700,86
57303805227198,15:55:03.805,36.4700,14
57303805305561,15:55:03.805,36.4700,86
57303805305561,15:55:03.805,36.4700,100
57304267179070,15:55:04.267,36.4700,200
57304267179070,15:55:04.267,36.4700,100
57304267179070,15:55:04.267,36.4700,100
57304267179070,15:55:04.267,36.4700,100
57310119031241,15:55:10.119,36.4700,100
57310123334484,15:55:10.123,36.4700,100
57310123822082,15:55:10.123,36.4700,100
57310126494813,15:55:10.126,36.4700,100
57310148510668,15:55:10.148,36.4700,41
57313404730455,15:55:13.404,36.4700,200
57321716233106,15:55:21.716,36.4700,3
57321871341297,15:55:21.871,36.4600,100
57321955967274,15:55:21.955,36.4700,100
57329201435526,15:55:29.201,36.4600,100
57334412673307,15:55:34.412,36.4700,563
57334412673307,15:55:34.412,36.4700,200
57334412673307,15:55:34.412,36.4700,84
57334412673307,15:55:34.412,36.4700,43
57334412673307,15:55:34.412,36.4700,100
57334412673307,15:55:34.412,36.4700,110
57334412741594,15:55:34.412,36.4700,400
57334412768985,15:55:34.412,36.4700,890
57334419352581,15:55:34.419,36.4800,100
57334438994412,15:55:34.438,36.4750,200
57334777701793,15:55:34.777,36.4800,186
57334777701793,15:55:34.777,36.4800,100
57334777701793,15:55:34.777,36.4800,100
57335251761705,15:55:35.251,36.4900,100
57335251761705,15:55:35.251,36.4900,100
57335251761705,15:55:35.251,36.4900,100
57335251761705,15:55:35.251,36.4900,200
57335256382941,15:55:35.256,36.4900,100
57347228322154,15:55:47.228,36.4850,95
57362871447159,15:56:02.871,36.4800,100
57369423359590,15:56:09.423,36.4850,85
57370026761885,15:56:10.026,36.4900,100
57370026761885,15:56:10.026,36.4900,100
57370026761885,15:56:10.026,36.4900,61
57370026791991,15:56:10.026,36.4900,39
57370026791991,15:56:10.026,36.4900,43
57370026791991,15:56:10.026,36.4900,682
57370026793136,15:56:10.026,36.4900,461
57370026834530,15:56:10.026,36.4900,48
57370026844076,15:56:10.026,36.4900,509
57370026844076,15:56:10.026,36.4900,100
57370047426214,15:56:10.047,36.5000,51
57370047426214,15:56:10.047,36.5000,100
57370047426214,15:56:10.047,36.5000,100
57370047426214,15:56:10.047,36.5000,302
57370060467203,15:56:10.060,36.5100,19
57370060467203,15:56:10.060,36.5100,1
57370060467203,15:56:10.060,36.5100,80
57371323888897,15:56:11.323,36.5100,20
57371323888897,15:56:11.323,36.5100,100
57371323888897,15:56:11.323,36.5100,302
57371323888897,15:56:11.323,36.5100,100
57371379099155,15:56:11.379,36.5100,1
57371828868688,15:56:11.828,36.5100,200
57372701352044,15:56:12.701,36.5200,20
57372701352044,15:56:12.701,36.5200,100
57372701352044,15:56:12.701,36.5200,100
57372701352044,15:56:12.701,36.5200,80
57374486876752,15:56:14.486,36.5200,68
57377688848776,15:56:17.688,36.5200,100
57377688930265,15:56:17.688,36.5200,200
57377688930265,15:56:17.688,36.5200,100
57377688930265,15:56:17.688,36.5200,100
57377688930265,15:56:17.688,36.5200,300
57377689677893,15:56:17.689,36.5200,100
57377696233871,15:56:17.696,36.5200,100
57377696233871,15:56:17.696,36.5200,200
57377794116195,15:56:17.794,36.5200,43
57377794145269,15:56:17.794,36.5200,188
57379997390899,15:56:19.997,36.5100,100
57390606144345,15:56:30.606,36.5000,100
57394995885575,15:56:34.995,36.5000,76
57395611581144,15:56:35.611,36.5000,200
57395611581144,15:56:35.611,36.5000,200
57395611581144,15:56:35.611,36.5000,149
57395611730650,15:56:35.611,36.5000,100
57395611733315,15:56:35.611,36.5000,100
57395611733315,15:56:35.611,36.5000,100
57400001423552,15:56:40.001,36.5000,100
57400001423552,15:56:40.001,36.5000,3
57404997990616,15:56:44.997,36.5000,170
57404998015337,15:56:44.998,36.5000,130
57404998015337,15:56:44.998,36.5000,67
57404998019393,15:56:44.998,36.5000,197
57404999746972,15:56:44.999,36.5000,3
57404999746972,15:56:44.999,36.5000,100
57405004031385,15:56:45.004,36.5000,200
57409594914781,15:56:49.594,36.4900,20
57411760438861,15:56:51.760,36.4900,80
57411760438861,15:56:51.760,36.4900,20
57415590180601,15:56:55.590,36.4900,17
57417531113251,15:56:57.531,36.4900,163
57417531113251,15:56:57.531,36.4900,37
57417531142079,15:56:57.531,36.4900,63
57417531142079,15:56:57.531,36.4900,100
57417531142079,15:56:57.531,36.4900,100
57417531142079,15:56:57.531,36.4900,37
57417531895991,15:56:57.531,36.4900,100
57417532362150,15:56:57.532,36.4900,100
57417532438066,15:56:57.532,36.4900,100
57420102040389,15:57:00.102,36.4800,95
57428627033664,15:57:08.627,36.4900,6
57428627752788,15:57:08.627,36.4900,98
57431992925524,15:57:11.992,36.4900,100
57443133474913,15:57:23.133,36.4850,100
57449071453861,15:57:29.071,36.4850,48
57457508000521,15:57:37.508,36.4800,100
57464395208234,15:57:44.395,36.4800,5
57464395208234,15:57:44.395,36.4800,131
57464395245434,15:57:44.395,36.4800,69
57464395245434,15:57:44.395,36.4800,81
57464395259085,15:57:44.395,36.4800,19
57464395259085,15:57:44.395,36.4800,81
57464395261163,15:57:44.395,36.4800,19
57464395261163,15:57:44.395,36.4800,81
57464395262049,15:57:44.395,36.4800,119
57464395262049,15:57:44.395,36.4800,80
57464395272488,15:57:44.395,36.4800,20
57464395272488,15:57:44.395,36.4800,100
57464395272488,15:57:44.395,36.4800,18
57464395272488,15:57:44.395,36.4800,148
57464395330133,15:57:44.395,36.4800,52
57464395330133,15:57:44.395,36.4800,48
57464395415484,15:57:44.395,36.4800,52
57464395416921,15:57:44.395,36.4800,100
57464395416921,15:57:44.395,36.4800,100
57464395420341,15:57:44.395,36.4800,48
57464395420341,15:57:44.395,36.4800,52
57464395552342,15:57:44.395,36.4800,100
57464395578777,15:57:44.395,36.4800,100
57464395578777,15:57:44.395,36.4800,38
57464395681417,15:57:44.395,36.4800,48
57464395765447,15:57:44.395,36.4800,55
57464396077724,15:57:44.396,36.4800,97
57464397568277,15:57:44.397,36.4800,3
57474674312328,15:57:54.674,36.4700,100
57482055849142,15:58:02.055,36.4800,100
57482055849142,15:58:02.055,36.4800,100
57482055849142,15:58:02.055,36.4800,100
57482055849142,15:58:02.055,36.4800,147
57482055891673,15:58:02.055,36.4800,44
57482584288279,15:58:02.584,36.4750,90
57482602780994,15:58:02.602,36.4800,9
57482602780994,15:58:02.602,36.4800,91
57482849825487,15:58:02.849,36.4800,9
57482849825487,15:58:02.849,36.4800,25
57484559289541,15:58:04.559,36.4800,75
57484559289541,15:58:04.559,36.4800,100
57484559289541,15:58:04.559,36.4800,100
57484559289541,15:58:04.559,36.4800,100
57484559289541,15:58:04.559,36.4800,100
57484858720696,15:58:04.858,36.4800,200
57484858720696,15:58:04.858,36.4800,13
57484858720696,15:58:04.858,36.4800,43
57484858720696,15:58:04.858,36.4800,17
57485154851444,15:58:05.154,36.4850,100
57485154851444,15:58:05.154,36.4900,100
57485154851444,15:58:05.154,36.4900,400
57486431808606,15:58:06.431,36.4900,100
57492176116522,15:58:12.176,36.4850,100
57492176116522,15:58:12.176,36.4900,28
57496377781712,15:58:16.377,36.4800,100
57496378152715,15:58:16.378,36.4800,2
57510670450770,15:58:30.670,36.4900,400
57511165376193,15:58:31.165,36.4850,100
57511169777562,15:58:31.169,36.4800,47
57511169777562,15:58:31.169,36.4800,11
57511169777562,15:58:31.169,36.4800,123
57511170243537,15:58:31.170,36.4800,77
57511170243537,15:58:31.170,36.4800,43
57511170243537,15:58:31.170,36.4800,100
57511170243537,15:58:31.170,36.4800,1
57511170243537,15:58:31.170,36.4800,100
57511170243537,15:58:31.170,36.4800,330
57513647087850,15:58:33.647,36.4800,90
57514156195259,15:58:34.156,36.4800,20
57515231624431,15:58:35.231,36.4800,5
57524859437108,15:58:44.859,36.4800,75
57524859437108,15:58:44.859,36.4800,25
57526516710445,15:58:46.516,36.4900,100
57526523023703,15:58:46.523,36.4900,99
57526523077420,15:58:46.523,36.4900,73
57526523077420,15:58:46.523,36.4900,27
57526523310593,15:58:46.523,36.4900,73
57526523310593,15:58:46.523,36.4900,12
57526523365847,15:58:46.523,36.4900,49
57526523367915,15:58:46.523,36.4900,15
57526689335202,15:58:46.689,36.4900,24
57526689335202,15:58:46.689,36.4900,76
57532096366669,15:58:52.096,36.4850,100
57540045023744,15:59:00.045,36.4900,24
57540045023744,15:59:00.045,36.4900,76
57542683658333,15:59:02.683,36.4900,12
57542683658333,15:59:02.683,36.4900,38
57542683671564,15:59:02.683,36.4900,50
57542780590037,15:59:02.780,36.4900,12
57542780590037,15:59:02.780,36.4900,67
57542780890978,15:59:02.780,36.4900,100
57542837511983,15:59:02.837,36.4900,172
57542837511983,15:59:02.837,36.4900,100
57542837511983,15:59:02.837,36.4900,156
57542837914489,15:59:02.837,36.4900,100
57542841067508,15:59:02.841,36.4900,59
57542969995536,15:59:02.969,36.5000,100
57542969995536,15:59:02.969,36.5000,100
57544572416566,15:59:04.572,36.5000,100
57549141258856,15:59:09.141,36.4950,20
57550203231484,15:59:10.203,36.5000,201
57550337062412,15:59:10.337,36.5000,38
57550337062412,15:59:10.337,36.5000,62
57555136746486,15:59:15.136,36.5000,100
57555161019441,15:59:15.161,36.4950,100
57555161019441,15:59:15.161,36.4900,441
57555161019441,15:59:15.161,36.4900,149
57555161019441,15:59:15.161,36.4900,65
57555161019441,15:59:15.161,36.4900,100
57555161019441,15:59:15.161,36.4900,100
57555161019441,15:59:15.161,36.4900,100
57555161019441,15:59:15.161,36.4900,31
57555161019441,15:59:15.161,36.4900,30
57555161019441,15:59:15.161,36.4900,100
57555161019441,15:59:15.161,36.4900,200
57555161019441,15:59:15.161,36.4900,100
57555161019441,15:59:15.161,36.4900,100
57555161019441,15:59:15.161,36.4900,100
57555161918341,15:59:15.161,36.4800,100
57555161918341,15:59:15.161,36.4800,100
57555161918341,15:59:15.161,36.4800,100
57555161918341,15:59:15.161,36.4800,100
57555252697035,15:59:15.252,36.4800,100
57555453600374,15:59:15.453,36.4900,100
57555454887327,15:59:15.454,36.5000,38
57555454887327,15:59:15.454,36.5000,97
57559393137743,15:59:19.393,36.4900,100
57561731720493,15:59:21.731,36.4900,49
57561731720493,15:59:21.731,36.4900,100
57561731720493,15:59:21.731,36.4900,441
57561731720493,15:59:21.731,36.4900,64
57561731720493,15:59:21.731,36.4900,73
57561731720493,15:59:21.731,36.4900,100
57561731720493,15:59:21.731,36.4900,412
57561731720493,15:59:21.731,36.4900,100
57561731720493,15:59:21.731,36.4900,100
57561732816193,15:59:21.732,36.4800,100
57561732816193,15:59:21.732,36.4800,200
57561733675269,15:59:21.733,36.4800,10
57561735680526,15:59:21.735,36.4800,10
57561753437656,15:59:21.753,36.4800,200
57561855315605,15:59:21.855,36.4900,100
57561855315605,15:59:21.855,36.5000,100
57561855315605,15:59:21.855,36.5000,149
57561855315605,15:59:21.855,36.5000,51
57566715790764,15:59:26.715,36.4800,100
57567306159954,15:59:27.306,36.4900,10
57567306159954,15:59:27.306,36.4900,90
57568367598220,15:59:28.367,36.4850,100
57568367598220,15:59:28.367,36.4800,49
57568367598220,15:59:28.367,36.4800,441
57568367598220,15:59:28.367,36.4800,412
57568367598220,15:59:28.367,36.4800,100
57568367598220,15:59:28.367,36.4800,100
57568367598220,15:59:28.367,36.4800,100
57568367598220,15:59:28.367,36.4700,100
57568367598220,15:59:28.367,36.4700,300
57568367598220,15:59:28.367,36.4700,100
57568367598220,15:59:28.367,36.4700,100
57568367598220,15:59:28.367,36.4700,100
57568367598220,15:59:28.367,36.4700,900
57568367598220,15:59:28.367,36.4700,100
57568367598220,15:59:28.367,36.4700,100
57568572600696,15:59:28.572,36.4800,200
57568842938399,15:59:28.842,36.4800,100
57569375178742,15:59:29.375,36.4900,100
57570013889001,15:59:30.013,36.4900,100
57570189422877,15:59:30.189,36.4900,20
57571136029283,15:59:31.136,36.5000,100
57574928686749,15:59:34.928,36.4900,100
57575175508050,15:59:35.175,36.4900,321
57575175508050,15:59:35.175,36.4900,149
57575175508050,15:59:35.175,36.4900,100
57575175508050,15:59:35.175,36.4900,100
57575175508050,15:59:35.175,36.4900,412
57575175508050,15:59:35.175,36.4900,100
57575175508050,15:59:35.175,36.4900,100
57575176155557,15:59:35.176,36.4800,200
57575176155557,15:59:35.176,36.4800,100
57575176155557,15:59:35.176,36.4800,100
57575176155557,15:59:35.176,36.4800,100
57575176155557,15:59:35.176,36.4800,1100
57575176155557,15:59:35.176,36.4800,100
57575176155557,15:59:35.176,36.4800,100
57575176155557,15:59:35.176,36.4800,100
57575176155557,15:59:35.176,36.4800,100
57575177571594,15:59:35.177,36.4700,100
57575177571594,15:59:35.177,36.4700,100
57575179385841,15:59:35.179,36.4700,100
57575179488560,15:59:35.179,36.4700,100
57575182077696,15:59:35.182,36.4700,200
57577744259270,15:59:37.744,36.4800,100
57577744259270,15:59:37.744,36.4800,100
57577745436423,15:59:37.745,36.4800,100
57580563097474,15:59:40.563,36.4900,100
57580936995954,15:59:40.936,36.4800,26
57581258607503,15:59:41.258,36.4800,100
57581296514245,15:59:41.296,36.4800,23
57581296514245,15:59:41.296,36.4800,200
57581296514245,15:59:41.296,36.4800,100
57581296514245,15:59:41.296,36.4800,100
57581297104656,15:59:41.297,36.4700,100
57581297104656,15:59:41.297,36.4700,1100
57581297104656,15:59:41.297,36.4700,412
57581297104656,15:59:41.297,36.4700,441
57581304943406,15:59:41.304,36.4700,100
57581384556360,15:59:41.384,36.4900,441
57581384556360,15:59:41.384,36.4900,100
57581384556360,15:59:41.384,36.4900,100
57581384556360,15:59:41.384,36.4900,59
57582124633848,15:59:42.124,36.4900,41
57582124633848,15:59:42.124,36.4900,100
57582124633848,15:59:42.124,36.4900,100
57585170944570,15:59:45.170,36.4900,149
57585170944570,15:59:45.170,36.4900,441
57585170944570,15:59:45.170,36.4900,100
57585170944570,15:59:45.170,36.4900,100
57585170944570,15:59:45.170,36.4900,100
57585170944570,15:59:45.170,36.4900,100
57585170944570,15:59:45.170,36.4800,100
57585170944570,15:59:45.170,36.4800,116
57587232908054,15:59:47.232,36.4850,100
57587232908054,15:59:47.232,36.4900,100
57587232908054,15:59:47.232,36.4900,441
57587232908054,15:59:47.232,36.4900,59
57587467007171,15:59:47.467,36.4900,100
57589503413473,15:59:49.503,36.4850,100
57589511426856,15:59:49.511,36.4850,100
57590768914285,15:59:50.768,36.4800,31
57590768944838,15:59:50.768,36.4800,69
57590768944838,15:59:50.768,36.4800,44
57590875399670,15:59:50.875,36.4800,356
57590875399670,15:59:50.875,36.4800,1200
57590875399670,15:59:50.875,36.4800,149
57590875399670,15:59:50.875,36.4800,441
57590875399670,15:59:50.875,36.4800,600
57590875399670,15:59:50.875,36.4800,100
57590875399670,15:59:50.875,36.4800,100
57590875399670,15:59:50.875,36.4800,400
57590875399670,15:59:50.875,36.4800,100
57590876058157,15:59:50.876,36.4700,296
57590876058157,15:59:50.876,36.4700,200
57590876596521,15:59:50.876,36.4600,200
57590876596521,15:59:50.876,36.4600,400
57595469799094,15:59:55.469,36.4600,9
57595993259168,15:59:55.993,36.4600,45
57596638674415,15:59:56.638,36.4600,95
57596638674415,15:59:56.638,36.4600,200
57596638674415,15:59:56.638,36.4600,100
57596638674415,15:59:56.638,36.4600,100
57596638674415,15:59:56.638,36.4600,441
57596638674415,15:59:56.638,36.4600,1600
57596638674415,15:59:56.638,36.4600,100
57596638674415,15:59:56.638,36.4600,1300
57596638674415,15:59:56.638,36.4600,100
57596638674415,15:59:56.638,36.4600,562
57596745847219,15:59:56.745,36.4900,100
57596745847219,15:59:56.745,36.4900,500
57598991808816,15:59:58.991,36.4900,100
57598991808816,15:59:58.991,36.4900,100
57598991808816,15:59:58.991,36.4900,100
57598991808816,15:59:58.991,36.4900,200
57598991808816,15:59:58.991,36.4900,149
57598991808816,15:59:58.991,36.4900,447
57599021359734,15:59:59.021,36.4900,24
57599602753416,15:59:59.602,36.5000,200
57599602753416,15:59:59.602,36.5000,23
57600749941082,16:00:00.749,36.4900,482
57600749941082,16:00:00.749,36.4900,952
57600749941082,16:00:00.749,36.4900,100
57600749941082,16:00:00.749,36.4900,603
57600749941082,16:00:00.749,36.4900,65622
