timestamp,time,price,volume
34200942366609,09:30:00.942,0.0000,0
34573392148002,09:36:13.392,6.1400,110
34573392148002,09:36:13.392,6.1400,90
34573392416185,09:36:13.392,6.1400,10
34584374057723,09:36:24.374,6.1000,7
34801865626597,09:40:01.865,6.0800,100
35072988865957,09:44:32.988,6.0800,25
36066577348754,10:01:06.577,6.0800,75
36066577348754,10:01:06.577,6.0800,4
36619505904059,10:10:19.505,6.0950,100
37581317992916,10:26:21.317,6.0950,100
37581317992916,10:26:21.317,6.0900,200
37581317992916,10:26:21.317,6.0900,100
37581318074423,10:26:21.318,6.0900,100
37581321255066,10:26:21.321,6.0800,100
39049756939484,10:50:49.756,6.1000,2000
39049756939484,10:50:49.756,6.1000,100
39049759158969,10:50:49.759,6.1000,100
39049759168924,10:50:49.759,6.1000,100
39049759168924,10:50:49.759,6.1000,100
39049761277375,10:50:49.761,6.1000,100
39487881131331,10:58:07.881,6.1000,100
39487881131331,10:58:07.881,6.1000,100
39487881131331,10:58:07.881,6.1000,100
39487881131331,10:58:07.881,6.1000,3578
39487881228060,10:58:07.881,6.1000,100
39487881228060,10:58:07.881,6.1000,100
39487881683944,10:58:07.881,6.1000,100
39487881683944,10:58:07.881,6.1000,100
39487881683944,10:58:07.881,6.1000,3381
39487881688365,10:58:07.881,6.1000,200
39487883178290,10:58:07.883,6.1000,100
39487883305692,10:58:07.883,6.1000,100
39487883305692,10:58:07.883,6.1000,100
39487883535965,10:58:07.883,6.1000,100
39487884054154,10:58:07.884,6.1000,100
39487885431909,10:58:07.885,6.1000,100
39487885568134,10:58:07.885,6.1000,100
39487885568134,10:58:07.885,6.1000,100
39487885569854,10:58:07.885,6.1000,100
39487886757908,10:58:07.886,6.1000,100
39487887314583,10:58:07.887,6.1000,100
39487887903950,10:58:07.887,6.1000,100
39487888612684,10:58:07.888,6.1000,100
39487889066311,10:58:07.889,6.1000,100
39487890461039,10:58:07.890,6.1000,100
39487891515814,10:58:07.891,6.1000,100
39487892067611,10:58:07.892,6.1000,100
39487993736305,10:58:07.993,6.1000,100
39488095554193,10:58:08.095,6.1000,100
39493357498691,10:58:13.357,6.1100,100
39531881600044,10:58:51.881,6.1000,100
39531881600044,10:58:51.881,6.1000,10
39531881600044,10:58:51.881,6.1000,1303
39531882149349,10:58:51.882,6.1000,100
39531882149349,10:58:51.882,6.1000,100
39531885736362,10:58:51.885,6.1000,100
39531886633289,10:58:51.886,6.0900,100
39531886633289,10:58:51.886,6.0900,100
39531888856611,10:58:51.888,6.1000,100
39531891297070,10:58:51.891,6.1000,100
39531894377190,10:58:51.894,6.1000,100
39531894957230,10:58:51.894,6.1000,200
39531895025987,10:58:51.895,6.1000,200
39531895025987,10:58:51.895,6.1000,100
39531997114270,10:58:51.997,6.1000,200
40143184552777,11:09:03.184,6.1100,1
40143184552777,11:09:03.184,6.1100,1
40143184552777,11:09:03.184,6.1100,1
40143184552777,11:09:03.184,6.1100,100
40143185029270,11:09:03.185,6.1100,100
40147382727767,11:09:07.382,6.1100,300
40147382727767,11:09:07.382,6.1100,300
40148904985869,11:09:08.904,6.1100,100
40166988644087,11:09:26.988,6.1100,100
40225069748861,11:10:25.069,6.1200,100
40225075605205,11:10:25.075,6.1200,100
40335324853925,11:12:15.324,6.1200,100
40335324853925,11:12:15.324,6.1200,100
40335324853925,11:12:15.324,6.1200,100
40335324853925,11:12:15.324,6.1200,100
40537038964316,11:15:37.038,6.1100,100
40537038964316,11:15:37.038,6.1100,200
40600751109217,11:16:40.751,6.1100,47
40600752659413,11:16:40.752,6.1100,53
40600752659413,11:16:40.752,6.1100,47
40645675371617,11:17:25.675,6.1100,100
40652681273606,11:17:32.681,6.1100,200
40652681273606,11:17:32.681,6.1100,100
40660678706461,11:17:40.678,6.1100,100
40700751219102,11:18:20.751,6.1100,100
40787403965523,11:19:47.403,6.1100,73
40884793898531,11:21:24.793,6.1200,73
40884793898531,11:21:24.793,6.1200,100
41418806796938,11:30:18.806,6.1200,100
41480788156843,11:31:20.788,6.1300,100
41480790428906,11:31:20.790,6.1300,100
41480790428906,11:31:20.790,6.1300,100
41554163023185,11:32:34.163,6.1300,100
41554163023185,11:32:34.163,6.1300,100
41580152557830,11:33:00.152,6.1400,2
41589582765948,11:33:09.582,6.1400,98
41684059159048,11:34:44.059,6.1500,100
41741204887504,11:35:41.204,6.1600,100
41741204887504,11:35:41.204,6.1600,100
41741204887504,11:35:41.204,6.1600,100
41775119665100,11:36:15.119,6.1600,100
42214439597103,11:43:34.439,6.1600,100
42214439597103,11:43:34.439,6.1600,1
42215176784566,11:43:35.176,6.1550,100
42225992487526,11:43:45.992,6.1600,100
42236259532562,11:43:56.259,6.1600,100
42906177921087,11:55:06.177,6.1600,100
42906177921087,11:55:06.177,6.1600,100
42942298597196,11:55:42.298,6.1700,100
42942298597196,11:55:42.298,6.1700,100
43341652984130,12:02:21.652,6.1700,100
43361388005060,12:02:41.388,6.1700,100
43831180002129,12:10:31.180,6.1700,100
44045639370056,12:14:05.639,6.1700,100
44045639370056,12:14:05.639,6.1700,100
44550884722980,12:22:30.884,6.1700,100
45262153963974,12:34:22.153,6.1550,100
48446672432022,13:27:26.672,6.1500,100
48446672432022,13:27:26.672,6.1500,100
48446672432022,13:27:26.672,6.1500,100
48446672432022,13:27:26.672,6.1500,40
48667160538043,13:31:07.160,6.1500,10
49723734886170,13:48:43.734,6.1400,20
49723734886170,13:48:43.734,6.1400,80
49723792105027,13:48:43.792,6.1400,10
49809510119528,13:50:09.510,6.1300,100
50169246391464,13:56:09.246,6.1200,9
50169246391464,13:56:09.246,6.1200,91
50407816538211,14:00:07.816,6.1300,100
50407816676862,14:00:07.816,6.1300,10
50407816676862,14:00:07.816,6.1300,190
50409468601582,14:00:09.468,6.1300,1
50409468601582,14:00:09.468,6.1300,1
50634457312460,14:03:54.457,6.1400,3
50723380582106,14:05:23.380,6.1500,100
50941826320326,14:09:01.826,6.1500,100
53235201806180,14:47:15.201,6.1500,100
53235201806180,14:47:15.201,6.1500,1
53235201806180,14:47:15.201,6.1500,99
53238489090090,14:47:18.489,6.1500,1
53238489090090,14:47:18.489,6.1500,20
53238489090090,14:47:18.489,6.1500,100
53238489090090,14:47:18.489,6.1500,79
53266746760236,14:47:46.746,6.1500,21
53429358563438,14:50:29.358,6.1500,79
53429358563438,14:50:29.358,6.1500,10
53429358563438,14:50:29.358,6.1500,100
53429358563438,14:50:29.358,6.1500,90
53599047648689,14:53:19.047,6.1500,1
53599047648689,14:53:19.047,6.1500,67
53760354401457,14:56:00.354,6.1500,10
54059951639480,15:00:59.951,6.1500,10
54120147336095,15:02:00.147,6.1500,10
54164175764041,15:02:44.175,6.1500,3
54164175764041,15:02:44.175,6.1500,97
54629552800589,15:10:29.552,6.1400,10
54629552800589,15:10:29.552,6.1400,10
54629552800589,15:10:29.552,6.1400,1
54629552800589,15:10:29.552,6.1400,100
54629552800589,15:10:29.552,6.1400,79
54643593306312,15:10:43.593,6.1400,100
55206219777433,15:20:06.219,6.1400,100
55215325384180,15:20:15.325,6.1400,100
55215325384180,15:20:15.325,6.1400,100
56837920213727,15:47:17.920,6.1300,10
56837920213727,15:47:17.920,6.1300,68
56837920281084,15:47:17.920,6.1400,12
56837920983712,15:47:17.920,6.1300,6
56852949938126,15:47:32.949,6.1300,100
56852949938126,15:47:32.949,6.1300,125
56852949938126,15:47:32.949,6.1300,8
56852949938126,15:47:32.949,6.1300,100
56857354237805,15:47:37.354,6.1200,100
57266247049304,15:54:26.247,6.1150,100
57396255973965,15:56:36.255,6.1150,1
57431251121245,15:57:11.251,6.1150,100
57593619980792,15:59:53.619,6.1150,100
57597212186242,15:59:57.212,6.1100,50
57598015642704,15:59:58.015,6.1100,50
57598015642704,15:59:58.015,6.1100,53
57600544282299,16:00:00.544,0.0000,0
