timestamp,time,price,volume
34200890457025,09:30:00.890,0.0000,0
34266621399738,09:31:06.621,47.4900,100
34267918786095,09:31:07.918,47.4400,10
34267919000104,09:31:07.919,47.4600,59
34267919040498,09:31:07.919,47.4600,41
34267919040498,09:31:07.919,47.4600,3
34267919125303,09:31:07.919,47.4600,59
34267919125303,09:31:07.919,47.4600,41
34267919181209,09:31:07.919,47.4600,18
34267919181209,09:31:07.919,47.4600,41
34271294412394,09:31:11.294,47.4300,41
34271294479398,09:31:11.294,47.4500,100
34271297263089,09:31:11.297,47.4500,6
34271297290981,09:31:11.297,47.4500,22
34271297290981,09:31:11.297,47.4500,100
34271297290981,09:31:11.297,47.4500,100
34271297290981,09:31:11.297,47.4500,100
34333112060562,09:32:13.112,47.4000,20
34333151447928,09:32:13.151,47.3800,5
34333151447928,09:32:13.151,47.3800,100
34333155897547,09:32:13.155,47.3600,100
34333160577953,09:32:13.160,47.3500,200
34333160577953,09:32:13.160,47.3500,100
34334043835798,09:32:14.043,47.3650,600
34334043870022,09:32:14.043,47.3650,600
34334044025945,09:32:14.044,47.3400,100
34334044025945,09:32:14.044,47.3400,100
34334044025945,09:32:14.044,47.3400,200
34334044550580,09:32:14.044,47.3300,81
34334044574805,09:32:14.044,47.3300,119
34334044574805,09:32:14.044,47.3300,100
34334045162101,09:32:14.045,47.3500,100
34334045227923,09:32:14.045,47.3500,100
34334045227923,09:32:14.045,47.3500,100
34334045227923,09:32:14.045,47.3500,100
34334045227923,09:32:14.045,47.3500,100
34334045227923,09:32:14.045,47.3400,100
34334045227923,09:32:14.045,47.3400,59
34334045652336,09:32:14.045,47.3500,100
34334045689036,09:32:14.045,47.3500,90
34334045689036,09:32:14.045,47.3400,10
34334052178920,09:32:14.052,47.3400,59
34334067920401,09:32:14.067,47.3300,400
34334070131885,09:32:14.070,47.3300,100
34334070135398,09:32:14.070,47.3400,50
34334668851474,09:32:14.668,47.3500,100
34334668851474,09:32:14.668,47.3600,200
34334668851474,09:32:14.668,47.3700,200
34334668851474,09:32:14.668,47.3900,200
34334668851474,09:32:14.668,47.3900,100
34334670597832,09:32:14.670,47.3900,100
34334670597832,09:32:14.670,47.3900,100
34334670597832,09:32:14.670,47.4000,200
34334673194871,09:32:14.673,47.3700,100
34334673194871,09:32:14.673,47.3700,200
34334673647897,09:32:14.673,47.3800,100
34334673647897,09:32:14.673,47.3800,10
34334673647897,09:32:14.673,47.3900,100
34334673647897,09:32:14.673,47.3900,190
34334674928879,09:32:14.674,47.4000,100
34334674928879,09:32:14.674,47.4000,300
34334674928879,09:32:14.674,47.4000,200
34334674976372,09:32:14.674,47.4000,100
34334675094194,09:32:14.675,47.3900,100
34334675119571,09:32:14.675,47.3900,110
34334675119571,09:32:14.675,47.3900,100
34334698233573,09:32:14.698,47.3900,100
34334698233573,09:32:14.698,47.3900,100
34334698280254,09:32:14.698,47.3800,100
34334717511331,09:32:14.717,47.3600,100
34334717511331,09:32:14.717,47.3600,100
34336431484769,09:32:16.431,47.3500,100
34336431484769,09:32:16.431,47.3600,100
34336431484769,09:32:16.431,47.3700,100
34336431484769,09:32:16.431,47.3800,100
34336431484769,09:32:16.431,47.3900,100
34336431484769,09:32:16.431,47.3900,200
34336431484769,09:32:16.431,47.4000,100
34336431484769,09:32:16.431,47.4000,200
34338123757485,09:32:18.123,47.3900,100
34338123757485,09:32:18.123,47.3900,100
34338123757485,09:32:18.123,47.3900,100
34338124483780,09:32:18.124,47.3700,100
34338124690888,09:32:18.124,47.3800,100
34338124690888,09:32:18.124,47.3800,100
34338124690888,09:32:18.124,47.3800,100
34338124785576,09:32:18.124,47.3900,100
34338124960618,09:32:18.124,47.3700,100
34338124984802,09:32:18.124,47.3700,10
34338124984802,09:32:18.124,47.3700,10
34338124984802,09:32:18.124,47.3700,10
34338124984802,09:32:18.124,47.3700,200
34338125834708,09:32:18.125,47.3800,100
34338125834708,09:32:18.125,47.4000,200
34338137079798,09:32:18.137,47.3700,400
34338137523245,09:32:18.137,47.4000,100
34338137523245,09:32:18.137,47.4000,100
34338142738674,09:32:18.142,47.3900,100
34338142738674,09:32:18.142,47.3900,19
34338399380198,09:32:18.399,47.3900,100
34338399380198,09:32:18.399,47.3900,100
34348511665110,09:32:28.511,47.3900,100
34348511665110,09:32:28.511,47.4100,100
34348511665110,09:32:28.511,47.4300,100
34348511665110,09:32:28.511,47.4300,200
34348511665110,09:32:28.511,47.4400,100
34348511665110,09:32:28.511,47.4400,100
34348511665110,09:32:28.511,47.4400,200
34348511784729,09:32:28.511,47.3800,100
34348512190154,09:32:28.512,47.4300,100
34348512518485,09:32:28.512,47.4100,100
34348512596629,09:32:28.512,47.4100,100
34348512766520,09:32:28.512,47.4100,100
34348513178133,09:32:28.513,47.4100,100
34348513178133,09:32:28.513,47.4100,100
34348513178133,09:32:28.513,47.4100,100
34348513178133,09:32:28.513,47.4200,100
34348513178133,09:32:28.513,47.4200,200
34348513178133,09:32:28.513,47.4300,200
34348513178133,09:32:28.513,47.4400,100
34348513288775,09:32:28.513,47.4300,100
34348513926046,09:32:28.513,47.4300,100
34348514543120,09:32:28.514,47.4300,100
34348514567097,09:32:28.514,47.4300,100
34348514567097,09:32:28.514,47.4300,100
34359960862183,09:32:39.960,47.4600,100
34359960862183,09:32:39.960,47.5000,200
34359960862183,09:32:39.960,47.5100,100
34359960862183,09:32:39.960,47.5100,200
34359960862183,09:32:39.960,47.5200,100
34359960862183,09:32:39.960,47.5200,200
34359960862183,09:32:39.960,47.5200,100
34359961261636,09:32:39.961,47.4500,100
34359961377914,09:32:39.961,47.4800,100
34359961377914,09:32:39.961,47.4800,100
34359961377914,09:32:39.961,47.4800,100
34360071337454,09:32:40.071,47.5300,578
34360073425518,09:32:40.073,47.5200,210
34360073454739,09:32:40.073,47.5200,90
34360073458844,09:32:40.073,47.5200,90
34360073470068,09:32:40.073,47.5200,10
34360073470068,09:32:40.073,47.5200,90
34360073472481,09:32:40.073,47.5200,12
34360135216576,09:32:40.135,47.5200,100
34365776577820,09:32:45.776,47.4800,200
34365776861093,09:32:45.776,47.4700,100
34365776861093,09:32:45.776,47.4700,50
34365776862863,09:32:45.776,47.4700,136
34365776886274,09:32:45.776,47.4700,14
34365777204413,09:32:45.777,47.4600,36
34375032978090,09:32:55.032,47.4300,100
34376495940864,09:32:56.495,47.4400,100
34391582308187,09:33:11.582,47.4100,100
34391582308187,09:33:11.582,47.4100,100
34391755320701,09:33:11.755,47.3900,100
34391755320701,09:33:11.755,47.3900,100
34391993397295,09:33:11.993,47.4200,100
34396267313510,09:33:16.267,47.4200,80
34396267338052,09:33:16.267,47.4200,20
34396267338052,09:33:16.267,47.4200,100
34403284484365,09:33:23.284,47.4000,100
34403289770271,09:33:23.289,47.3900,2
34403289794355,09:33:23.289,47.3900,198
34403289794355,09:33:23.289,47.3900,100
34403632990326,09:33:23.632,47.3800,200
34403633014325,09:33:23.633,47.3800,100
34403821874609,09:33:23.821,47.4300,100
34403821903307,09:33:23.821,47.4300,100
34403822203610,09:33:23.822,47.4100,100
34403822268081,09:33:23.822,47.4100,100
34403822281965,09:33:23.822,47.4000,200
34403822286754,09:33:23.822,47.4100,100
34403822785722,09:33:23.822,47.4300,100
34403823054827,09:33:23.823,47.4200,100
34403823054827,09:33:23.823,47.4200,100
34403823080183,09:33:23.823,47.4200,100
34403973027061,09:33:23.973,47.4200,100
34403973027061,09:33:23.973,47.4200,100
34406113503227,09:33:26.113,47.4200,20
34406113503227,09:33:26.113,47.4200,10
34406113503227,09:33:26.113,47.4400,200
34406113503227,09:33:26.113,47.4400,200
34406113503227,09:33:26.113,47.4500,100
34406113503227,09:33:26.113,47.4500,200
34406113503227,09:33:26.113,47.4600,200
34406113503227,09:33:26.113,47.4700,100
34406113503227,09:33:26.113,47.4800,100
34406113503227,09:33:26.113,47.4800,100
34406113503227,09:33:26.113,47.4800,200
34406113503227,09:33:26.113,47.4900,200
34406113503227,09:33:26.113,47.4900,42
34406113503227,09:33:26.113,47.4900,105
34406113503227,09:33:26.113,47.4900,23
34406113947452,09:33:26.113,47.4200,100
34406114116852,09:33:26.114,47.4400,100
34406114181003,09:33:26.114,47.4400,32
34406114188508,09:33:26.114,47.4400,68
34406114202229,09:33:26.114,47.4400,32
34406114205198,09:33:26.114,47.4400,68
34406114207943,09:33:26.114,47.4700,98
34406114218562,09:33:26.114,47.4700,2
34406114384761,09:33:26.114,47.4800,100
34406114964823,09:33:26.114,47.4600,130
34406114964823,09:33:26.114,47.4600,11
34406114989411,09:33:26.114,47.4600,84
34406116277129,09:33:26.116,47.4700,100
34406116347247,09:33:26.116,47.4500,100
34406211216374,09:33:26.211,47.5000,3
34406211216374,09:33:26.211,47.5000,42
34406211216374,09:33:26.211,47.5000,55
34406267280088,09:33:26.267,47.5000,45
34406267280088,09:33:26.267,47.5000,55
34414142842592,09:33:34.142,47.4400,205
34414142874115,09:33:34.142,47.4300,200
34414143151409,09:33:34.143,47.4200,200
34414143151409,09:33:34.143,47.4200,70
34414143156298,09:33:34.143,47.4200,30
34414143166682,09:33:34.143,47.4200,45
34414144156542,09:33:34.144,47.4200,55
34414144156542,09:33:34.144,47.4200,100
34414156383369,09:33:34.156,47.4400,100
34415022440784,09:33:35.022,47.4200,100
34415022440784,09:33:35.022,47.4200,100
34415962052206,09:33:35.962,47.4400,100
34415962052206,09:33:35.962,47.4400,200
34415962140109,09:33:35.962,47.4400,100
34415962344247,09:33:35.962,47.4300,100
34415962368551,09:33:35.962,47.4300,100
34423632913459,09:33:43.632,47.4200,200
34423633755552,09:33:43.633,47.4250,700
34423634595634,09:33:43.634,47.4200,100
34423634595634,09:33:43.634,47.4200,100
34423699936346,09:33:43.699,47.4300,100
34423700870149,09:33:43.700,47.4300,400
34423700870149,09:33:43.700,47.4200,200
34423707120232,09:33:43.707,47.4300,100
34423707143678,09:33:43.707,47.4300,100
34424149199202,09:33:44.149,47.4300,100
34424149199202,09:33:44.149,47.4200,100
34424207483996,09:33:44.207,47.4700,100
34428131737712,09:33:48.131,47.5000,100
34428131737712,09:33:48.131,47.5400,200
34428131737712,09:33:48.131,47.5400,100
34428131737712,09:33:48.131,47.5500,200
34428131737712,09:33:48.131,47.5500,100
34428132180799,09:33:48.132,47.5000,100
34428132186799,09:33:48.132,47.5000,100
34428132487100,09:33:48.132,47.5000,100
34428132487100,09:33:48.132,47.5000,100
34428132487100,09:33:48.132,47.5000,100
34428132831913,09:33:48.132,47.5300,100
34428133682145,09:33:48.133,47.5000,50
34428133682145,09:33:48.133,47.4900,350
34428133891048,09:33:48.133,47.5300,100
34428133891048,09:33:48.133,47.5400,100
34428133891048,09:33:48.133,47.5400,100
34428133891048,09:33:48.133,47.5400,100
34428133891048,09:33:48.133,47.5500,200
34428133891048,09:33:48.133,47.5600,200
34428134259235,09:33:48.134,47.5300,100
34428134290582,09:33:48.134,47.5300,100
34428134442019,09:33:48.134,47.5100,200
34428134959883,09:33:48.134,47.5300,73
34428134961056,09:33:48.134,47.5300,20
34428134961056,09:33:48.134,47.5400,100
34428134961056,09:33:48.134,47.5400,100
34428134961056,09:33:48.134,47.5400,200
34428134961056,09:33:48.134,47.5500,200
34428134961056,09:33:48.134,47.5500,100
34428134961056,09:33:48.134,47.5600,180
34428135035334,09:33:48.135,47.5200,10
34428135059352,09:33:48.135,47.5200,90
34428135059352,09:33:48.135,47.5200,100
34428135059352,09:33:48.135,47.5200,10
34428135147042,09:33:48.135,47.5300,100
34428135216299,09:33:48.135,47.5300,100
34428172392058,09:33:48.172,47.5700,100
34428172392058,09:33:48.172,47.5700,42
34428172392058,09:33:48.172,47.5700,100
34428201308475,09:33:48.201,47.5500,10
34428221693161,09:33:48.221,47.5300,100
34428221693161,09:33:48.221,47.5300,100
34428222457047,09:33:48.222,47.5300,100
34428222457047,09:33:48.222,47.5300,100
34428222457047,09:33:48.222,47.5400,100
34428222457047,09:33:48.222,47.5600,100
34428222457047,09:33:48.222,47.5600,100
34428222457047,09:33:48.222,47.5600,200
34428317659438,09:33:48.317,47.5800,578
34428380977918,09:33:48.380,47.6000,42
34428541870650,09:33:48.541,47.6050,200
34428957109555,09:33:48.957,47.5700,100
34428957133315,09:33:48.957,47.5700,45
34429500793297,09:33:49.500,47.5600,288
34429500793297,09:33:49.500,47.5600,112
34429747034425,09:33:49.747,47.5600,100
34429747730041,09:33:49.747,47.5500,100
34430845271200,09:33:50.845,47.5100,200
34430847196495,09:33:50.847,47.4900,200
34430847878631,09:33:50.847,47.4900,200
34432196630389,09:33:52.196,47.4800,100
34432196655451,09:33:52.196,47.4800,80
34444906126423,09:34:04.906,47.4800,200
34444933049523,09:34:04.933,47.5000,100
34444958471919,09:34:04.958,47.4800,200
34454722655339,09:34:14.722,47.4500,100
34454723911367,09:34:14.723,47.4400,70
34454724815843,09:34:14.724,47.4700,92
34454725500708,09:34:14.725,47.4500,12
34454725525264,09:34:14.725,47.4500,88
34454725731469,09:34:14.725,47.4600,100
34454725777295,09:34:14.725,47.4600,100
34454725837171,09:34:14.725,47.4600,100
34454725964941,09:34:14.725,47.4500,100
34454818371568,09:34:14.818,47.5100,100
34462654720816,09:34:22.654,47.4200,100
34462655509170,09:34:22.655,47.4200,100
34462655534191,09:34:22.655,47.4200,100
34462655537261,09:34:22.655,47.4200,100
34472954536800,09:34:32.954,47.4000,100
34472954846702,09:34:32.954,47.4000,100
34472954863783,09:34:32.954,47.3700,50
34472954878257,09:34:32.954,47.3700,50
34472955327744,09:34:32.955,47.3700,100
34474479583527,09:34:34.479,47.4400,100
34474480478534,09:34:34.480,47.4300,100
34482907868410,09:34:42.907,47.3500,100
34493917851586,09:34:53.917,47.3300,100
34498789365111,09:34:58.789,47.3000,100
34500096079553,09:35:00.096,47.2800,100
34500096103983,09:35:00.096,47.2800,100
34500222322971,09:35:00.222,47.2850,100
34500222546189,09:35:00.222,47.2850,100
34500222566461,09:35:00.222,47.3000,100
34500222599272,09:35:00.222,47.3100,100
34500223091640,09:35:00.223,47.3100,100
34500223091640,09:35:00.223,47.3000,100
34500223091640,09:35:00.223,47.3000,300
34500223148055,09:35:00.223,47.3000,20
34500223161405,09:35:00.223,47.3000,20
34507419991650,09:35:07.419,47.2500,1
34507420016827,09:35:07.420,47.2500,199
34514395762002,09:35:14.395,47.2400,93
34514395787910,09:35:14.395,47.2400,7
34514396366129,09:35:14.396,47.2500,100
34514396366129,09:35:14.396,47.2500,100
34522497887643,09:35:22.497,47.2500,100
34522497887643,09:35:22.497,47.2500,100
34522497914015,09:35:22.497,47.2500,100
34529952735677,09:35:29.952,47.2300,100
34531967193257,09:35:31.967,47.1900,50
34545488442008,09:35:45.488,47.1500,100
34545490134259,09:35:45.490,47.1400,100
34545499357077,09:35:45.499,47.1300,100
34545499896731,09:35:45.499,47.1200,98
34545500018255,09:35:45.500,47.1200,2
34545500018255,09:35:45.500,47.1200,5
34545612126547,09:35:45.612,47.1200,100
34545717228190,09:35:45.717,47.1400,100
34548143115756,09:35:48.143,47.1400,100
34549017942386,09:35:49.017,47.1500,400
34580989220223,09:36:20.989,47.1000,200
34580989571668,09:36:20.989,47.0900,43
34580989580447,09:36:20.989,47.0900,157
34580989841646,09:36:20.989,47.0800,57
34580990100530,09:36:20.990,47.0800,43
34582983454823,09:36:22.983,47.0600,100
34603950042145,09:36:43.950,47.0300,100
34616897096309,09:36:56.897,47.0400,100
34616897096309,09:36:56.897,47.0400,200
34616897393298,09:36:56.897,47.0400,84
34616897835697,09:36:56.897,47.0400,116
34622798699484,09:37:02.798,47.0600,100
34641629007940,09:37:21.629,47.0600,100
34641629007940,09:37:21.629,47.0600,100
34641629007940,09:37:21.629,47.0600,100
34641629102955,09:37:21.629,47.0600,100
34641629302641,09:37:21.629,47.0600,100
34641629377156,09:37:21.629,47.0600,100
34641629504257,09:37:21.629,47.0600,100
34641634083561,09:37:21.634,47.0600,98
34641634137531,09:37:21.634,47.0600,2
34641634137531,09:37:21.634,47.0600,98
34641634635859,09:37:21.634,47.0600,2
34641634635859,09:37:21.634,47.0600,98
34643354576025,09:37:23.354,47.0600,2
34643354576025,09:37:23.354,47.0600,100
34643354761335,09:37:23.354,47.0600,100
34644845843361,09:37:24.845,47.0600,100
34644846019688,09:37:24.846,47.0600,100
34644846019688,09:37:24.846,47.0600,100
34654690074556,09:37:34.690,46.9900,6
34654690074556,09:37:34.690,46.9900,100
34659919117028,09:37:39.919,46.9800,100
34662187831152,09:37:42.187,46.9500,107
34662886028654,09:37:42.886,46.9100,100
34662886055990,09:37:42.886,46.9100,7
34663218214506,09:37:43.218,46.9000,101
34663218239151,09:37:43.218,46.9000,99
34663218239151,09:37:43.218,46.9000,300
34665085214688,09:37:45.085,46.8700,300
34665085214688,09:37:45.085,46.8200,42
34665085214688,09:37:45.085,46.8200,53
34665085885423,09:37:45.085,46.8700,5
34665085889645,09:37:45.085,46.8700,95
34665085898099,09:37:45.085,46.8700,100
34665153169306,09:37:45.153,46.8700,100
34665948571997,09:37:45.948,46.9100,100
34665948571997,09:37:45.948,46.9100,100
34665948571997,09:37:45.948,46.9100,100
34665954992977,09:37:45.954,46.9600,400
34665958431892,09:37:45.958,46.9700,42
34665958431892,09:37:45.958,46.9700,200
34665959388962,09:37:45.959,46.9500,100
34665959388962,09:37:45.959,46.9500,100
34665959388962,09:37:45.959,46.9500,100
34665959388962,09:37:45.959,46.9500,100
34665962018755,09:37:45.962,46.9700,100
34665977258709,09:37:45.977,46.9500,100
34665977258709,09:37:45.977,46.9500,253
34676388787448,09:37:56.388,46.9400,96
34676388787448,09:37:56.388,46.9400,130
34676388787448,09:37:56.388,46.9400,74
34676388823001,09:37:56.388,46.9400,78
34676389153272,09:37:56.389,46.9500,96
34676389676516,09:37:56.389,46.9600,96
34695009888011,09:38:15.009,46.9800,100
34695009917780,09:38:15.009,46.9800,100
34695009917780,09:38:15.009,46.9800,107
34695009917780,09:38:15.009,46.9800,100
34697486013551,09:38:17.486,47.0200,100
34697486045455,09:38:17.486,47.0200,61
34737062197904,09:38:57.062,47.0600,107
34760965750806,09:39:20.965,47.0600,100
34760978766657,09:39:20.978,47.0700,100
34760983162009,09:39:20.983,47.0700,100
34761919716043,09:39:21.919,47.0200,15
34761920189908,09:39:21.920,47.0300,15
34761924562775,09:39:21.924,47.0300,30
34761928985335,09:39:21.928,47.0300,25
34770951636707,09:39:30.951,47.0400,107
34781289883884,09:39:41.289,47.0600,100
34785639618174,09:39:45.639,47.0800,107
34785639618174,09:39:45.639,47.0800,100
34785640940988,09:39:45.640,47.1100,400
34785651756773,09:39:45.651,47.1000,100
34816859240132,09:40:16.859,47.1500,100
34816859300104,09:40:16.859,47.1500,7
34822889565797,09:40:22.889,47.1600,100
34823524427609,09:40:23.524,47.1700,300
34823950177261,09:40:23.950,47.1700,100
34823950177261,09:40:23.950,47.1700,100
34824545887931,09:40:24.545,47.1800,100
34828793308790,09:40:28.793,47.1800,100
34828793308790,09:40:28.793,47.1800,100
34839911455706,09:40:39.911,47.1800,100
34839911513103,09:40:39.911,47.1800,100
34839911655725,09:40:39.911,47.1800,100
34839911754038,09:40:39.911,47.1800,100
34843880372975,09:40:43.880,47.1800,100
34846419367113,09:40:46.419,47.1800,100
34846447367589,09:40:46.447,47.1800,100
34853528192756,09:40:53.528,47.1800,100
34853775460862,09:40:53.775,47.1700,100
34865262983735,09:41:05.262,47.1200,97
34865262997126,09:41:05.262,47.1100,200
34865265220996,09:41:05.265,47.1000,100
34868581205942,09:41:08.581,47.0900,100
34877588100048,09:41:17.588,47.0250,100
34877588899081,09:41:17.588,47.0600,200
34877588899081,09:41:17.588,47.0600,100
34877588899081,09:41:17.588,47.0600,100
34877590532109,09:41:17.590,47.0700,118
34877590556348,09:41:17.590,47.0700,82
34923315250266,09:42:03.315,47.0150,100
34923315253591,09:42:03.315,47.0300,100
34923317423004,09:42:03.317,47.0400,100
34923317448237,09:42:03.317,47.0400,100
34923318367287,09:42:03.318,47.0300,100
34927463288105,09:42:07.463,46.9900,200
34927463317522,09:42:07.463,46.9900,200
34927463812267,09:42:07.463,46.9800,100
34927463838522,09:42:07.463,46.9800,100
34927463865357,09:42:07.463,46.9800,100
34930444201136,09:42:10.444,46.9700,100
34930449135176,09:42:10.449,46.9500,7
34944721142834,09:42:24.721,47.0000,10
34957576114775,09:42:37.576,46.9400,100
34957576146225,09:42:37.576,46.9400,100
34957576148934,09:42:37.576,46.9400,100
34957583557714,09:42:37.583,46.9400,100
34957583557714,09:42:37.583,46.9400,100
34957583585077,09:42:37.583,46.9400,100
34957583585077,09:42:37.583,46.9400,107
34957592048768,09:42:37.592,46.9600,100
34957592048768,09:42:37.592,46.9600,100
34957597543522,09:42:37.597,46.9500,100
34961582393869,09:42:41.582,46.9450,100
34961582562988,09:42:41.582,46.9600,100
34961582562988,09:42:41.582,46.9600,108
34961582562988,09:42:41.582,46.9600,100
34963835918972,09:42:43.835,46.9300,104
34963836150601,09:42:43.836,46.9300,96
34963886634449,09:42:43.886,46.9300,100
34963886634449,09:42:43.886,46.9300,100
34966980415188,09:42:46.980,46.9200,200
34969710108962,09:42:49.710,46.9100,200
34969712463171,09:42:49.712,46.9000,100
34969712520960,09:42:49.712,46.9000,100
34970147884506,09:42:50.147,46.9000,100
34970172461253,09:42:50.172,46.9000,100
34971192471287,09:42:51.192,46.8900,200
34976504472414,09:42:56.504,46.9200,56
34976504934759,09:42:56.504,46.9200,100
34976505451811,09:42:56.505,46.9200,100
34977150461099,09:42:57.150,46.9100,100
34977150461099,09:42:57.150,46.9100,100
34978149541883,09:42:58.149,46.9100,7
34983740420487,09:43:03.740,46.9200,100
34983764321611,09:43:03.764,46.9200,7
34983764321611,09:43:03.764,46.9200,100
34990799343141,09:43:10.799,46.8800,100
34990799400829,09:43:10.799,46.8800,100
34990801313974,09:43:10.801,46.8700,9
34990801325921,09:43:10.801,46.8700,91
34990801325921,09:43:10.801,46.8700,100
34990851515127,09:43:10.851,46.8700,100
34990932265180,09:43:10.932,46.8600,200
34990936446694,09:43:10.936,46.8500,200
34993623388664,09:43:13.623,46.8500,100
34993759684207,09:43:13.759,46.8550,18
34995020957034,09:43:15.020,46.8500,100
34995529315213,09:43:15.529,46.8500,100
35003768725669,09:43:23.768,46.8400,18
35003994672883,09:43:23.994,46.8300,80
35003994672883,09:43:23.994,46.8100,200
35006165905529,09:43:26.165,46.7850,100
35007044003127,09:43:27.044,46.7800,107
35007044003127,09:43:27.044,46.7700,200
35007171187830,09:43:27.171,46.7600,100
35009092261599,09:43:29.092,46.7800,100
35009092831600,09:43:29.092,46.7800,100
35009092856674,09:43:29.092,46.7800,100
35009092856674,09:43:29.092,46.7800,100
35009123873640,09:43:29.123,46.7800,100
35009123873640,09:43:29.123,46.7800,100
35009123924392,09:43:29.123,46.7800,31
35009123924392,09:43:29.123,46.7800,59
35009124714752,09:43:29.124,46.7800,100
35009131688373,09:43:29.131,46.7800,100
35009138461807,09:43:29.138,46.7800,100
35012168764001,09:43:32.168,46.7700,3
35012178244926,09:43:32.178,46.7700,100
35012206864479,09:43:32.206,46.7700,97
35012206864479,09:43:32.206,46.7700,100
35012206864479,09:43:32.206,46.7700,3
35012206919899,09:43:32.206,46.7700,97
35016132687051,09:43:36.132,46.7800,100
35016132687051,09:43:36.132,46.7800,200
35023135247829,09:43:43.135,46.7600,200
35038442756249,09:43:58.442,46.7550,100
35044609094104,09:44:04.609,46.7300,100
35044609131317,09:44:04.609,46.7300,50
35044609154275,09:44:04.609,46.7300,25
35046966651387,09:44:06.966,46.7300,100
35049275045785,09:44:09.275,46.7300,100
35065377446164,09:44:25.377,46.7000,36
35065377454751,09:44:25.377,46.7000,64
35065377454751,09:44:25.377,46.7000,100
35072426404736,09:44:32.426,46.7000,100
35072426404736,09:44:32.426,46.7100,9
35072426429706,09:44:32.426,46.7100,100
35072433937385,09:44:32.433,46.7100,100
35072831256265,09:44:32.831,46.7100,100
35075497494989,09:44:35.497,46.7200,107
35075944055225,09:44:35.944,46.7300,100
35075944110531,09:44:35.944,46.7300,7
35080960479100,09:44:40.960,46.7200,108
35080961426406,09:44:40.961,46.7100,100
35081244658570,09:44:41.244,46.7100,100
35081251902192,09:44:41.251,46.7100,100
35081259338486,09:44:41.259,46.7100,100
35082109236711,09:44:42.109,46.7100,53
35082109512427,09:44:42.109,46.7100,47
35082109512427,09:44:42.109,46.7100,52
35082110123054,09:44:42.110,46.7100,48
35082110123054,09:44:42.110,46.7100,51
35082120249310,09:44:42.120,46.7100,49
35082120249310,09:44:42.120,46.7100,100
35082120359325,09:44:42.120,46.7100,100
35082120464729,09:44:42.120,46.7100,100
35082120532257,09:44:42.120,46.7100,100
35082154785677,09:44:42.154,46.7000,8
35082408441017,09:44:42.408,46.7100,100
35082408441017,09:44:42.408,46.7100,100
35083158109094,09:44:43.158,46.7200,100
35083190102084,09:44:43.190,46.7200,100
35083190102084,09:44:43.190,46.7200,100
35083585120827,09:44:43.585,46.7300,100
35092199205918,09:44:52.199,46.7400,100
35093029158723,09:44:53.029,46.7300,92
35095574267736,09:44:55.574,46.7150,100
35100100183811,09:45:00.100,46.7600,100
35100185774147,09:45:00.185,46.7400,100
35101975165689,09:45:01.975,46.7500,100
35102448690443,09:45:02.448,46.7700,100
35102449108595,09:45:02.449,46.7500,133
35102449768773,09:45:02.449,46.7500,67
35102449813769,09:45:02.449,46.7500,100
35102449813769,09:45:02.449,46.7500,33
35102450099666,09:45:02.450,46.7500,100
35102454609309,09:45:02.454,46.7550,200
35102780380538,09:45:02.780,46.7500,100
35103919245749,09:45:03.919,46.7700,200
35103919245749,09:45:03.919,46.7700,8
35125471781344,09:45:25.471,46.8100,400
35125471792091,09:45:25.471,46.8100,100
35125483793959,09:45:25.483,46.7900,100
35125991931568,09:45:25.991,46.7900,100
35125991992135,09:45:25.991,46.7900,100
35125992020833,09:45:25.992,46.7900,100
35127298064412,09:45:27.298,46.7900,100
35127298805500,09:45:27.298,46.8000,100
35133858324431,09:45:33.858,46.8000,100
35136306177266,09:45:36.306,46.8000,100
35136306177266,09:45:36.306,46.8000,1000
35136813940688,09:45:36.813,46.8050,400
35136813969675,09:45:36.813,46.8050,500
35136814274765,09:45:36.814,46.8050,70
35136815686904,09:45:36.815,46.8100,100
35136815686904,09:45:36.815,46.8100,200
35136815686904,09:45:36.815,46.8000,100
35136815686904,09:45:36.815,46.8000,400
35136815686904,09:45:36.815,46.8000,50
35136819127199,09:45:36.819,46.8000,100
35136819754147,09:45:36.819,46.8000,100
35136820140097,09:45:36.820,46.8000,100
35137075371126,09:45:37.075,46.7900,100
35137451717732,09:45:37.451,46.7900,200
35137451717732,09:45:37.451,46.7900,200
35137451717732,09:45:37.451,46.7900,100
35137451717732,09:45:37.451,46.7900,700
35137451957298,09:45:37.451,46.7900,100
35138093881370,09:45:38.093,46.7800,200
35138093881370,09:45:38.093,46.7800,200
35138096128600,09:45:38.096,46.7700,100
35138096128600,09:45:38.096,46.7700,100
35138746349051,09:45:38.746,46.7700,100
35138746349051,09:45:38.746,46.7700,127
35138746349051,09:45:38.746,46.7700,100
35138755358285,09:45:38.755,46.7700,100
35138755369775,09:45:38.755,46.7800,100
35138755369775,09:45:38.755,46.7800,10
35138900987247,09:45:38.900,46.7800,200
35138900987247,09:45:38.900,46.7800,100
35138901071745,09:45:38.901,46.7900,100
35138901133826,09:45:38.901,46.7900,98
35138901309020,09:45:38.901,46.7900,2
35138901309020,09:45:38.901,46.7900,96
35138901348286,09:45:38.901,46.7900,4
35141637334164,09:45:41.637,46.8000,100
35141953827244,09:45:41.953,46.7800,100
35187425854814,09:46:27.425,46.7800,100
35187425854814,09:46:27.425,46.7800,169
35187426042565,09:46:27.426,46.7700,100
35187734030522,09:46:27.734,46.7700,100
35199344209985,09:46:39.344,46.7900,100
35204765776813,09:46:44.765,46.7800,100
35217764120702,09:46:57.764,46.7700,200
35222299314324,09:47:02.299,46.7500,100
35222302964798,09:47:02.302,46.7400,100
35222330205436,09:47:02.330,46.7300,100
35223371128064,09:47:03.371,46.7100,100
35224365295491,09:47:04.365,46.7100,35
35224365313703,09:47:04.365,46.7050,100
35224365313703,09:47:04.365,46.7100,65
35230658597540,09:47:10.658,46.7400,69
35233797790182,09:47:13.797,46.7300,100
35233797790182,09:47:13.797,46.7300,18
35233797851275,09:47:13.797,46.7300,82
35233797851275,09:47:13.797,46.7300,3
35235756279590,09:47:15.756,46.7300,100
35252055201773,09:47:32.055,46.6800,100
35252055201773,09:47:32.055,46.6800,100
35252055201773,09:47:32.055,46.6800,120
35252055201773,09:47:32.055,46.6700,11
35254046416613,09:47:34.046,46.6900,100
35254046831904,09:47:34.046,46.6900,100
35254046831904,09:47:34.046,46.6900,100
35254046831904,09:47:34.046,46.6900,100
35254281633332,09:47:34.281,46.6900,100
35254281633332,09:47:34.281,46.6900,100
35254281677592,09:47:34.281,46.6900,8
35254288187977,09:47:34.288,46.6500,42
35254288187977,09:47:34.288,46.6500,100
35254290383887,09:47:34.290,46.6500,100
35259503242055,09:47:39.503,46.6600,11
35259917544169,09:47:39.917,46.6500,100
35259937922040,09:47:39.937,46.6600,200
35260024946968,09:47:40.024,46.6600,100
35260024946968,09:47:40.024,46.6600,100
35264053936586,09:47:44.053,46.6400,400
35264053936586,09:47:44.053,46.6300,100
35264053936586,09:47:44.053,46.6300,100
35264053936586,09:47:44.053,46.6300,25
35264892693447,09:47:44.892,46.6400,108
35264892693447,09:47:44.892,46.6400,100
35278063185063,09:47:58.063,46.6400,200
35279425363919,09:47:59.425,46.6500,100
35279496620720,09:47:59.496,46.6600,200
35279496620720,09:47:59.496,46.6600,100
35287751311540,09:48:07.751,46.6500,3
35287751311540,09:48:07.751,46.6500,100
35294647342987,09:48:14.647,46.6400,100
35304454962325,09:48:24.454,46.6350,200
35307945764470,09:48:27.945,46.6350,118
35309472660375,09:48:29.472,46.6350,200
35309472718444,09:48:29.472,46.6350,115
35324537776290,09:48:44.537,46.6300,100
35330637277468,09:48:50.637,46.6200,100
35330649784988,09:48:50.649,46.6100,100
35330650657518,09:48:50.650,46.6100,95
35330662445308,09:48:50.662,46.6100,100
35330662445308,09:48:50.662,46.6100,41
35330662477590,09:48:50.662,46.6100,59
35330664914821,09:48:50.664,46.6100,5
35330684620929,09:48:50.684,46.6100,95
35335207510140,09:48:55.207,46.6300,1467
35335324050068,09:48:55.324,46.6300,100
35335324050068,09:48:55.324,46.6300,100
35335385997156,09:48:55.385,46.6200,100
35335634553265,09:48:55.634,46.6200,100
35336288792775,09:48:56.288,46.6300,100
35339904011830,09:48:59.904,46.6400,100
35340025375099,09:49:00.025,46.6400,100
35346293072140,09:49:06.293,46.6200,200
35349664888046,09:49:09.664,46.6000,3
35349664888046,09:49:09.664,46.6000,97
35349665095153,09:49:09.665,46.6000,3
35356149399080,09:49:16.149,46.6200,100
35382817982721,09:49:42.817,46.5800,100
35395005475028,09:49:55.005,46.6000,60
35395005503722,09:49:55.005,46.6000,40
35399311886222,09:49:59.311,46.5700,100
35399311910285,09:49:59.311,46.5700,100
35407075375306,09:50:07.075,46.5900,100
35407076401501,09:50:07.076,46.6000,100
35409293564750,09:50:09.293,46.6000,100
35409295183090,09:50:09.295,46.6000,100
35409885046143,09:50:09.885,46.6100,100
35411011248738,09:50:11.011,46.5900,30
35411011248738,09:50:11.011,46.5900,3
35424869724795,09:50:24.869,46.6500,200
35424869724795,09:50:24.869,46.6500,100
35424869724795,09:50:24.869,46.6500,100
35424870524569,09:50:24.870,46.6600,100
35424870756622,09:50:24.870,46.6700,100
35424870783191,09:50:24.870,46.6700,100
35424870800846,09:50:24.870,46.6600,100
35424870800846,09:50:24.870,46.6600,100
35424872223554,09:50:24.872,46.6600,100
35424882311922,09:50:24.882,46.6650,38
35424882311922,09:50:24.882,46.6600,62
35424882378311,09:50:24.882,46.6600,38
35424882595806,09:50:24.882,46.6600,30
35424883240039,09:50:24.883,46.6500,400
35424883240039,09:50:24.883,46.6600,100
35424883240039,09:50:24.883,46.6600,38
35424883266174,09:50:24.883,46.6600,362
35424883266174,09:50:24.883,46.6600,38
35424883787193,09:50:24.883,46.6600,10
35424883816332,09:50:24.883,46.6600,2
35424944814925,09:50:24.944,46.6600,18
35424944843063,09:50:24.944,46.6600,2
35425189179991,09:50:25.189,46.6700,62
35435021113293,09:50:35.021,46.7400,100
35439550020956,09:50:39.550,46.7200,100
35439551758097,09:50:39.551,46.7200,100
35454981038041,09:50:54.981,46.7400,100
35454982444071,09:50:54.982,46.7500,100
35454982444071,09:50:54.982,46.7500,100
35455400591262,09:50:55.400,46.7300,100
35464287258294,09:51:04.287,46.7300,100
35494861131207,09:51:34.861,46.8000,3
35521093229890,09:52:01.093,46.8100,100
35523605716612,09:52:03.605,46.8500,100
35523605716612,09:52:03.605,46.8500,7
35523605992950,09:52:03.605,46.8500,93
35533808141739,09:52:13.808,46.8500,10
35533808167040,09:52:13.808,46.8500,90
35533808167040,09:52:13.808,46.8500,3
35541996772674,09:52:21.996,46.8300,5
35561348238987,09:52:41.348,46.7900,100
35561352815974,09:52:41.352,46.7700,200
35561352815974,09:52:41.352,46.7700,100
35561604183630,09:52:41.604,46.7600,200
35562123608905,09:52:42.123,46.7500,200
35572765394933,09:52:52.765,46.7300,100
35572765394933,09:52:52.765,46.7300,100
35572765861047,09:52:52.765,46.7500,48
35572765956331,09:52:52.765,46.7500,100
35591487955631,09:53:11.487,46.7400,100
35591489306605,09:53:11.489,46.7500,3
35610226452592,09:53:30.226,46.7900,100
35635020438090,09:53:55.020,46.8100,20
35635020477640,09:53:55.020,46.8100,80
35635483166133,09:53:55.483,46.8200,100
35642080333825,09:54:02.080,46.8300,100
35643367904967,09:54:03.367,46.8600,200
35643376145799,09:54:03.376,46.8600,100
35643376145799,09:54:03.376,46.8600,100
35643376145799,09:54:03.376,46.8600,100
35650024130934,09:54:10.024,46.8700,3
35651487826349,09:54:11.487,46.8600,100
35651494768920,09:54:11.494,46.8700,100
35651497685259,09:54:11.497,46.8800,100
35652710685832,09:54:12.710,46.9200,100
35652711375351,09:54:12.711,46.9200,100
35652712678724,09:54:12.712,46.9200,100
35652712678724,09:54:12.712,46.9200,100
35652715035072,09:54:12.715,46.9300,200
35652715035072,09:54:12.715,46.9300,100
35652715060434,09:54:12.715,46.9300,100
35652718340195,09:54:12.718,46.9400,400
35652718340195,09:54:12.718,46.9400,100
35652718340195,09:54:12.718,46.9400,100
35653708595784,09:54:13.708,46.9500,100
35653708892243,09:54:13.708,46.9400,100
35653708893419,09:54:13.708,46.9400,100
35653709671985,09:54:13.709,46.9400,100
35653709709994,09:54:13.709,46.9500,200
35653720336276,09:54:13.720,46.9500,100
35653775664262,09:54:13.775,46.9200,100
35654830563355,09:54:14.830,46.9300,100
35654831066793,09:54:14.831,46.9300,100
35654831066793,09:54:14.831,46.9300,100
35654832854785,09:54:14.832,46.9400,100
35654834939688,09:54:14.834,46.9500,100
35654911118677,09:54:14.911,46.9600,100
35654935494426,09:54:14.935,46.9600,100
35656028965842,09:54:16.028,46.9700,100
35656029305975,09:54:16.029,46.9600,100
35656029943957,09:54:16.029,46.9500,82
35656030848919,09:54:16.030,46.9600,100
35656032405557,09:54:16.032,46.9600,100
35656032434749,09:54:16.032,46.9600,10
35656038615793,09:54:16.038,46.9700,100
35656038615793,09:54:16.038,46.9700,100
35656038615793,09:54:16.038,46.9700,100
35656039344016,09:54:16.039,46.9700,100
35656039344016,09:54:16.039,46.9700,100
35656642183853,09:54:16.642,46.9600,100
35656644008453,09:54:16.644,46.9700,100
35657092781444,09:54:17.092,46.9800,100
35657092781444,09:54:17.092,46.9800,100
35657324591075,09:54:17.324,46.9900,200
35657324591075,09:54:17.324,46.9900,100
35657584648190,09:54:17.584,47.0000,100
35657584648190,09:54:17.584,47.0000,200
35657584648190,09:54:17.584,47.0000,100
35657974527869,09:54:17.974,47.0000,10
35658026075884,09:54:18.026,47.0000,100
35658148628339,09:54:18.148,47.0000,100
35658148628339,09:54:18.148,47.0000,100
35658149023991,09:54:18.149,47.0000,100
35658149023991,09:54:18.149,47.0000,200
35658149117207,09:54:18.149,47.0000,100
35658149787071,09:54:18.149,47.0000,100
35658149787071,09:54:18.149,47.0000,100
35658156115729,09:54:18.156,47.0100,100
35658156115729,09:54:18.156,47.0100,100
35658159796748,09:54:18.159,47.0200,100
35658159796748,09:54:18.159,47.0200,100
35658161271547,09:54:18.161,47.0200,100
35658161763171,09:54:18.161,47.0200,100
35658161763171,09:54:18.161,47.0200,100
35658162039115,09:54:18.162,47.0200,100
35658162353757,09:54:18.162,47.0200,100
35658162353757,09:54:18.162,47.0100,100
35658162353757,09:54:18.162,47.0100,100
35658162353757,09:54:18.162,47.0100,100
35658165658027,09:54:18.165,47.0200,100
35658169073151,09:54:18.169,47.0300,200
35658169073151,09:54:18.169,47.0300,190
35658169117569,09:54:18.169,47.0300,10
35658169117569,09:54:18.169,47.0300,100
35658279447434,09:54:18.279,47.0400,100
35658279447434,09:54:18.279,47.0400,100
35658280657820,09:54:18.280,47.0400,100
35658679840196,09:54:18.679,47.0300,100
35658940277761,09:54:18.940,47.0400,100
35658940277761,09:54:18.940,47.0400,100
35658942800961,09:54:18.942,47.0500,100
35658945127040,09:54:18.945,47.0600,200
35658945337724,09:54:18.945,47.0600,100
35658945337724,09:54:18.945,47.0500,100
35658945745251,09:54:18.945,47.0600,100
35659091123514,09:54:19.091,47.0500,100
35659093344125,09:54:19.093,47.0500,100
35659449425849,09:54:19.449,47.0500,100
35659832818941,09:54:19.832,47.0400,100
35659832818941,09:54:19.832,47.0400,1600
35659868287949,09:54:19.868,47.0300,100
35659870841747,09:54:19.870,47.0300,100
35659870841747,09:54:19.870,47.0300,100
35659870841747,09:54:19.870,47.0300,100
35660539036790,09:54:20.539,47.0500,50
35660543448086,09:54:20.543,47.0600,100
35660701082389,09:54:20.701,47.0600,100
35660703837676,09:54:20.703,47.0600,100
35660703837676,09:54:20.703,47.0600,100
35662816027722,09:54:22.816,47.0500,100
35662816027722,09:54:22.816,47.0500,100
35662816232965,09:54:22.816,47.0500,100
35662816232965,09:54:22.816,47.0400,100
35662816586728,09:54:22.816,47.0300,100
35662816586728,09:54:22.816,47.0300,200
35662820539589,09:54:22.820,47.0300,100
35662820564504,09:54:22.820,47.0300,20
35662952321791,09:54:22.952,47.0500,200
35662957121460,09:54:22.957,47.0600,100
35662957121460,09:54:22.957,47.0600,100
35662963505502,09:54:22.963,47.0700,100
35663000746053,09:54:23.000,47.0600,100
35663003362877,09:54:23.003,47.0600,100
35664255820561,09:54:24.255,47.0450,1
35664255820561,09:54:24.255,47.0450,3
35664255820561,09:54:24.255,47.0450,2
35664255820561,09:54:24.255,47.0450,1
35664255820561,09:54:24.255,47.0450,1
35664255820561,09:54:24.255,47.0450,1
35664255820561,09:54:24.255,47.0450,1
35664255820561,09:54:24.255,47.0450,1
35664255820561,09:54:24.255,47.0450,1
35664255820561,09:54:24.255,47.0450,1
35667768319776,09:54:27.768,47.0450,1
35667768319776,09:54:27.768,47.0450,2
35667768319776,09:54:27.768,47.0450,1
35667768319776,09:54:27.768,47.0450,3
35667768319776,09:54:27.768,47.0450,2
35679676609057,09:54:39.676,47.0600,200
35679676609057,09:54:39.676,47.0600,100
35679676609057,09:54:39.676,47.0600,200
35679688727068,09:54:39.688,47.0700,100
35680023930295,09:54:40.023,47.0700,100
35681639810545,09:54:41.639,47.0700,100
35684742931247,09:54:44.742,47.0800,200
35685024749166,09:54:45.024,47.0700,100
35688152084950,09:54:48.152,47.0700,4
35688152110865,09:54:48.152,47.0700,1996
35688152177185,09:54:48.152,47.0700,200
35689378421629,09:54:49.378,47.0400,100
35689378425603,09:54:49.378,47.0400,100
35695307158195,09:54:55.307,47.0500,100
35695307158195,09:54:55.307,47.0500,100
35696235896998,09:54:56.235,47.0600,100
35696235896998,09:54:56.235,47.0600,100
35696370908641,09:54:56.370,47.0700,300
35696370908641,09:54:56.370,47.0700,200
35698705478971,09:54:58.705,47.0800,100
35698707598884,09:54:58.707,47.0900,100
35698707598884,09:54:58.707,47.0900,100
35698707678242,09:54:58.707,47.0900,100
35698708062153,09:54:58.708,47.0900,100
35700246610151,09:55:00.246,47.0700,100
35700247101741,09:55:00.247,47.0700,3
35726926697211,09:55:26.926,47.0800,100
35726926697211,09:55:26.926,47.0800,100
35726926697211,09:55:26.926,47.0800,200
35726926697211,09:55:26.926,47.0800,100
35726926938461,09:55:26.926,47.0800,100
35726926938461,09:55:26.926,47.0800,100
35736670533084,09:55:36.670,47.0400,100
35746138355963,09:55:46.138,47.0300,200
35746138355963,09:55:46.138,47.0300,100
35746849703833,09:55:46.849,47.0100,100
35746865941699,09:55:46.865,47.0200,100
35747456549861,09:55:47.456,47.0300,100
35756241138775,09:55:56.241,47.0300,10
35757586245603,09:55:57.586,47.0200,3
35757591590291,09:55:57.591,47.0000,200
35771226359498,09:56:11.226,46.9800,20
35771227491475,09:56:11.227,46.9700,200
35771228185751,09:56:11.228,46.9600,24
35793499090029,09:56:33.499,46.9500,100
35793499145083,09:56:33.499,46.9500,60
35800187390866,09:56:40.187,46.9300,104
35800187428091,09:56:40.187,46.9300,96
35801223231369,09:56:41.223,46.9300,100
35801225863227,09:56:41.225,46.9400,100
35801225863227,09:56:41.225,46.9400,100
35804710491549,09:56:44.710,46.9900,200
35804710491549,09:56:44.710,46.9900,100
35804710671546,09:56:44.710,46.9700,5
35804710972451,09:56:44.710,46.9700,150
35804711006428,09:56:44.711,46.9800,100
35804711157913,09:56:44.711,46.9800,100
35804737447193,09:56:44.737,46.9700,1
35804737488061,09:56:44.737,46.9700,99
35813054110546,09:56:53.054,46.9500,400
35818508053493,09:56:58.508,46.9900,100
35818508879982,09:56:58.508,47.0000,100
35818509005614,09:56:58.509,47.0000,200
35818509874806,09:56:58.509,47.0000,50
35818509900040,09:56:58.509,47.0000,50
35818509900040,09:56:58.509,47.0000,100
35837056250807,09:57:17.056,46.9950,2
35837056250807,09:57:17.056,46.9950,1
35845807145586,09:57:25.807,46.9700,2
35845807148727,09:57:25.807,46.9700,1
35845807152598,09:57:25.807,46.9700,1
35845807153131,09:57:25.807,46.9700,2
35845807157038,09:57:25.807,46.9700,1
35845807158274,09:57:25.807,46.9700,1
35845807159606,09:57:25.807,46.9700,2
35845807160039,09:57:25.807,46.9700,1
35845807162375,09:57:25.807,46.9700,1
35845807164026,09:57:25.807,46.9700,1
35845807168586,09:57:25.807,46.9700,1
35845807169871,09:57:25.807,46.9700,1
35845807176106,09:57:25.807,46.9700,1
35845807176563,09:57:25.807,46.9700,3
35845807178632,09:57:25.807,46.9700,1
35845807180642,09:57:25.807,46.9700,1
35845807181344,09:57:25.807,46.9700,1
35845807183007,09:57:25.807,46.9700,2
35845807183515,09:57:25.807,46.9700,1
35845807184866,09:57:25.807,46.9700,2
35845807185297,09:57:25.807,46.9700,1
35845807191377,09:57:25.807,46.9700,2
35846783831142,09:57:26.783,46.9900,200
35846783909013,09:57:26.783,47.0000,54
35846783917855,09:57:26.783,47.0000,46
35846783917855,09:57:26.783,47.0000,104
35887878264610,09:58:07.878,46.9900,3
35896029947543,09:58:16.029,46.9800,100
35896035885092,09:58:16.035,46.9800,16
35896067173051,09:58:16.067,46.9800,100
35901971345577,09:58:21.971,46.9800,100
35925937925840,09:58:45.937,46.9600,200
35925956121840,09:58:45.956,46.9400,100
35925956160599,09:58:45.956,46.9400,100
35926438519566,09:58:46.438,46.9400,100
35926469045425,09:58:46.469,46.9400,100
35946314945105,09:59:06.314,46.9100,100
35946314945105,09:59:06.314,46.9100,200
35946321821914,09:59:06.321,46.9100,2
35946322097820,09:59:06.322,46.9100,100
35946322283316,09:59:06.322,46.9100,68
35946322298116,09:59:06.322,46.9100,32
35946409085667,09:59:06.409,46.9200,100
35946410762026,09:59:06.410,46.9200,100
35946600533103,09:59:06.600,46.9300,100
35946600533103,09:59:06.600,46.9300,100
35946600533103,09:59:06.600,46.9300,49
35946600536430,09:59:06.600,46.9300,139
35947316057407,09:59:07.316,46.9200,200
35961576178901,09:59:21.576,46.9200,100
35961576458908,09:59:21.576,46.9300,100
35961577328086,09:59:21.577,46.9300,100
35961581600067,09:59:21.581,46.9400,100
35961581600067,09:59:21.581,46.9400,100
35961594578067,09:59:21.594,46.9400,200
35961594578067,09:59:21.594,46.9400,100
35961594641146,09:59:21.594,46.9400,100
35961594645809,09:59:21.594,46.9400,30
35995791329511,09:59:55.791,46.9600,200
36005077597977,10:00:05.077,46.9600,100
36030517608326,10:00:30.517,46.9500,10
36031353144572,10:00:31.353,46.9500,100
36031353183118,10:00:31.353,46.9500,100
36033468429845,10:00:33.468,46.9600,100
36033873563033,10:00:33.873,46.9700,200
36033898242380,10:00:33.898,46.9700,100
36033898242380,10:00:33.898,46.9700,100
36033898242380,10:00:33.898,46.9700,100
36034740734716,10:00:34.740,46.9600,100
36034757770486,10:00:34.757,46.9500,100
36037965330929,10:00:37.965,46.9500,1
36128004660515,10:02:08.004,46.9100,4
36128065760581,10:02:08.065,46.9200,100
36128065760581,10:02:08.065,46.9200,100
36128912145201,10:02:08.912,46.9200,100
36128912145201,10:02:08.912,46.9200,100
36143791223547,10:02:23.791,46.9200,100
36143791223547,10:02:23.791,46.9200,100
36143791266673,10:02:23.791,46.9200,240
36143791286386,10:02:23.791,46.9200,60
36143791286386,10:02:23.791,46.9200,40
36143791304436,10:02:23.791,46.9200,60
36143791455039,10:02:23.791,46.9200,100
36143791455039,10:02:23.791,46.9200,100
36143791455039,10:02:23.791,46.9200,100
36143798763242,10:02:23.798,46.9200,100
36143798763242,10:02:23.798,46.9200,100
36143799718040,10:02:23.799,46.9200,100
36143799786332,10:02:23.799,46.9200,100
36143800675092,10:02:23.800,46.9200,100
36143801309070,10:02:23.801,46.9200,100
36143801335356,10:02:23.801,46.9200,100
36143801335356,10:02:23.801,46.9200,100
36143802124977,10:02:23.802,46.9300,100
36143802124977,10:02:23.802,46.9300,100
36143839333164,10:02:23.839,46.9400,100
36143839333164,10:02:23.839,46.9400,200
36143861281258,10:02:23.861,46.9500,100
36155795166470,10:02:35.795,46.9400,10
36155795166470,10:02:35.795,46.9400,100
36155802378479,10:02:35.802,46.9400,100
36155802378479,10:02:35.802,46.9400,100
36160569724898,10:02:40.569,46.9400,100
36160569724898,10:02:40.569,46.9400,100
36160583141157,10:02:40.583,46.9400,7
36160583165963,10:02:40.583,46.9400,93
36160583165963,10:02:40.583,46.9400,100
36160583165963,10:02:40.583,46.9400,100
36160583165963,10:02:40.583,46.9400,100
36160583165963,10:02:40.583,46.9400,100
36160583165963,10:02:40.583,46.9400,100
36160583165963,10:02:40.583,46.9400,100
36162381914022,10:02:42.381,46.9500,100
36162381914022,10:02:42.381,46.9500,100
36166652423910,10:02:46.652,46.9200,100
36166686425969,10:02:46.686,46.9300,100
36166686425969,10:02:46.686,46.9300,100
36166686425969,10:02:46.686,46.9300,100
36166686425969,10:02:46.686,46.9300,100
36166686425969,10:02:46.686,46.9300,100
36166689828184,10:02:46.689,46.9200,100
36166689828184,10:02:46.689,46.9200,100
36166690383890,10:02:46.690,46.9300,96
36166690841633,10:02:46.690,46.9300,4
36166692365690,10:02:46.692,46.9300,3
36166695971379,10:02:46.695,46.9300,97
36166696197661,10:02:46.696,46.9200,15
36166698405254,10:02:46.698,46.9300,100
36166699694643,10:02:46.699,46.9200,4
36166700669317,10:02:46.700,46.9100,11
36166706263556,10:02:46.706,46.9100,5
36166715105363,10:02:46.715,46.9200,96
36166715105363,10:02:46.715,46.9200,100
36168092495161,10:02:48.092,46.9100,30
36168250400439,10:02:48.250,46.9100,100
36170469759904,10:02:50.469,46.9200,100
36170469902362,10:02:50.469,46.9200,100
36170902391576,10:02:50.902,46.9100,100
36193858309404,10:03:13.858,46.9100,16
36201922064304,10:03:21.922,46.9300,5
36205595186710,10:03:25.595,46.9300,95
36205595186710,10:03:25.595,46.9300,9
36205595859985,10:03:25.595,46.9300,100
36205595890174,10:03:25.595,46.9300,200
36205595890174,10:03:25.595,46.9300,100
36205595890174,10:03:25.595,46.9300,100
36206581304825,10:03:26.581,46.9300,100
36206581750531,10:03:26.581,46.9300,100
36206818974655,10:03:26.818,46.9300,100
36209840088346,10:03:29.840,46.9400,100
36216358052957,10:03:36.358,46.9400,50
36216680648284,10:03:36.680,46.9100,200
36216680648284,10:03:36.680,46.9100,100
36216682175475,10:03:36.682,46.9100,100
36216683027647,10:03:36.683,46.9200,13
36216686415234,10:03:36.686,46.9200,87
36216686415234,10:03:36.686,46.9200,100
36216733542165,10:03:36.733,46.9100,100
36216733542165,10:03:36.733,46.9100,100
36216733542165,10:03:36.733,46.9100,200
36216733542165,10:03:36.733,46.9100,100
36216867656830,10:03:36.867,46.9000,100
36216867656830,10:03:36.867,46.9000,200
36216878516961,10:03:36.878,46.8900,100
36216878516961,10:03:36.878,46.8900,200
36223649674374,10:03:43.649,46.9000,100
36223649786731,10:03:43.649,46.9000,100
36223649786731,10:03:43.649,46.9000,100
36223649810177,10:03:43.649,46.9000,100
36223649937348,10:03:43.649,46.8900,100
36223649937348,10:03:43.649,46.8900,47
36225009945249,10:03:45.009,46.8800,100
36225009969462,10:03:45.009,46.8800,100
36233731206164,10:03:53.731,46.8700,100
36233731206164,10:03:53.731,46.8700,200
36239937773037,10:03:59.937,46.8900,100
36241309281799,10:04:01.309,46.9000,100
36241309281799,10:04:01.309,46.9000,100
36241309281799,10:04:01.309,46.9000,100
36241679965284,10:04:01.679,46.9100,100
36241679965284,10:04:01.679,46.9100,100
36241679965284,10:04:01.679,46.9100,100
36241679965284,10:04:01.679,46.9100,100
36286495049627,10:04:46.495,46.8900,2
36286495423827,10:04:46.495,46.8900,83
36286495448522,10:04:46.495,46.8900,17
36286495448522,10:04:46.495,46.8900,100
36286495448522,10:04:46.495,46.8900,100
36286495448522,10:04:46.495,46.8900,100
36287579820972,10:04:47.579,46.9000,100
36287579820972,10:04:47.579,46.9000,200
36291152020947,10:04:51.152,46.9100,100
36291152020947,10:04:51.152,46.9100,100
36301972637621,10:05:01.972,46.8900,1
36301972637621,10:05:01.972,46.8900,2
36301972637621,10:05:01.972,46.8900,2
36301972637621,10:05:01.972,46.8900,2
36301972637621,10:05:01.972,46.8900,2
36301972637621,10:05:01.972,46.8900,2
36301972637621,10:05:01.972,46.8900,2
36301972637621,10:05:01.972,46.8900,1
36301972637621,10:05:01.972,46.8900,1
36301972637621,10:05:01.972,46.8900,3
36301972637621,10:05:01.972,46.8900,1
36301972637621,10:05:01.972,46.8900,1
36301972637621,10:05:01.972,46.8900,1
36301972637621,10:05:01.972,46.8900,2
36301972637621,10:05:01.972,46.8900,1
36301972637621,10:05:01.972,46.8900,1
36301972637621,10:05:01.972,46.8900,2
36301972637621,10:05:01.972,46.8900,1
36301972637621,10:05:01.972,46.8900,1
36301972637621,10:05:01.972,46.8900,2
36301972637621,10:05:01.972,46.8900,1
36301972637621,10:05:01.972,46.8900,1
36301972637621,10:05:01.972,46.8900,2
36301972637621,10:05:01.972,46.8900,2
36301972637621,10:05:01.972,46.8900,1
36301976733122,10:05:01.976,46.9000,100
36302007167948,10:05:02.007,46.9000,100
36302007167948,10:05:02.007,46.9000,100
36306977739316,10:05:06.977,46.9100,100
36306979222869,10:05:06.979,46.9100,100
36306979222869,10:05:06.979,46.9100,100
36311927458724,10:05:11.927,46.9000,100
36311929641229,10:05:11.929,46.8900,6
36311973768525,10:05:11.973,46.8800,100
36317610663060,10:05:17.610,46.8700,12
36317610930158,10:05:17.610,46.8700,88
36317612250516,10:05:17.612,46.8700,100
36329118301186,10:05:29.118,46.8500,100
36329118659872,10:05:29.118,46.8500,7
36336500900141,10:05:36.500,46.8400,4
36338692067283,10:05:38.692,46.8500,99
36338693227096,10:05:38.693,46.8500,1
36339458722620,10:05:39.458,46.8500,55
36346153590607,10:05:46.153,46.8300,20
36346153745331,10:05:46.153,46.8300,130
36346153774445,10:05:46.153,46.8300,50
36346153774445,10:05:46.153,46.8300,69
36346153823091,10:05:46.153,46.8300,69
36358649286091,10:05:58.649,46.8300,200
36358649286091,10:05:58.649,46.8300,100
36360181885497,10:06:00.181,46.8400,100
36360181885497,10:06:00.181,46.8400,200
36361891900879,10:06:01.891,46.8500,100
36362931483927,10:06:02.931,46.8400,100
36364779559435,10:06:04.779,46.8500,100
36364779588805,10:06:04.779,46.8500,4
36377481095620,10:06:17.481,46.8400,200
36377481576526,10:06:17.481,46.8500,27
36407614751429,10:06:47.614,46.8200,1
36412527653129,10:06:52.527,46.8300,2
36412527653129,10:06:52.527,46.8300,2
36412527653129,10:06:52.527,46.8300,1
36434254165851,10:07:14.254,46.8400,100
36434254165851,10:07:14.254,46.8400,25
36434254193295,10:07:14.254,46.8400,175
36434254732886,10:07:14.254,46.8400,100
36434254732886,10:07:14.254,46.8400,35
36436382870943,10:07:16.382,46.8400,107
36436382900384,10:07:16.382,46.8400,100
36438144885844,10:07:18.144,46.8300,94
36438144925115,10:07:18.144,46.8300,6
36438144925115,10:07:18.144,46.8300,6
36438144925115,10:07:18.144,46.8300,100
36438146304488,10:07:18.146,46.8300,100
36438146304488,10:07:18.146,46.8300,100
36440829789358,10:07:20.829,46.8400,100
36445753005967,10:07:25.753,46.8400,17
36445753050475,10:07:25.753,46.8400,83
36445753050475,10:07:25.753,46.8400,40
36445753345646,10:07:25.753,46.8400,29
36452656791269,10:07:32.656,46.8400,1
36452657228593,10:07:32.657,46.8400,2
36452657479611,10:07:32.657,46.8400,2
36452680421614,10:07:32.680,46.8400,2
36452685900363,10:07:32.685,46.8400,1
36452697969389,10:07:32.697,46.8400,1
36452698482878,10:07:32.698,46.8400,2
36452729526972,10:07:32.729,46.8400,1
36455004337348,10:07:35.004,46.8400,88
36456418313635,10:07:36.418,46.8400,100
36477762476518,10:07:57.762,46.8400,100
36477762476518,10:07:57.762,46.8400,100
36477763131644,10:07:57.763,46.8500,200
36477763131644,10:07:57.763,46.8500,200
36477763131644,10:07:57.763,46.8500,100
36490554012437,10:08:10.554,46.8700,300
36490554290983,10:08:10.554,46.8700,3
36490554292451,10:08:10.554,46.8700,1
36490554294503,10:08:10.554,46.8700,2
36490554295925,10:08:10.554,46.8700,1
36490554297413,10:08:10.554,46.8700,1
36490554299959,10:08:10.554,46.8700,1
36490554304204,10:08:10.554,46.8700,2
36490554304705,10:08:10.554,46.8700,1
36490554307172,10:08:10.554,46.8700,1
36490554315229,10:08:10.554,46.8700,3
36490554320789,10:08:10.554,46.8700,1
36490554321339,10:08:10.554,46.8700,1
36490554323870,10:08:10.554,46.8700,1
36490554325202,10:08:10.554,46.8700,1
36490554326651,10:08:10.554,46.8700,1
36506966956881,10:08:26.966,46.8700,100
36510307927976,10:08:30.307,46.8600,3
36523978717578,10:08:43.978,46.8600,100
36540089401795,10:09:00.089,46.8700,5
36544208204214,10:09:04.208,46.8800,100
36544208894321,10:09:04.208,46.8800,100
36544209399944,10:09:04.209,46.8800,100
36544209399944,10:09:04.209,46.8800,100
36544776047254,10:09:04.776,46.8800,100
36544776047254,10:09:04.776,46.8800,100
36544777068021,10:09:04.777,46.8800,100
36552856058303,10:09:12.856,46.8800,8
36552857773422,10:09:12.857,46.8800,92
36556449614794,10:09:16.449,46.8800,100
36562619819194,10:09:22.619,46.8700,85
36562868531407,10:09:22.868,46.8700,15
36562870188643,10:09:22.870,46.8700,45
36563203563320,10:09:23.203,46.8700,100
36579995356258,10:09:39.995,46.8700,64
36579995392360,10:09:39.995,46.8700,36
36579995392360,10:09:39.995,46.8700,164
36579995422271,10:09:39.995,46.8700,36
36579995422271,10:09:39.995,46.8700,100
36579995422271,10:09:39.995,46.8700,100
36599573422328,10:09:59.573,46.8900,100
36599573434870,10:09:59.573,46.8900,150
36599573436530,10:09:59.573,46.8900,50
36599573436530,10:09:59.573,46.8900,16
36599573450863,10:09:59.573,46.8900,84
36602125020623,10:10:02.125,46.9000,33
36602125022029,10:10:02.125,46.9000,67
36602125022029,10:10:02.125,46.9000,66
36602125167735,10:10:02.125,46.9000,18
36602126516267,10:10:02.126,46.9000,116
36615006994805,10:10:15.006,46.9000,3
36615028113542,10:10:15.028,46.9000,1
36622347115635,10:10:22.347,46.9100,4
36622347115635,10:10:22.347,46.9200,100
36622347115635,10:10:22.347,46.9200,21
36655624431153,10:10:55.624,46.9000,100
36660817390303,10:11:00.817,46.8900,100
36660817428896,10:11:00.817,46.8900,100
36662392166564,10:11:02.392,46.9000,200
36662392166564,10:11:02.392,46.9000,100
36662585962332,10:11:02.585,46.9100,19
36667667569580,10:11:07.667,46.9200,100
36691090035919,10:11:31.090,46.9300,100
36691257372368,10:11:31.257,46.9200,5
36691257630900,10:11:31.257,46.9200,5
36691259210761,10:11:31.259,46.9200,5
36691261430069,10:11:31.261,46.9200,10
36691263322158,10:11:31.263,46.9200,5
36691264297009,10:11:31.264,46.9200,20
36691267434832,10:11:31.267,46.9200,5
36691267494804,10:11:31.267,46.9200,10
36691268820440,10:11:31.268,46.9200,5
36691592126713,10:11:31.592,46.9250,2
36691592126713,10:11:31.592,46.9300,198
36691592161224,10:11:31.592,46.9300,2
36697037893009,10:11:37.037,46.9500,100
36697313679792,10:11:37.313,46.9500,100
36701154176092,10:11:41.154,46.9700,11
36701154176092,10:11:41.154,46.9700,24
36701154263635,10:11:41.154,46.9700,70
36703341953397,10:11:43.341,46.9700,100
36703341953397,10:11:43.341,46.9700,30
36704827250588,10:11:44.827,46.9600,200
36708696937881,10:11:48.696,46.9700,100
36708942058345,10:11:48.942,46.9700,100
36709005735075,10:11:49.005,46.9700,600
36709005791949,10:11:49.005,46.9700,300
36709006074830,10:11:49.006,46.9700,3
36709007366253,10:11:49.007,46.9700,100
36709007366253,10:11:49.007,46.9700,100
36709007366253,10:11:49.007,46.9700,100
36709007366253,10:11:49.007,46.9700,200
36710928483811,10:11:50.928,46.9600,100
36710928483811,10:11:50.928,46.9600,100
36713485236495,10:11:53.485,46.9600,100
36722280514309,10:12:02.280,46.9700,100
36722280514309,10:12:02.280,46.9800,200
36722341884404,10:12:02.341,46.9700,200
36728356615267,10:12:08.356,46.9700,100
36728356615267,10:12:08.356,46.9700,200
36728356615267,10:12:08.356,46.9700,100
36728357911063,10:12:08.357,46.9800,400
36728358826225,10:12:08.358,46.9800,10
36728358826225,10:12:08.358,46.9800,100
36728359549110,10:12:08.359,46.9800,100
36728359987007,10:12:08.359,46.9800,100
36728359987007,10:12:08.359,46.9800,100
36728362164832,10:12:08.362,46.9900,100
36728362164832,10:12:08.362,46.9900,100
36728439747348,10:12:08.439,46.9900,100
36728540444964,10:12:08.540,46.9900,100
36728672253210,10:12:08.672,46.9800,100
36729124998807,10:12:09.124,46.9800,100
36729182789080,10:12:09.182,46.9700,100
36729182789080,10:12:09.182,46.9700,100
36729182789080,10:12:09.182,46.9700,100
36730275490538,10:12:10.275,46.9600,100
36730275490538,10:12:10.275,46.9600,3
36736050489704,10:12:16.050,46.9500,100
36736050489704,10:12:16.050,46.9500,41
36736050489704,10:12:16.050,46.9500,100
36740617838605,10:12:20.617,46.9400,100
36740617838605,10:12:20.617,46.9400,100
36741504369184,10:12:21.504,46.9300,100
36743049229770,10:12:23.049,46.9200,100
36743052994099,10:12:23.052,46.9200,100
36743052994099,10:12:23.052,46.9200,100
36754701869408,10:12:34.701,46.9200,100
36762334649895,10:12:42.334,46.9200,100
36763371385348,10:12:43.371,46.9100,100
36763371385348,10:12:43.371,46.9100,100
36778546338488,10:12:58.546,46.9100,1
36779307304707,10:12:59.307,46.9000,18
36786435008398,10:13:06.435,46.9100,100
36789227285891,10:13:09.227,46.9100,77
36792292381930,10:13:12.292,46.8900,16
36824498760609,10:13:44.498,46.8800,100
36824498786335,10:13:44.498,46.8800,100
36824841798979,10:13:44.841,46.8800,100
36824841798979,10:13:44.841,46.8800,100
36824865859577,10:13:44.865,46.8800,100
36826693029331,10:13:46.693,46.8800,100
36826693059401,10:13:46.693,46.8800,100
36856513417494,10:14:16.513,46.8900,2
36856513448290,10:14:16.513,46.8900,198
36856513448290,10:14:16.513,46.8900,100
36856513448290,10:14:16.513,46.8900,4
36856513448290,10:14:16.513,46.8900,100
36864487394572,10:14:24.487,46.8800,100
36887956739450,10:14:47.956,46.8500,100
36887957030797,10:14:47.957,46.8500,100
36887957030797,10:14:47.957,46.8500,100
36887957030797,10:14:47.957,46.8500,100
36892856021480,10:14:52.856,46.8600,200
36892856021480,10:14:52.856,46.8600,100
36908544429008,10:15:08.544,46.8400,100
36920299651245,10:15:20.299,46.8300,35
36920299651245,10:15:20.299,46.8300,200
36931006254240,10:15:31.006,46.8200,100
36931006254240,10:15:31.006,46.8100,100
36931006254240,10:15:31.006,46.8100,200
36931006286573,10:15:31.006,46.8100,100
36931006304499,10:15:31.006,46.8100,36
36934494102014,10:15:34.494,46.8050,90
36934494102014,10:15:34.494,46.8000,10
36934494361914,10:15:34.494,46.8000,54
36934494361914,10:15:34.494,46.8000,100
36934494361914,10:15:34.494,46.8000,100
36950534641255,10:15:50.534,46.8000,100
36950534641255,10:15:50.534,46.8000,100
36950555163900,10:15:50.555,46.8000,100
36950555163900,10:15:50.555,46.8000,100
36955762724202,10:15:55.762,46.8000,100
36957606141312,10:15:57.606,46.8000,100
36965380180847,10:16:05.380,46.8000,100
36981941234229,10:16:21.941,46.8100,100
36981941234229,10:16:21.941,46.8100,100
36981943688692,10:16:21.943,46.8200,100
36981943713814,10:16:21.943,46.8200,300
36981951451893,10:16:21.951,46.8300,200
36982505497583,10:16:22.505,46.8400,100
36982505497583,10:16:22.505,46.8400,100
36982589836285,10:16:22.589,46.8400,200
36982589836285,10:16:22.589,46.8400,100
36984227361419,10:16:24.227,46.8500,300
36994243759753,10:16:34.243,46.8800,200
36994243759753,10:16:34.243,46.8800,100
36994962262063,10:16:34.962,46.8900,60
36996406210133,10:16:36.406,46.9000,100
36998285157558,10:16:38.285,46.8900,6
37011502052179,10:16:51.502,46.8800,437
37011502084651,10:16:51.502,46.8800,163
37011502093248,10:16:51.502,46.8800,163
37011502285026,10:16:51.502,46.8800,163
37011502448064,10:16:51.502,46.8800,74
37015548850562,10:16:55.548,46.8800,26
37015567019658,10:16:55.567,46.8900,100
37015567019658,10:16:55.567,46.8900,100
37015567019658,10:16:55.567,46.8900,157
37015567046506,10:16:55.567,46.8900,43
37015583989718,10:16:55.583,46.9000,100
37015583989718,10:16:55.583,46.9000,100
37015583989718,10:16:55.583,46.9000,200
37016584962440,10:16:56.584,46.9000,100
37027325553028,10:17:07.325,46.9100,100
37028105035333,10:17:08.105,46.9200,200
37028105489356,10:17:08.105,46.9200,10
37028111485388,10:17:08.111,46.9300,100
37028111485388,10:17:08.111,46.9300,200
37031053433815,10:17:11.053,46.9500,100
37031053469936,10:17:11.053,46.9500,100
37038218235507,10:17:18.218,46.9600,200
37038227388979,10:17:18.227,46.9700,200
37038231805294,10:17:18.231,46.9800,200
37038231805294,10:17:18.231,46.9800,100
37038232588005,10:17:18.232,46.9800,100
37038289364607,10:17:18.289,46.9800,100
37038521193813,10:17:18.521,46.9600,100
37039387206383,10:17:19.387,46.9500,100
37039432950571,10:17:19.432,46.9500,100
37039443585193,10:17:19.443,46.9500,100
37039672387325,10:17:19.672,46.9500,100
37039679274676,10:17:19.679,46.9600,100
37039679274676,10:17:19.679,46.9600,100
37039682776361,10:17:19.682,46.9700,100
37039682776361,10:17:19.682,46.9700,100
37039773798074,10:17:19.773,46.9700,100
37039773798074,10:17:19.773,46.9700,100
37042116588994,10:17:22.116,46.9700,100
37042116588994,10:17:22.116,46.9700,100
37042116588994,10:17:22.116,46.9700,100
37042116588994,10:17:22.116,46.9700,129
37042116588994,10:17:22.116,46.9700,100
37042980787002,10:17:22.980,46.9800,100
37042980787002,10:17:22.980,46.9800,200
37043136019769,10:17:23.136,47.0000,100
37043136019769,10:17:23.136,47.0000,100
37043136019769,10:17:23.136,47.0000,100
37043136830154,10:17:23.136,47.0000,100
37043142286642,10:17:23.142,47.0000,100
37043288912734,10:17:23.288,46.9800,100
37043288912734,10:17:23.288,46.9800,200
37043288912734,10:17:23.288,46.9800,100
37043419461935,10:17:23.419,46.9800,100
37043430923304,10:17:23.430,47.0000,100
37043430923304,10:17:23.430,47.0000,100
37043442548172,10:17:23.442,47.0000,100
37043442548172,10:17:23.442,46.9900,100
37043664769263,10:17:23.664,46.9900,200
37043666308202,10:17:23.666,47.0000,100
37044779980485,10:17:24.779,47.0100,100
37044780015526,10:17:24.780,47.0100,97
37044780058402,10:17:24.780,47.0100,3
37044781698616,10:17:24.781,47.0100,100
37044781698616,10:17:24.781,47.0100,100
37045036371269,10:17:25.036,47.0100,100
37045144368850,10:17:25.144,47.0100,100
37046754592561,10:17:26.754,47.0200,100
37046754592561,10:17:26.754,47.0200,100
37046754592561,10:17:26.754,47.0200,200
37047309679537,10:17:27.309,47.0300,200
37047309679537,10:17:27.309,47.0300,100
37047728302618,10:17:27.728,47.0300,100
37048879972054,10:17:28.879,47.0000,200
37049177319668,10:17:29.177,47.0100,400
37049177319668,10:17:29.177,47.0100,100
37059022018365,10:17:39.022,47.0000,100
37077352010275,10:17:57.352,46.9500,20
37077352010275,10:17:57.352,46.9500,80
37078698718421,10:17:58.698,46.9500,20
37078698801171,10:17:58.698,46.9500,118
37078698892203,10:17:58.698,46.9500,139
37081969498879,10:18:01.969,46.9600,6
37081969533015,10:18:01.969,46.9600,94
37082051013342,10:18:02.051,46.9700,100
37086468303589,10:18:06.468,46.9900,200
37086468303589,10:18:06.468,46.9900,100
37086468462461,10:18:06.468,46.9900,100
37089216529742,10:18:09.216,46.9800,5
37093451871741,10:18:13.451,46.9600,100
37093452812485,10:18:13.452,46.9700,100
37093452885925,10:18:13.452,46.9700,100
37093452919585,10:18:13.452,46.9700,100
37093452919585,10:18:13.452,46.9700,100
37093454782616,10:18:13.454,46.9700,53
37093456721291,10:18:13.456,46.9800,100
37093456721291,10:18:13.456,46.9800,105
37095243612309,10:18:15.243,46.9900,100
37100522275549,10:18:20.522,46.9900,100
37104936831450,10:18:24.936,46.9800,100
37104936831450,10:18:24.936,46.9800,107
37110506266635,10:18:30.506,46.9600,100
37129983358319,10:18:49.983,46.9600,200
37129987021323,10:18:49.987,46.9500,100
37145747367696,10:19:05.747,46.9600,100
37145747416522,10:19:05.747,46.9600,100
37148439139645,10:19:08.439,46.9600,100
37148439860087,10:19:08.439,46.9600,100
37150971968213,10:19:10.971,46.9700,100
37150971995151,10:19:10.971,46.9700,100
37173802444224,10:19:33.802,46.9800,92
37173802513876,10:19:33.802,46.9800,92
37173802548036,10:19:33.802,46.9800,16
37173802548036,10:19:33.802,46.9800,100
37186673047482,10:19:46.673,46.9600,107
37186673047482,10:19:46.673,46.9600,100
37186673078259,10:19:46.673,46.9600,100
37190258067960,10:19:50.258,46.9500,100
37190258067960,10:19:50.258,46.9500,100
37190258101314,10:19:50.258,46.9500,7
37197747975416,10:19:57.747,46.9400,100
37198269968186,10:19:58.269,46.9400,100
37207784793423,10:20:07.784,46.9300,107
37207784793423,10:20:07.784,46.9300,6
37207784852678,10:20:07.784,46.9300,92
37207784852678,10:20:07.784,46.9300,7
37207784945578,10:20:07.784,46.9300,7
37207785243541,10:20:07.785,46.9300,100
37207785243541,10:20:07.785,46.9300,100
37211278194945,10:20:11.278,46.9400,2
37211278208572,10:20:11.278,46.9400,98
37211278208572,10:20:11.278,46.9400,100
37211279974393,10:20:11.279,46.9400,4
37223641530761,10:20:23.641,46.9500,100
37223641530761,10:20:23.641,46.9500,200
37223714402516,10:20:23.714,46.9700,100
37233390830470,10:20:33.390,46.9600,3
37233391213396,10:20:33.391,46.9700,100
37270798053392,10:21:10.798,46.9600,31
37270798129023,10:21:10.798,46.9600,169
37278552314762,10:21:18.552,46.9500,100
37279327526133,10:21:19.327,46.9600,12
37279327526133,10:21:19.327,46.9600,200
37282152840383,10:21:22.152,46.9600,100
37282152840383,10:21:22.152,46.9600,100
37283033466464,10:21:23.033,46.9700,100
37283033495552,10:21:23.033,46.9700,100
37295601888781,10:21:35.601,46.9800,60
37309909331450,10:21:49.909,46.9900,18
37310874135404,10:21:50.874,46.9900,82
37331964121118,10:22:11.964,47.0000,8
37331964167469,10:22:11.964,47.0000,92
37332137767761,10:22:12.137,47.0200,40
37332459323885,10:22:12.459,47.0100,85
37334919223301,10:22:14.919,47.0000,100
37363007449329,10:22:43.007,46.9900,1
37363007450109,10:22:43.007,46.9900,1
37363007450778,10:22:43.007,46.9900,2
37363007453039,10:22:43.007,46.9900,1
37363007454463,10:22:43.007,46.9900,1
37363007456512,10:22:43.007,46.9900,1
37363007458249,10:22:43.007,46.9900,1
37363007464572,10:22:43.007,46.9900,1
37365824899582,10:22:45.824,46.9900,96
37369970804188,10:22:49.970,46.9900,200
37373693454935,10:22:53.693,46.9900,15
37376880144432,10:22:56.880,46.9800,85
37376880191502,10:22:56.880,46.9800,15
37396320134837,10:23:16.320,46.9700,16
37417317573602,10:23:37.317,46.9800,100
37417317573602,10:23:37.317,46.9800,100
37417784215541,10:23:37.784,46.9900,100
37419872564391,10:23:39.872,47.0000,100
37424855657754,10:23:44.855,47.0200,100
37424878431881,10:23:44.878,47.0200,100
37425138656530,10:23:45.138,47.0100,100
37425138656530,10:23:45.138,47.0100,100
37425138688418,10:23:45.138,47.0100,10
37428842855645,10:23:48.842,47.0100,5
37428843010796,10:23:48.843,47.0100,4
37428843600091,10:23:48.843,47.0100,5
37428848883432,10:23:48.848,47.0100,1
37430255231693,10:23:50.255,47.0100,100
37430255231693,10:23:50.255,47.0100,100
37436295764365,10:23:56.295,47.0100,100
37460137666585,10:24:20.137,47.0000,100
37460137744559,10:24:20.137,47.0000,3
37460139921504,10:24:20.139,47.0000,54
37460139945305,10:24:20.139,47.0000,46
37460250883031,10:24:20.250,47.0100,9
37460250907068,10:24:20.250,47.0100,91
37460250907068,10:24:20.250,47.0100,100
37460262453254,10:24:20.262,47.0200,100
37460262477076,10:24:20.262,47.0200,100
37460273006188,10:24:20.273,47.0200,100
37460273087341,10:24:20.273,47.0200,100
37468576266364,10:24:28.576,47.0100,5
37488262495263,10:24:48.262,47.0100,295
37488262495263,10:24:48.262,47.0100,100
37488649884492,10:24:48.649,47.0000,36
37488649909624,10:24:48.649,47.0000,64
37488649909624,10:24:48.649,47.0000,100
37488649909624,10:24:48.649,47.0000,100
37508808364354,10:25:08.808,47.0000,37
37508808792961,10:25:08.808,47.0000,63
37509607454129,10:25:09.607,47.0000,100
37514339571396,10:25:14.339,47.0000,100
37514536923906,10:25:14.536,47.0000,100
37516957528513,10:25:16.957,47.0100,1
37516957528513,10:25:16.957,47.0100,100
37517298764169,10:25:17.298,47.0100,200
37517298764169,10:25:17.298,47.0100,100
37517298764169,10:25:17.298,47.0100,100
37533893058797,10:25:33.893,47.0100,100
37533893058797,10:25:33.893,47.0100,100
37533893058797,10:25:33.893,47.0100,100
37541851011009,10:25:41.851,47.0200,200
37549507579629,10:25:49.507,47.0300,100
37549507579629,10:25:49.507,47.0300,100
37549507887777,10:25:49.507,47.0300,100
37564905506305,10:26:04.905,47.0400,7
37564905530046,10:26:04.905,47.0400,193
37586470154326,10:26:26.470,47.0700,100
37587471096863,10:26:27.471,47.0700,100
37605648006459,10:26:45.648,47.0700,200
37605648006459,10:26:45.648,47.0700,100
37605658301091,10:26:45.658,47.0600,100
37605658301091,10:26:45.658,47.0600,8
37605659019636,10:26:45.659,47.0600,92
37605843863383,10:26:45.843,47.0600,92
37608801468836,10:26:48.801,47.0800,200
37611029662477,10:26:51.029,47.0900,100
37612774690322,10:26:52.774,47.1000,100
37612774690322,10:26:52.774,47.1000,100
37612775919120,10:26:52.775,47.1000,100
37612775919120,10:26:52.775,47.1000,100
37614929057320,10:26:54.929,47.0900,100
37614929057320,10:26:54.929,47.0900,100
37614929057320,10:26:54.929,47.0900,100
37624698786207,10:27:04.698,47.0900,100
37624698786207,10:27:04.698,47.0900,107
37630188478220,10:27:10.188,47.1000,100
37630188478220,10:27:10.188,47.1000,100
37630188478220,10:27:10.188,47.1000,91
37630197746262,10:27:10.197,47.1000,100
37630197747637,10:27:10.197,47.1000,100
37630201203774,10:27:10.201,47.1000,100
37630201203774,10:27:10.201,47.1000,6
37631538620578,10:27:11.538,47.0900,27
37631539101149,10:27:11.539,47.0900,73
37652301414597,10:27:32.301,47.0800,200
37655968733931,10:27:35.968,47.0800,100
37655968733931,10:27:35.968,47.0800,4
37670676481295,10:27:50.676,47.0900,42
37670676505709,10:27:50.676,47.0850,100
37670676505709,10:27:50.676,47.0900,31
37670676654098,10:27:50.676,47.0900,27
37670676654098,10:27:50.676,47.0900,200
37670676654098,10:27:50.676,47.0900,100
37672447194602,10:27:52.447,47.0950,100
37672447287781,10:27:52.447,47.1000,5
37672447333547,10:27:52.447,47.1000,95
37673061725324,10:27:53.061,47.1000,100
37673061725324,10:27:53.061,47.1000,100
37673062440500,10:27:53.062,47.1000,100
37673062440500,10:27:53.062,47.1000,400
37715849943049,10:28:35.849,47.0900,4
37717098759998,10:28:37.098,47.0800,186
37737104360579,10:28:57.104,47.0700,100
37737104360579,10:28:57.104,47.0800,100
37737105124573,10:28:57.105,47.0800,8
37737105150070,10:28:57.105,47.0800,9
37740957029038,10:29:00.957,47.0900,5
37749214813909,10:29:09.214,47.1050,3
37749214813909,10:29:09.214,47.1050,2
37749214813909,10:29:09.214,47.1050,2
37749214813909,10:29:09.214,47.1050,1
37749214813909,10:29:09.214,47.1100,3
37755327443581,10:29:15.327,47.1000,200
37755327443581,10:29:15.327,47.1000,20
37755327474927,10:29:15.327,47.1000,25
37760006993399,10:29:20.006,47.0950,100
37760959477357,10:29:20.959,47.1000,100
37760959586498,10:29:20.959,47.1000,21
37770727127493,10:29:30.727,47.1000,100
37771727309453,10:29:31.727,47.1000,90
37781684312759,10:29:41.684,47.0900,100
37781684312759,10:29:41.684,47.0900,107
37781684620968,10:29:41.684,47.0900,100
37781684620968,10:29:41.684,47.0900,100
37791240385953,10:29:51.240,47.0900,100
37795866747221,10:29:55.866,47.0600,100
37795866747221,10:29:55.866,47.0600,100
37795891852704,10:29:55.891,47.0600,100
37804496365065,10:30:04.496,47.0600,100
37804496365065,10:30:04.496,47.0600,200
37804496391581,10:30:04.496,47.0600,1
37804497840901,10:30:04.497,47.0600,100
37805497483018,10:30:05.497,47.0600,100
37812901442976,10:30:12.901,47.0500,97
37812901442976,10:30:12.901,47.0500,7
37814096932569,10:30:14.096,47.0500,5
37815717160322,10:30:15.717,47.0400,100
37821798303748,10:30:21.798,47.0400,100
37821798342805,10:30:21.798,47.0400,100
37825844309808,10:30:25.844,47.0400,100
37825844309808,10:30:25.844,47.0400,100
37826462869272,10:30:26.462,47.0350,100
37834603220799,10:30:34.603,47.0300,200
37834603220799,10:30:34.603,47.0300,43
37834604503587,10:30:34.604,47.0300,57
37836569168591,10:30:36.569,47.0300,100
37842522385269,10:30:42.522,47.0300,100
37876167265469,10:31:16.167,47.0300,100
37895344908946,10:31:35.344,47.0400,157
37895344922400,10:31:35.344,47.0400,43
37895344922400,10:31:35.344,47.0400,57
37895344937779,10:31:35.344,47.0400,43
37895344937779,10:31:35.344,47.0400,100
37895344937779,10:31:35.344,47.0400,100
37895482559188,10:31:35.482,47.0350,100
37917021605644,10:31:57.021,47.0400,100
37917021605644,10:31:57.021,47.0400,200
37917021656483,10:31:57.021,47.0400,100
37917022189930,10:31:57.022,47.0400,93
37917022192680,10:31:57.022,47.0400,7
37917022192680,10:31:57.022,47.0400,100
37917029679455,10:31:57.029,47.0500,100
37917029679455,10:31:57.029,47.0500,100
37917204167025,10:31:57.204,47.0600,100
37934945538455,10:32:14.945,47.0700,100
37934960441406,10:32:14.960,47.0700,100
37934960441406,10:32:14.960,47.0700,100
37939263154780,10:32:19.263,47.0700,100
37944140254727,10:32:24.140,47.0800,100
37944140254727,10:32:24.140,47.0800,4
37950223488956,10:32:30.223,47.0900,100
37950952848035,10:32:30.952,47.0800,28
37965426970047,10:32:45.426,47.0750,100
37965426970047,10:32:45.426,47.0800,18
37981359668452,10:33:01.359,47.0700,100
37981359668452,10:33:01.359,47.0700,100
37981359668452,10:33:01.359,47.0700,100
37981359701509,10:33:01.359,47.0700,8
37981359712252,10:33:01.359,47.0700,8
37981359734876,10:33:01.359,47.0700,8
37988449204201,10:33:08.449,47.0700,100
37989367784141,10:33:09.367,47.0800,100
37989367868354,10:33:09.367,47.0800,100
38000381682015,10:33:20.381,47.0800,16
38004472102264,10:33:24.472,47.0900,100
38005226151499,10:33:25.226,47.1000,24
38005226651984,10:33:25.226,47.1000,26
38005226659052,10:33:25.226,47.1000,127
38005226686039,10:33:25.226,47.1000,10
38005226697953,10:33:25.226,47.1000,13
38031381086451,10:33:51.381,47.1100,97
38031381086451,10:33:51.381,47.1100,200
38031381086451,10:33:51.381,47.1100,3
38031381117944,10:33:51.381,47.1100,97
38032382216617,10:33:52.382,47.1100,25
38035283656957,10:33:55.283,47.1100,75
38035283656957,10:33:55.283,47.1100,25
38040590400522,10:34:00.590,47.1000,5
38040590685920,10:34:00.590,47.1000,10
38040591064571,10:34:00.591,47.1000,5
38040591158854,10:34:00.591,47.1000,5
38040591346706,10:34:00.591,47.1000,5
38040591428286,10:34:00.591,47.1000,70
38040666972596,10:34:00.666,47.0950,2
38040666972596,10:34:00.666,47.0950,2
38040666972596,10:34:00.666,47.0950,3
38040666972596,10:34:00.666,47.0950,1
38040666972596,10:34:00.666,47.1000,100
38040666972596,10:34:00.666,47.1000,100
38040726425407,10:34:00.726,47.1200,99
38040839517996,10:34:00.839,47.1200,200
38040839517996,10:34:00.839,47.1200,98
38040950386809,10:34:00.950,47.1200,2
38041797836211,10:34:01.797,47.1300,100
38041797882967,10:34:01.797,47.1300,100
38050030003989,10:34:10.030,47.1200,100
38050030003989,10:34:10.030,47.1200,7
38050030003989,10:34:10.030,47.1200,95
38050030042997,10:34:10.030,47.1200,5
38059921382915,10:34:19.921,47.1000,100
38059921382915,10:34:19.921,47.1000,100
38072521751368,10:34:32.521,47.0800,100
38072521751368,10:34:32.521,47.0800,100
38105155248900,10:35:05.155,47.0850,2
38105155248900,10:35:05.155,47.0850,2
38105155248900,10:35:05.155,47.0850,3
38105155248900,10:35:05.155,47.0850,1
38105155248900,10:35:05.155,47.0850,1
38105155248900,10:35:05.155,47.0850,1
38105155248900,10:35:05.155,47.0850,1
38105155248900,10:35:05.155,47.0900,89
38105155286967,10:35:05.155,47.0900,11
38105155286967,10:35:05.155,47.0900,100
38105155286967,10:35:05.155,47.0900,100
38105158948937,10:35:05.158,47.0900,40
38105213097466,10:35:05.213,47.1100,99
38106157232552,10:35:06.157,47.1000,100
38110235809974,10:35:10.235,47.1000,3
38111630701896,10:35:11.630,47.1000,97
38115511319218,10:35:15.511,47.1100,200
38115511319218,10:35:15.511,47.1100,168
38115511351105,10:35:15.511,47.1100,32
38121123319172,10:35:21.123,47.1100,100
38156080207257,10:35:56.080,47.1200,100
38156080207257,10:35:56.080,47.1200,300
38156080207257,10:35:56.080,47.1200,100
38156080333943,10:35:56.080,47.1200,100
38156080359933,10:35:56.080,47.1200,100
38157081214646,10:35:57.081,47.1200,100
38159390751363,10:35:59.390,47.1200,332
38159390751363,10:35:59.390,47.1200,100
38167120914037,10:36:07.120,47.1100,30
38167121022810,10:36:07.121,47.1100,70
38167121022810,10:36:07.121,47.1100,30
38167121103760,10:36:07.121,47.1100,70
38167121103760,10:36:07.121,47.1100,100
38167121103760,10:36:07.121,47.1100,9
38167121599877,10:36:07.121,47.1000,1
38167121600559,10:36:07.121,47.1000,1
38167121602411,10:36:07.121,47.1000,1
38167121605094,10:36:07.121,47.1000,2
38167121608079,10:36:07.121,47.1000,1
38167121611484,10:36:07.121,47.1000,1
38167121612854,10:36:07.121,47.1000,1
38167121614467,10:36:07.121,47.1000,2
38185728190575,10:36:25.728,47.1000,4
38186020094523,10:36:26.020,47.1000,96
38200155863485,10:36:40.155,47.0900,100
38205885722091,10:36:45.885,47.0800,200
38206042170919,10:36:46.042,47.0800,100
38206339328754,10:36:46.339,47.0900,100
38206339328754,10:36:46.339,47.0900,100
38214516994251,10:36:54.516,47.1000,18
38214517035112,10:36:54.517,47.1000,82
38214517035112,10:36:54.517,47.1000,18
38214517187043,10:36:54.517,47.1000,50
38214517196469,10:36:54.517,47.1000,32
38214517196469,10:36:54.517,47.1000,100
38214517196469,10:36:54.517,47.1000,18
38214517227426,10:36:54.517,47.1000,82
38214517227426,10:36:54.517,47.1000,100
38215517986210,10:36:55.517,47.1000,100
38215519670432,10:36:55.519,47.1000,74
38215519697159,10:36:55.519,47.1000,1
38215519860458,10:36:55.519,47.1000,100
38221235826231,10:37:01.235,47.1100,17
38221235826231,10:37:01.235,47.1100,100
38227160448309,10:37:07.160,47.1100,100
38227160476881,10:37:07.160,47.1100,107
38230474574083,10:37:10.474,47.1000,100
38234698204776,10:37:14.698,47.0900,74
38234698204776,10:37:14.698,47.0900,1
38234698204776,10:37:14.698,47.0900,100
38234698204776,10:37:14.698,47.0900,107
38234698204776,10:37:14.698,47.0900,100
38254726995486,10:37:34.726,47.0800,200
38256028518613,10:37:36.028,47.0800,100
38256028604322,10:37:36.028,47.0800,7
38256028604322,10:37:36.028,47.0800,44
38256028604322,10:37:36.028,47.0800,100
38256028956784,10:37:36.028,47.0800,100
38256029954898,10:37:36.029,47.0700,1
38256029959765,10:37:36.029,47.0700,4
38256029964939,10:37:36.029,47.0700,2
38256029965606,10:37:36.029,47.0700,1
38256029968786,10:37:36.029,47.0700,2
38266115828104,10:37:46.115,47.0700,100
38268815058561,10:37:48.815,47.0800,100
38268815058561,10:37:48.815,47.0800,100
38269215140740,10:37:49.215,47.0900,100
38271820418100,10:37:51.820,47.0900,100
38271820418100,10:37:51.820,47.0900,100
38271875269539,10:37:51.875,47.0800,100
38271875269539,10:37:51.875,47.0800,35
38271875313265,10:37:51.875,47.0800,65
38294956839810,10:38:14.956,47.1100,100
38295317060432,10:38:15.317,47.1300,3
38295958120695,10:38:15.958,47.1300,97
38295958120695,10:38:15.958,47.1300,3
38298325931051,10:38:18.325,47.1400,100
38298325993581,10:38:18.325,47.1400,100
38298326011710,10:38:18.326,47.1400,100
38304719344121,10:38:24.719,47.1600,100
38304719344121,10:38:24.719,47.1600,100
38304720018688,10:38:24.720,47.1600,400
38304723259738,10:38:24.723,47.1600,100
38304723803189,10:38:24.723,47.1600,100
38304723803189,10:38:24.723,47.1600,100
38304723803189,10:38:24.723,47.1600,200
38305460436242,10:38:25.460,47.1600,107
38305460436242,10:38:25.460,47.1600,11
38305460466853,10:38:25.460,47.1600,86
38306732536968,10:38:26.732,47.1500,100
38306732536968,10:38:26.732,47.1500,100
38306732536968,10:38:26.732,47.1500,11
38312670638952,10:38:32.670,47.1500,100
38316968106324,10:38:36.968,47.1500,100
38317139554111,10:38:37.139,47.1500,100
38323014253449,10:38:43.014,47.1400,100
38345070431757,10:39:05.070,47.1400,100
38345070431757,10:39:05.070,47.1400,100
38347374329248,10:39:07.374,47.1500,100
38347374329248,10:39:07.374,47.1500,100
38350072901234,10:39:10.072,47.1400,5
38356453301313,10:39:16.453,47.1500,100
38356453387808,10:39:16.453,47.1500,100
38362681923368,10:39:22.681,47.1200,100
38372684269669,10:39:32.684,47.1100,100
38375835600232,10:39:35.835,47.1000,100
38377739150518,10:39:37.739,47.1000,23
38412038788587,10:40:12.038,47.1000,5
38412038788587,10:40:12.038,47.1000,95
38416218926769,10:40:16.218,47.0900,100
38416218926769,10:40:16.218,47.0900,100
38416218926769,10:40:16.218,47.0900,9
38452999246634,10:40:52.999,47.0900,100
38452999246634,10:40:52.999,47.0900,100
38452999246634,10:40:52.999,47.0900,100
38454000212949,10:40:54.000,47.0900,100
38467711042869,10:41:07.711,47.0900,100
38467711042869,10:41:07.711,47.0900,100
38467711042869,10:41:07.711,47.0900,9
38467711071712,10:41:07.711,47.0900,191
38467711255589,10:41:07.711,47.0900,100
38467711690365,10:41:07.711,47.0900,9
38467712314150,10:41:07.712,47.0900,4
38476444092806,10:41:16.444,47.0900,100
38476444092806,10:41:16.444,47.0900,300
38480981654851,10:41:20.981,47.1000,100
38480981654851,10:41:20.981,47.1000,12
38480981694237,10:41:20.981,47.1000,88
38480981694237,10:41:20.981,47.1000,12
38480981726929,10:41:20.981,47.1000,88
38481982698993,10:41:21.982,47.1000,100
38500380124000,10:41:40.380,47.1000,91
38500380124000,10:41:40.380,47.1000,100
38506500139058,10:41:46.500,47.0900,200
38506500166603,10:41:46.500,47.0900,200
38506500179996,10:41:46.500,47.0900,163
38506500455594,10:41:46.500,47.0900,37
38518883086233,10:41:58.883,47.0900,27
38518883130777,10:41:58.883,47.0900,73
38518883130777,10:41:58.883,47.0900,100
38518885447464,10:41:58.885,47.1000,22
38520655345405,10:42:00.655,47.1000,87
38520655345405,10:42:00.655,47.1000,13
38522182611681,10:42:02.182,47.1000,287
38536189173314,10:42:16.189,47.1100,5
38537969773495,10:42:17.969,47.1100,41
38537969776120,10:42:17.969,47.1100,54
38537969776120,10:42:17.969,47.1100,200
38537969776120,10:42:17.969,47.1100,100
38575575502194,10:42:55.575,47.1150,1
38596545922356,10:43:16.545,47.1200,7
38596616452950,10:43:16.616,47.1200,11
38596616650178,10:43:16.616,47.1200,82
38597547029184,10:43:17.547,47.1200,100
38597547261508,10:43:17.547,47.1200,107
38597547261508,10:43:17.547,47.1200,27
38597547300494,10:43:17.547,47.1200,73
38614829275550,10:43:34.829,47.1200,8
38618070252450,10:43:38.070,47.1200,100
38618190810708,10:43:38.190,47.1200,100
38644838358500,10:44:04.838,47.1300,100
38644838358500,10:44:04.838,47.1300,100
38645839373970,10:44:05.839,47.1400,100
38656158755274,10:44:16.158,47.1400,116
38656158755274,10:44:16.158,47.1400,7
38656158755274,10:44:16.158,47.1400,100
38665509249139,10:44:25.509,47.1500,100
38685850620221,10:44:45.850,47.1500,100
38685850620221,10:44:45.850,47.1500,100
38708784673390,10:45:08.784,47.1500,100
38717224710492,10:45:17.224,47.1400,100
38717224710492,10:45:17.224,47.1400,100
38717224710492,10:45:17.224,47.1400,100
38717225477944,10:45:17.225,47.1300,2
38717225479750,10:45:17.225,47.1300,2
38717225485610,10:45:17.225,47.1300,2
38717225490321,10:45:17.225,47.1300,1
38717225490755,10:45:17.225,47.1300,2
38717225493825,10:45:17.225,47.1300,1
38717225497885,10:45:17.225,47.1300,1
38717225504167,10:45:17.225,47.1300,389
38717727784560,10:45:17.727,47.1200,100
38717727784560,10:45:17.727,47.1200,100
38718129512066,10:45:18.129,47.1200,100
38718129536372,10:45:18.129,47.1200,100
38718129586651,10:45:18.129,47.1200,100
38718130621518,10:45:18.130,47.1100,100
38719058713169,10:45:19.058,47.1100,7
38719058713169,10:45:19.058,47.1100,100
38725047481997,10:45:25.047,47.1200,100
38725047481997,10:45:25.047,47.1200,100
38729230783008,10:45:29.230,47.1200,136
38729230808100,10:45:29.230,47.1200,164
38734995688531,10:45:34.995,47.1200,100
38749321680500,10:45:49.321,47.1100,2
38754737172872,10:45:54.737,47.1200,300
38754740041534,10:45:54.740,47.1200,100
38758136320345,10:45:58.136,47.1200,107
38758145108029,10:45:58.145,47.1100,29
38758145113182,10:45:58.145,47.1100,69
38758145113182,10:45:58.145,47.1100,59
38758145138721,10:45:58.145,47.1100,41
38758145138721,10:45:58.145,47.1100,44
38760077295250,10:46:00.077,47.1000,100
38760077295250,10:46:00.077,47.1000,100
38762318222475,10:46:02.318,47.0900,100
38762318222475,10:46:02.318,47.0900,100
38765398365043,10:46:05.398,47.0900,8
38765641017890,10:46:05.641,47.0950,72
38770515739533,10:46:10.515,47.1100,54
38770517088999,10:46:10.517,47.1200,100
38770517262342,10:46:10.517,47.1200,146
38770517745048,10:46:10.517,47.1200,154
38770517882258,10:46:10.517,47.1200,22
38773425826632,10:46:13.425,47.1200,200
38815487219185,10:46:55.487,47.1250,2
38815487219185,10:46:55.487,47.1250,2
38816732688822,10:46:56.732,47.1200,100
38816732697582,10:46:56.732,47.1200,100
38816732697582,10:46:56.732,47.1200,27
38816732703498,10:46:56.732,47.1200,73
38816733769964,10:46:56.733,47.1100,3
38816733771477,10:46:56.733,47.1100,1
38816733774030,10:46:56.733,47.1100,1
38816733774574,10:46:56.733,47.1100,2
38816734124114,10:46:56.734,47.1100,2
38821444972720,10:47:01.444,47.1150,100
38821444972720,10:47:01.444,47.1200,100
38821444972720,10:47:01.444,47.1200,100
38821451202253,10:47:01.451,47.1100,100
38822169556700,10:47:02.169,47.1100,100
38826019749908,10:47:06.019,47.1000,22
38829508198179,10:47:09.508,47.1200,99
38833874783009,10:47:13.874,47.1100,100
38833874783009,10:47:13.874,47.1100,100
38833874894370,10:47:13.874,47.1100,100
38833874951729,10:47:13.874,47.1100,100
38833874972241,10:47:13.874,47.1100,8
38833875284512,10:47:13.875,47.1100,15
38833875644853,10:47:13.875,47.1100,12
38833876259703,10:47:13.876,47.1100,65
38836704219636,10:47:16.704,47.1200,101
38836704219636,10:47:16.704,47.1200,99
38856992276197,10:47:36.992,47.1150,1
38856992276197,10:47:36.992,47.1200,100
38856992276197,10:47:36.992,47.1200,99
38856992451762,10:47:36.992,47.1200,1
38860768728398,10:47:40.768,47.1100,100
38872199700502,10:47:52.199,47.1000,100
38872199700502,10:47:52.199,47.1000,100
38872201865747,10:47:52.201,47.0900,1
38872201878965,10:47:52.201,47.0900,1
38872201917781,10:47:52.201,47.0900,1
38872201920972,10:47:52.201,47.0900,1
38872201946164,10:47:52.201,47.0900,1
38872201958310,10:47:52.201,47.0900,3
38872201985986,10:47:52.201,47.0900,1
38872201994306,10:47:52.201,47.0900,1
38883385408171,10:48:03.385,47.1000,200
38883408269559,10:48:03.408,47.1000,100
38883408269559,10:48:03.408,47.1000,100
38884025928755,10:48:04.025,47.1000,100
38884025957200,10:48:04.025,47.1000,100
38884426873349,10:48:04.426,47.1000,100
38884431847203,10:48:04.431,47.1000,38
38888648542097,10:48:08.648,47.1050,100
38888649871589,10:48:08.649,47.1100,100
38888649895946,10:48:08.649,47.1100,100
38888669426525,10:48:08.669,47.1100,67
38889650912512,10:48:09.650,47.1100,100
38889650912512,10:48:09.650,47.1100,100
38889651342690,10:48:09.651,47.1100,8
38889690883163,10:48:09.690,47.1100,100
38929772670462,10:48:49.772,47.1100,77
38929772670462,10:48:49.772,47.1100,100
38929772670462,10:48:49.772,47.1100,100
38929772670462,10:48:49.772,47.1100,100
38929773499719,10:48:49.773,47.1000,1
38929773501062,10:48:49.773,47.1000,2
38929773502541,10:48:49.773,47.1000,2
38929773506244,10:48:49.773,47.1000,1
38929773507681,10:48:49.773,47.1000,1
38929773509983,10:48:49.773,47.1000,1
38929773510491,10:48:49.773,47.1000,1
38929773526052,10:48:49.773,47.1000,391
38930166903006,10:48:50.166,47.1000,100
38948837052588,10:49:08.837,47.1000,100
38953510750760,10:49:13.510,47.1000,100
38953510750760,10:49:13.510,47.1000,100
38953510750760,10:49:13.510,47.1000,100
38959238065993,10:49:19.238,47.1100,74
38959238100016,10:49:19.238,47.1100,100
38959238131262,10:49:19.238,47.1100,126
38959243885619,10:49:19.243,47.1200,98
38959256139453,10:49:19.256,47.1100,400
38959256139453,10:49:19.256,47.1100,26
38959256139453,10:49:19.256,47.1100,56
38959374097455,10:49:19.374,47.1100,44
38959375475618,10:49:19.375,47.1100,43
38959378356375,10:49:19.378,47.1100,13
38959378356375,10:49:19.378,47.1100,31
38959378381802,10:49:19.378,47.1100,59
38960401986857,10:49:20.401,47.1000,100
38960401986857,10:49:20.401,47.1000,100
38971818591646,10:49:31.818,47.1000,100
38974267880017,10:49:34.267,47.0900,2
38974267880017,10:49:34.267,47.0900,100
38974267880017,10:49:34.267,47.0900,98
38974267967783,10:49:34.267,47.0900,2
38990467810027,10:49:50.467,47.0800,3
38990467811476,10:49:50.467,47.0800,1
38993403938415,10:49:53.403,47.0800,4
38996243786416,10:49:56.243,47.0800,100
39012685057800,10:50:12.685,47.0900,100
39012685057800,10:50:12.685,47.0900,51
39012685057800,10:50:12.685,47.0900,300
39013686029022,10:50:13.686,47.0900,100
39019889793219,10:50:19.889,47.1000,39
39020390007661,10:50:20.390,47.1000,38
39020405279205,10:50:20.405,47.1000,39
39020406943790,10:50:20.406,47.1000,161
39020406943790,10:50:20.406,47.1000,33
39020423497659,10:50:20.423,47.1000,267
39020423497659,10:50:20.423,47.1000,4
39020551877970,10:50:20.551,47.1000,96
39021407914195,10:50:21.407,47.1000,98
39021407914195,10:50:21.407,47.1000,2
39021407946330,10:50:21.407,47.1000,53
39021425247095,10:50:21.425,47.1000,100
39021425247095,10:50:21.425,47.1000,53
39021425247095,10:50:21.425,47.1000,100
39021425247095,10:50:21.425,47.1000,100
39021425247095,10:50:21.425,47.1000,34
39022725579775,10:50:22.725,47.1000,66
39029577256195,10:50:29.577,47.1000,100
39029577428070,10:50:29.577,47.1000,7
39034419007169,10:50:34.419,47.0900,100
39034419048217,10:50:34.419,47.0900,10
39034419212427,10:50:34.419,47.0900,100
39039741760985,10:50:39.741,47.0800,80
39051142614061,10:50:51.142,47.0700,5
39051142661811,10:50:51.142,47.0700,100
39055850214626,10:50:55.850,47.0600,100
39055860724113,10:50:55.860,47.0600,99
39055860757120,10:50:55.860,47.0600,1
39057068984448,10:50:57.068,47.0600,100
39061921822371,10:51:01.921,47.0600,100
39065483222373,10:51:05.483,47.0600,90
39065483295124,10:51:05.483,47.0600,10
39065483295124,10:51:05.483,47.0600,100
39075259297317,10:51:15.259,47.0600,59
39075259326261,10:51:15.259,47.0600,41
39080098191598,10:51:20.098,47.0500,100
39080098325746,10:51:20.098,47.0500,100
39080098325746,10:51:20.098,47.0500,100
39080100020363,10:51:20.100,47.0500,100
39082232154155,10:51:22.232,47.0600,100
39082232154155,10:51:22.232,47.0600,100
39084210669051,10:51:24.210,47.0600,100
39109183112198,10:51:49.183,47.0600,100
39109183112198,10:51:49.183,47.0600,100
39109183112198,10:51:49.183,47.0600,200
39112469263661,10:51:52.469,47.0800,54
39126173982441,10:52:06.173,47.0900,54
39126174437346,10:52:06.174,47.0900,46
39147722280933,10:52:27.722,47.0900,100
39147722280933,10:52:27.722,47.0900,10
39169757273107,10:52:49.757,47.0800,100
39169757273107,10:52:49.757,47.0800,100
39169757273107,10:52:49.757,47.0800,100
39169757273107,10:52:49.757,47.0800,100
39169757273107,10:52:49.757,47.0800,12
39169757273107,10:52:49.757,47.0800,88
39169757307575,10:52:49.757,47.0800,12
39170931938876,10:52:50.931,47.0800,100
39180649236501,10:53:00.649,47.0700,100
39180650377492,10:53:00.650,47.0600,2
39180650378744,10:53:00.650,47.0600,2
39180650379197,10:53:00.650,47.0600,3
39180650449042,10:53:00.650,47.0600,2
39180650449784,10:53:00.650,47.0600,1
39180650490535,10:53:00.650,47.0600,1
39180650491161,10:53:00.650,47.0600,2
39180650501711,10:53:00.650,47.0600,1
39184764542899,10:53:04.764,47.0700,100
39184764771315,10:53:04.764,47.0700,100
39194511022082,10:53:14.511,47.0700,100
39196277510716,10:53:16.277,47.0700,42
39200189266494,10:53:20.189,47.0700,58
39200189266494,10:53:20.189,47.0700,92
39200189374332,10:53:20.189,47.0700,8
39200235411320,10:53:20.235,47.0700,100
39200235411320,10:53:20.235,47.0700,400
39200235411320,10:53:20.235,47.0700,100
39200235411320,10:53:20.235,47.0700,99
39200491051852,10:53:20.491,47.0600,15
39222260121504,10:53:42.260,47.0600,100
39222260121504,10:53:42.260,47.0600,400
39222260121504,10:53:42.260,47.0600,100
39222260121504,10:53:42.260,47.0600,100
39222260121504,10:53:42.260,47.0600,100
39222260121504,10:53:42.260,47.0600,100
39229828418283,10:53:49.828,47.0600,100
39229828418283,10:53:49.828,47.0600,100
39240204310161,10:54:00.204,47.0600,100
39240204310161,10:54:00.204,47.0600,31
39245480652752,10:54:05.480,47.0700,300
39245480682429,10:54:05.480,47.0700,200
39245499797917,10:54:05.499,47.0800,87
39245618113758,10:54:05.618,47.0800,13
39245618113758,10:54:05.618,47.0800,74
39245664287640,10:54:05.664,47.0700,87
39245677758432,10:54:05.677,47.0700,200
39245677758432,10:54:05.677,47.0700,100
39245677907787,10:54:05.677,47.0700,100
39245679566770,10:54:05.679,47.0700,100
39247224873565,10:54:07.224,47.0600,10
39247230794770,10:54:07.230,47.0600,100
39247230794770,10:54:07.230,47.0600,100
39247230794770,10:54:07.230,47.0600,100
39250403163612,10:54:10.403,47.0600,100
39250403163612,10:54:10.403,47.0600,100
39250403163612,10:54:10.403,47.0600,200
39250403163612,10:54:10.403,47.0600,100
39260353833223,10:54:20.353,47.0600,5
39295728584578,10:54:55.728,47.0650,2
39295728584578,10:54:55.728,47.0650,2
39295728584578,10:54:55.728,47.0650,2
39295728584578,10:54:55.728,47.0650,4
39310602344236,10:55:10.602,47.0700,128
39310602383911,10:55:10.602,47.0700,100
39310603354338,10:55:10.603,47.0700,72
39310603354338,10:55:10.603,47.0700,100
39310603354338,10:55:10.603,47.0700,28
39310603383227,10:55:10.603,47.0700,272
39310603383227,10:55:10.603,47.0700,139
39310612011515,10:55:10.612,47.0800,100
39310612011515,10:55:10.612,47.0800,100
39310612011515,10:55:10.612,47.0800,100
39319658383943,10:55:19.658,47.0900,100
39319658722911,10:55:19.658,47.0900,100
39319675129280,10:55:19.675,47.0900,100
39319675557415,10:55:19.675,47.0900,100
39319675618303,10:55:19.675,47.0900,200
39320091784751,10:55:20.091,47.0900,400
39320091784751,10:55:20.091,47.0900,100
39320091784751,10:55:20.091,47.0900,100
39320091784751,10:55:20.091,47.0900,100
39320091784751,10:55:20.091,47.0900,100
39326178711274,10:55:26.178,47.0800,100
39326178711274,10:55:26.178,47.0800,100
39326178711274,10:55:26.178,47.0800,100
39326178711274,10:55:26.178,47.0800,100
39326178711274,10:55:26.178,47.0800,500
39327433748665,10:55:27.433,47.0700,200
39341005892313,10:55:41.005,47.0700,100
39355172383158,10:55:55.172,47.0650,1
39355172383158,10:55:55.172,47.0650,1
39355172383158,10:55:55.172,47.0650,1
39355172383158,10:55:55.172,47.0650,4
39355172383158,10:55:55.172,47.0650,2
39355172383158,10:55:55.172,47.0650,1
39355172383158,10:55:55.172,47.0650,1
39355172383158,10:55:55.172,47.0650,1
39355172383158,10:55:55.172,47.0650,1
39355172383158,10:55:55.172,47.0650,1
39355172383158,10:55:55.172,47.0650,1
39355172383158,10:55:55.172,47.0650,1
39355172383158,10:55:55.172,47.0650,1
39357172440101,10:55:57.172,47.0700,300
39367906542564,10:56:07.906,47.0700,10
39367908140205,10:56:07.908,47.0700,100
39367908444747,10:56:07.908,47.0700,100
39367908444747,10:56:07.908,47.0700,100
39368335614827,10:56:08.335,47.0700,100
39368340687977,10:56:08.340,47.0700,100
39371043662528,10:56:11.043,47.0700,100
39371045204524,10:56:11.045,47.0800,400
39372044686573,10:56:12.044,47.0800,100
39376853454272,10:56:16.853,47.0800,100
39376853454272,10:56:16.853,47.0800,100
39376854012487,10:56:16.854,47.0800,100
39376854035760,10:56:16.854,47.0800,100
39376859154271,10:56:16.859,47.0900,100
39376861070407,10:56:16.861,47.1000,100
39376861616133,10:56:16.861,47.1000,200
39376872636593,10:56:16.872,47.1000,100
39376883919851,10:56:16.883,47.1000,100
39376883919851,10:56:16.883,47.1000,100
39376883919851,10:56:16.883,47.1000,100
39376883919851,10:56:16.883,47.1000,200
39376968785287,10:56:16.968,47.1000,100
39376977397383,10:56:16.977,47.1000,100
39376977397383,10:56:16.977,47.1000,400
39376977397383,10:56:16.977,47.1000,100
39376977397383,10:56:16.977,47.1000,100
39417106101847,10:56:57.106,47.1100,100
39417106101847,10:56:57.106,47.1100,100
39417106101847,10:56:57.106,47.1100,100
39417106101847,10:56:57.106,47.1100,100
39417106101847,10:56:57.106,47.1100,100
39417114684617,10:56:57.114,47.1200,200
39417114745424,10:56:57.114,47.1200,100
39417120599812,10:56:57.120,47.1300,7
39417125919517,10:56:57.125,47.1300,100
39417125919517,10:56:57.125,47.1300,100
39417125919517,10:56:57.125,47.1300,100
39417130430451,10:56:57.130,47.1200,200
39417130430451,10:56:57.130,47.1200,100
39417130430451,10:56:57.130,47.1200,100
39417130430451,10:56:57.130,47.1200,100
39417130430451,10:56:57.130,47.1200,100
39417130430451,10:56:57.130,47.1200,92
39417130476532,10:56:57.130,47.1200,108
39417159381454,10:56:57.159,47.1100,200
39417159381454,10:56:57.159,47.1100,100
39417159381454,10:56:57.159,47.1100,100
39417159381454,10:56:57.159,47.1100,200
39417159381454,10:56:57.159,47.1100,100
39417176344560,10:56:57.176,47.1100,15
39417176344560,10:56:57.176,47.1100,100
39417176675277,10:56:57.176,47.1100,100
39417176675277,10:56:57.176,47.1100,100
39417176675277,10:56:57.176,47.1100,100
39417176675277,10:56:57.176,47.1100,100
39417176675277,10:56:57.176,47.1100,100
39417177002337,10:56:57.177,47.1100,100
39417177002337,10:56:57.177,47.1100,200
39417177024617,10:56:57.177,47.1100,278
39417292857949,10:56:57.292,47.1100,100
39417292857949,10:56:57.292,47.1100,100
39417292857949,10:56:57.292,47.1100,100
39417292857949,10:56:57.292,47.1100,100
39426114002222,10:57:06.114,47.1050,200
39430939240262,10:57:10.939,47.1000,100
39430939673489,10:57:10.939,47.1000,100
39430939673489,10:57:10.939,47.1000,100
39430939673489,10:57:10.939,47.1000,100
39430947136059,10:57:10.947,47.1100,100
39430947136059,10:57:10.947,47.1100,100
39431057191608,10:57:11.057,47.1100,100
39431057191608,10:57:11.057,47.1100,92
39433769113358,10:57:13.769,47.1000,100
39433769113358,10:57:13.769,47.1000,100
39433769113358,10:57:13.769,47.1000,100
39433769113358,10:57:13.769,47.1000,100
39433769424556,10:57:13.769,47.1000,100
39441357637945,10:57:21.357,47.1000,95
39442629345305,10:57:22.629,47.1000,5
39466927288926,10:57:46.927,47.1000,18
39466927330365,10:57:46.927,47.1000,82
39466927330365,10:57:46.927,47.1000,18
39466927332138,10:57:46.927,47.1000,4
39466927798234,10:57:46.927,47.1000,78
39466927798234,10:57:46.927,47.1000,100
39466928308967,10:57:46.928,47.1000,95
39466928842539,10:57:46.928,47.1000,100
39466943311399,10:57:46.943,47.0900,1
39466943330806,10:57:46.943,47.0900,1
39466953412351,10:57:46.953,47.1000,100
39466953412351,10:57:46.953,47.1000,203
39466953718460,10:57:46.953,47.1000,100
39483825871859,10:58:03.825,47.1100,18
39483825911934,10:58:03.825,47.1100,82
39483825911934,10:58:03.825,47.1100,100
39483825911934,10:58:03.825,47.1100,18
39483825948944,10:58:03.825,47.1100,82
39487845046417,10:58:07.845,47.1200,78
39490021743342,10:58:10.021,47.1300,100
39490023475159,10:58:10.023,47.1400,200
39490023475159,10:58:10.023,47.1400,100
39490023475159,10:58:10.023,47.1400,100
39495060363218,10:58:15.060,47.1600,100
39495060363218,10:58:15.060,47.1600,100
39495060521451,10:58:15.060,47.1700,200
39495060521451,10:58:15.060,47.1700,85
39495066403285,10:58:15.066,47.1700,100
39495071494632,10:58:15.071,47.1700,122
39495073988868,10:58:15.073,47.1600,100
39495073988868,10:58:15.073,47.1600,100
39495073988868,10:58:15.073,47.1600,100
39495091059496,10:58:15.091,47.1600,18
39495324653978,10:58:15.324,47.1500,100
39495324653978,10:58:15.324,47.1500,66
39514254613352,10:58:34.254,47.1500,6
39514254613352,10:58:34.254,47.1500,100
39554987912768,10:59:14.987,47.1600,71
39554987912768,10:59:14.987,47.1600,29
39554987945339,10:59:14.987,47.1600,71
39570257627992,10:59:30.257,47.1700,100
39570257627992,10:59:30.257,47.1700,200
39570257635698,10:59:30.257,47.1700,100
39591023860242,10:59:51.023,47.1700,100
39591023860242,10:59:51.023,47.1700,100
39593255636079,10:59:53.255,47.1700,100
39593255636079,10:59:53.255,47.1700,100
39594054407904,10:59:54.054,47.1600,1
39594054407904,10:59:54.054,47.1600,100
39594054407904,10:59:54.054,47.1600,100
39594054407904,10:59:54.054,47.1600,100
39595058491002,10:59:55.058,47.1600,93
39595981598462,10:59:55.981,47.1600,107
39595981598462,10:59:55.981,47.1600,100
39595981598462,10:59:55.981,47.1600,100
39600005407689,11:00:00.005,47.1600,51
39600005408363,11:00:00.005,47.1600,51
39600005412709,11:00:00.005,47.1600,98
39600008871100,11:00:00.008,47.1700,200
39601277846095,11:00:01.277,47.2000,100
39608375759450,11:00:08.375,47.2000,100
39614143377280,11:00:14.143,47.2000,10
39614143402945,11:00:14.143,47.2000,10
39623550890271,11:00:23.550,47.2100,5
39633088990889,11:00:33.088,47.2050,13
39633088990889,11:00:33.088,47.2000,27
39633089279837,11:00:33.089,47.2000,173
39662825339416,11:01:02.825,47.2000,300
39663041815868,11:01:03.041,47.2100,95
39663462831172,11:01:03.462,47.2400,100
39663462831172,11:01:03.462,47.2400,200
39663462831172,11:01:03.462,47.2400,700
39663474496118,11:01:03.474,47.2500,64
39663479245007,11:01:03.479,47.2500,63
39663481081002,11:01:03.481,47.2500,55
39663487793379,11:01:03.487,47.2500,10
39663490854037,11:01:03.490,47.2500,8
39663490854037,11:01:03.490,47.2500,5
39663492287594,11:01:03.492,47.2500,95
39663873082787,11:01:03.873,47.2600,100
39663873082787,11:01:03.873,47.2600,100
39664297127695,11:01:04.297,47.2700,100
39666068713287,11:01:06.068,47.2800,100
39666341699800,11:01:06.341,47.2800,43
39666341699800,11:01:06.341,47.2800,57
