timestamp,time,price,volume
32773795002903,09:06:13.795,131.1600,5
32775487844622,09:06:15.487,131.1600,5
33624785054674,09:20:24.785,131.3400,50
33673874505004,09:21:13.874,131.3400,50
34200837061823,09:30:00.837,0.0000,0
34205003632829,09:30:05.003,131.4000,5
34293464116859,09:31:33.464,131.2700,15
34293464160576,09:31:33.464,131.2700,8
34293464727265,09:31:33.464,131.2700,7
34294397437087,09:31:34.397,131.2700,20
34305928074491,09:31:45.928,131.2700,50
34305928074491,09:31:45.928,131.2700,100
34305928074491,09:31:45.928,131.2700,100
34306285076960,09:31:46.285,131.2200,94
34358006644832,09:32:38.006,131.5100,100
34358007482625,09:32:38.007,131.5600,74
34358007487048,09:32:38.007,131.5600,26
34358008565742,09:32:38.008,131.5600,36
34358008565742,09:32:38.008,131.5600,64
34358026913987,09:32:38.026,131.6800,100
34393191829934,09:33:13.191,131.6200,221
34393191861201,09:33:13.191,131.6200,79
34393191861201,09:33:13.191,131.6200,10
34393191861201,09:33:13.191,131.6200,8
34393192033354,09:33:13.192,131.6600,100
34393192967148,09:33:13.192,131.6200,100
34393192967148,09:33:13.192,131.6200,30
34393192967148,09:33:13.192,131.6200,100
34393192967148,09:33:13.192,131.6200,70
34393193061254,09:33:13.193,131.6200,30
34393195931754,09:33:13.195,131.6100,100
34393196499800,09:33:13.196,131.5900,100
34393197589659,09:33:13.197,131.5700,30
34393198214746,09:33:13.198,131.5700,70
34393281545566,09:33:13.281,131.4800,100
34393281598686,09:33:13.281,131.4800,100
34480985845520,09:34:40.985,131.6300,100
34480985898361,09:34:40.985,131.6300,94
34480985909205,09:34:40.985,131.6300,6
34500306263949,09:35:00.306,131.5600,100
34500306263949,09:35:00.306,131.5600,100
34500306263949,09:35:00.306,131.5600,100
34500306747953,09:35:00.306,131.5600,100
34533477438052,09:35:33.477,131.4600,100
34533477499250,09:35:33.477,131.4600,100
34533494639042,09:35:33.494,131.4500,100
34533494814102,09:35:33.494,131.4500,100
34558954571585,09:35:58.954,131.3700,8
34618225708761,09:36:58.225,131.3700,1
34653409737025,09:37:33.409,131.3100,100
34689323799597,09:38:09.323,131.4400,100
34689323799597,09:38:09.323,131.4400,100
34689323799597,09:38:09.323,131.4400,100
34689323829714,09:38:09.323,131.4400,100
34689324944916,09:38:09.324,131.4700,100
34703430154035,09:38:23.430,131.5000,100
34703430184842,09:38:23.430,131.5000,10
34703431940368,09:38:23.431,131.5300,100
34703431975837,09:38:23.431,131.5300,100
34719844746510,09:38:39.844,131.4200,100
34746391557619,09:39:06.391,131.3700,100
34768223271477,09:39:28.223,131.4400,100
34783851637512,09:39:43.851,131.3100,100
34834490822197,09:40:34.490,131.2900,100
34834490980947,09:40:34.490,131.2900,73
34834491005904,09:40:34.491,131.2900,27
34859133465488,09:40:59.133,131.1300,100
34859133625633,09:40:59.133,131.1300,100
34859136795853,09:40:59.136,131.1200,100
34881225537356,09:41:21.225,131.1700,1
34922465917731,09:42:02.465,131.2200,100
34922466645402,09:42:02.466,131.2500,6
34922466905784,09:42:02.466,131.2600,44
34922467140028,09:42:02.467,131.2600,56
34922467165189,09:42:02.467,131.2600,100
34922467165189,09:42:02.467,131.2600,100
34934783577967,09:42:14.783,131.2600,100
34964845948516,09:42:44.845,131.2500,100
35015531719820,09:43:35.531,131.2500,1
35028640555170,09:43:48.640,131.3000,100
35028640662150,09:43:48.640,131.3000,5
35028641688870,09:43:48.641,131.3000,100
35028642090404,09:43:48.642,131.3100,100
35059849664877,09:44:19.849,131.3400,96
35059849695057,09:44:19.849,131.3400,4
35086985113886,09:44:46.985,131.2800,100
35094413052193,09:44:54.413,131.3500,100
35137271015329,09:45:37.271,131.4400,100
35137271668918,09:45:37.271,131.4400,100
35137303019434,09:45:37.303,131.4700,100
35143878893588,09:45:43.878,131.3800,11
35225216304994,09:47:05.216,131.3000,3
35232725424960,09:47:12.725,131.3100,1
35252055170423,09:47:32.055,131.2600,100
35252055492718,09:47:32.055,131.2500,5
35252055928763,09:47:32.055,131.2400,3
35252055928763,09:47:32.055,131.2100,100
35252057018015,09:47:32.057,131.2100,100
35283225857707,09:48:03.225,131.2000,1
35306735920129,09:48:26.735,131.2600,100
35306735920129,09:48:26.735,131.2600,100
35327000969733,09:48:47.000,131.1100,3
35377381529229,09:49:37.381,131.0800,3
35417223781588,09:50:17.223,131.1100,1
35426843236007,09:50:26.843,131.1900,100
35426874708803,09:50:26.874,131.2000,100
35437101218573,09:50:37.101,131.1900,3
35486267265152,09:51:26.267,131.2400,3
35491272749482,09:51:31.272,131.1700,10
35517400082247,09:51:57.400,131.1700,100
35517400604379,09:51:57.400,131.1600,100
35517400636427,09:51:57.400,131.1600,100
35517400636427,09:51:57.400,131.1600,3
35517400644130,09:51:57.400,131.1600,103
35517400658870,09:51:57.400,131.1600,100
35517400841130,09:51:57.400,131.1600,97
35517400935020,09:51:57.400,131.1600,3
35533766326729,09:52:13.766,131.1600,88
35533766385032,09:52:13.766,131.1600,12
35545211035406,09:52:25.211,131.2400,1
35545213188021,09:52:25.213,131.2600,100
35545213530034,09:52:25.213,131.2700,4
35545213557592,09:52:25.213,131.2700,96
35545219118961,09:52:25.219,131.2300,27
35545219134816,09:52:25.219,131.2300,73
35585032985888,09:53:05.032,131.1900,3
35587868731577,09:53:07.868,131.1600,100
35587868791738,09:53:07.868,131.1600,100
35617175519605,09:53:37.175,131.1800,100
35628770394872,09:53:48.770,131.1900,3
35642099636893,09:54:02.099,131.2400,3
35684922623375,09:54:44.922,131.2400,3
35685224489392,09:54:45.224,131.2600,1
35713082485035,09:55:13.082,131.3400,67
35713082510415,09:55:13.082,131.3400,33
35713083078083,09:55:13.083,131.3100,10
35713084186563,09:55:13.084,131.3200,100
35713101657802,09:55:13.101,131.2900,100
35717172811082,09:55:17.172,131.3200,22
35732459990084,09:55:32.459,131.2700,3
35769220393859,09:56:09.220,131.2200,1
35769220393859,09:56:09.220,131.2200,100
35800175932233,09:56:40.175,131.1900,3
35842390575010,09:57:22.390,131.1500,100
35852390015680,09:57:32.390,131.1100,3
35852390170210,09:57:32.390,131.1500,10
35863066274307,09:57:43.066,131.1100,10
35872388584236,09:57:52.388,131.0500,3
35922092148337,09:58:42.092,131.1200,10
35922092148337,09:58:42.092,131.1400,8
35922092148337,09:58:42.092,131.1400,90
35931466680701,09:58:51.466,131.0400,100
35931466801676,09:58:51.466,131.0400,100
35970278194495,09:59:30.278,131.0000,100
35970278229712,09:59:30.278,131.0000,400
35970279020416,09:59:30.279,130.9800,3
35999115630155,09:59:59.115,131.0600,4
36020342358669,10:00:20.342,131.1100,100
36020344078601,10:00:20.344,131.1300,67
36020344078601,10:00:20.344,131.1300,1
36020443012630,10:00:20.443,131.0800,9
36022601478492,10:00:22.601,131.1300,1
36032162147367,10:00:32.162,131.1100,100
36032163236671,10:00:32.163,131.0700,100
36032219757261,10:00:32.219,131.0600,100
36070891534646,10:01:10.891,130.9600,79
36070891536519,10:01:10.891,130.9600,79
36070891549591,10:01:10.891,130.9600,79
36070891570468,10:01:10.891,130.9600,42
36070891570468,10:01:10.891,130.9600,58
36070891677392,10:01:10.891,130.9500,55
36070891728843,10:01:10.891,130.9500,45
36070891728843,10:01:10.891,130.9500,55
36070891764162,10:01:10.891,130.9500,9
36071243516455,10:01:11.243,130.9100,100
36084303691533,10:01:24.303,130.9900,1
36086708858105,10:01:26.708,130.9900,100
36086712114336,10:01:26.712,130.9600,100
36086712258506,10:01:26.712,130.9600,100
36109248218038,10:01:49.248,131.0100,39
36109248515242,10:01:49.248,131.0100,39
36117274951315,10:01:57.274,130.9400,100
36117275472593,10:01:57.275,130.9300,72
36117275565547,10:01:57.275,130.9300,28
36117275565547,10:01:57.275,130.9300,7
36130602667987,10:02:10.602,131.0000,100
36154613745621,10:02:34.613,130.9500,4
36166690989279,10:02:46.690,130.9000,100
36166708566909,10:02:46.708,130.8800,8
36166709688772,10:02:46.709,130.8800,8
36166719334743,10:02:46.719,130.8600,7
36166719430504,10:02:46.719,130.8600,69
36166719430504,10:02:46.719,130.8600,100
36166915549644,10:02:46.915,130.8900,100
36167489676653,10:02:47.489,130.9200,1
36189768267848,10:03:09.768,130.9000,11
36198094758142,10:03:18.094,130.9700,100
36198100508195,10:03:18.100,131.0000,100
36277631238485,10:04:37.631,131.1400,100
36277631575364,10:04:37.631,131.1500,2
36277631669247,10:04:37.631,131.1500,98
36281298728968,10:04:41.298,131.1700,7
36291448230783,10:04:51.448,131.1200,100
36291448230783,10:04:51.448,131.1200,2
36291469638543,10:04:51.469,131.1200,100
36309670772365,10:05:09.670,131.2000,100
36309671403786,10:05:09.671,131.2100,100
36322075703213,10:05:22.075,131.2400,86
36338005512939,10:05:38.005,131.2800,1
36338006167871,10:05:38.006,131.2800,99
36347072365939,10:05:47.072,131.3100,10
36355941042756,10:05:55.941,131.3100,52
36402155094475,10:06:42.155,131.3300,72
36402155098125,10:06:42.155,131.3300,28
36405231155798,10:06:45.231,131.3000,7
36478259463712,10:07:58.259,131.4100,25
36485634867182,10:08:05.634,131.4300,1
36485639973112,10:08:05.639,131.3900,10
36487587490486,10:08:07.587,131.3900,100
36488988134469,10:08:08.988,131.3700,4
36488988134469,10:08:08.988,131.3700,100
36489557354224,10:08:09.557,131.4100,100
36489557458465,10:08:09.557,131.4100,100
36489557458465,10:08:09.557,131.4100,23
36521216167790,10:08:41.216,131.3700,100
36521216167790,10:08:41.216,131.3700,100
36521750999773,10:08:41.750,131.3700,100
36525816460631,10:08:45.816,131.3400,100
36546741665994,10:09:06.741,131.3800,100
36546741719533,10:09:06.741,131.3700,100
36554984856800,10:09:14.984,131.2900,5
36623238156006,10:10:23.238,131.3800,1
36623984485992,10:10:23.984,131.3600,100
36625172770196,10:10:25.172,131.3200,4
36679223672925,10:11:19.223,131.3800,39
36679223897278,10:11:19.223,131.3800,39
36705621641107,10:11:45.621,131.3800,16
36715344029973,10:11:55.344,131.4000,70
36715344029973,10:11:55.344,131.3800,30
36728754981648,10:12:08.754,131.4100,4
36728755147744,10:12:08.755,131.3900,9
36728772064931,10:12:08.772,131.4000,100
36730274359778,10:12:10.274,131.3800,70
36730291120426,10:12:10.291,131.3800,200
36730652215130,10:12:10.652,131.3900,100
36731990084352,10:12:11.990,131.3800,100
36731990084352,10:12:11.990,131.3800,32
36773714046239,10:12:53.714,131.4600,4
36773714046239,10:12:53.714,131.4600,1
36773714653472,10:12:53.714,131.4700,3
36773714759745,10:12:53.714,131.4700,100
36773715024394,10:12:53.715,131.5000,5
36773715049960,10:12:53.715,131.5000,195
36775114042300,10:12:55.114,131.4700,100
36778542272935,10:12:58.542,131.4300,200
36778545212734,10:12:58.545,131.4300,100
36793242590610,10:13:13.242,131.4300,100
36815842685321,10:13:35.842,131.4700,100
36815842685321,10:13:35.842,131.4700,100
36815842685321,10:13:35.842,131.4700,31
36815865114092,10:13:35.865,131.4600,28
36860607430621,10:14:20.607,131.4600,100
36860607431183,10:14:20.607,131.4600,100
36860607632348,10:14:20.607,131.4600,100
36865328782488,10:14:25.328,131.4200,3
36865328782488,10:14:25.328,131.4100,97
36865329417217,10:14:25.329,131.4100,3
36891757501784,10:14:51.757,131.4000,1
36938042087435,10:15:38.042,131.4500,39
36969630615038,10:16:09.630,131.4700,30
36969643313724,10:16:09.643,131.4400,10
36969643313724,10:16:09.643,131.4400,100
36969643313724,10:16:09.643,131.4300,25
36979930546373,10:16:19.930,131.4500,70
36979930787202,10:16:19.930,131.4500,30
36979931840567,10:16:19.931,131.4500,48
36986678143691,10:16:26.678,131.4600,50
37005072127760,10:16:45.072,131.4100,3
37006878913096,10:16:46.878,131.3900,31
37006878913096,10:16:46.878,131.3900,100
37021404544049,10:17:01.404,131.3600,100
37026237868811,10:17:06.237,131.3400,1
37060415459274,10:17:40.415,131.3600,44
37060415459274,10:17:40.415,131.3600,56
37060415533944,10:17:40.415,131.3600,44
37060416369571,10:17:40.416,131.3700,18
37087380062593,10:18:07.380,131.3000,100
37087380062593,10:18:07.380,131.3000,4
37087733928761,10:18:07.733,131.2600,100
37112122592545,10:18:32.122,131.2300,15
37112122889749,10:18:32.122,131.2300,7
37112123299673,10:18:32.123,131.2300,8
37159227883538,10:19:19.227,131.2300,1
37173735804537,10:19:33.735,131.2600,100
37206438991768,10:20:06.438,131.3000,100
37208834710369,10:20:08.834,131.2500,4
37208887889893,10:20:08.887,131.2400,100
37209139777002,10:20:09.139,131.2400,100
37226844172405,10:20:26.844,131.2800,100
37227865982285,10:20:27.865,131.3000,4
37227865982285,10:20:27.865,131.3000,96
37234245439530,10:20:34.245,131.2300,100
37234245439530,10:20:34.245,131.2300,25
37234247704557,10:20:34.247,131.2000,30
37234247915776,10:20:34.247,131.1900,100
37239412184608,10:20:39.412,131.1500,30
37239412197954,10:20:39.412,131.1400,70
37239412208535,10:20:39.412,131.1400,30
37242944181678,10:20:42.944,131.1300,100
37280942375185,10:21:20.942,131.1900,4
37280944219523,10:21:20.944,131.1900,100
37297241093902,10:21:37.241,131.1900,100
37305898154425,10:21:45.898,131.1800,79
37306234919188,10:21:46.234,131.1800,1
37306234946290,10:21:46.234,131.1800,31
37352148783587,10:22:32.148,131.1500,100
37358473972251,10:22:38.473,131.2100,100
37367269757244,10:22:47.269,131.2200,1
37396410828555,10:23:16.410,131.1600,4
37396410828555,10:23:16.410,131.1600,96
37428031179154,10:23:48.031,131.1700,100
37431094559068,10:23:51.094,131.1600,100
37432347090979,10:23:52.347,131.1500,73
37432347090979,10:23:52.347,131.1500,27
37436975140641,10:23:56.975,131.1600,100
37436976234372,10:23:56.976,131.1700,8
37486915764307,10:24:46.915,131.1400,100
37486915819422,10:24:46.915,131.1400,3
37486915819422,10:24:46.915,131.1400,97
37486915847050,10:24:46.915,131.1400,3
37495468287091,10:24:55.468,131.1500,100
37502295222071,10:25:02.295,131.1500,100
37502295222071,10:25:02.295,131.1500,1
37557498166195,10:25:57.498,131.1800,100
37577524688080,10:26:17.524,131.2000,100
37591026637218,10:26:31.026,131.1600,4
37591026637218,10:26:31.026,131.1600,44
37627673351644,10:27:07.673,131.2400,55
37653959820279,10:27:33.959,131.2150,100
37657162010973,10:27:37.162,131.2200,100
37658897557089,10:27:38.897,131.2200,100
37658897557089,10:27:38.897,131.2100,100
37658897592839,10:27:38.897,131.2100,100
37678584732319,10:27:58.584,131.2500,27
37678584732319,10:27:58.584,131.2500,14
37684235480601,10:28:04.235,131.2900,57
37684235890781,10:28:04.235,131.2900,43
37716748017942,10:28:36.748,131.2500,100
37716748105150,10:28:36.748,131.2500,100
37716750000154,10:28:36.750,131.2500,100
37720564938627,10:28:40.564,131.2500,98
37720564971194,10:28:40.564,131.2500,2
37806859489925,10:30:06.859,131.2600,15
37806859556515,10:30:06.859,131.2600,6
37806890341942,10:30:06.890,131.2500,3
37829234316557,10:30:29.234,131.2700,1
37833105966182,10:30:33.105,131.3300,3
37833113046915,10:30:33.113,131.3400,22
37833113070868,10:30:33.113,131.3400,78
37833113072096,10:30:33.113,131.3400,78
37856831247115,10:30:56.831,131.2800,100
37860579832720,10:31:00.579,131.2700,100
37868382879103,10:31:08.382,131.3100,20
37868382907709,10:31:08.382,131.3100,80
37885568835546,10:31:25.568,131.3100,100
37913404056046,10:31:53.404,131.3200,100
37913405153646,10:31:53.405,131.3200,100
37913455341385,10:31:53.455,131.3300,100
37913455341385,10:31:53.455,131.3300,10
37917436881567,10:31:57.436,131.3400,20
37945100651992,10:32:25.100,131.4000,20
37945100680642,10:32:25.100,131.4000,80
37958405217082,10:32:38.405,131.4100,1
37984804933122,10:33:04.804,131.3700,100
37984804933122,10:33:04.804,131.3700,3
37998121792567,10:33:18.121,131.4000,100
37998177314898,10:33:18.177,131.4000,100
38016826589264,10:33:36.826,131.4200,100
38020843051447,10:33:40.843,131.4400,51
38033649267718,10:33:53.649,131.4700,4
38047181869636,10:34:07.181,131.4600,100
38050031114218,10:34:10.031,131.4500,3
38050031114218,10:34:10.031,131.4500,100
38050031114218,10:34:10.031,131.4500,84
38050031243307,10:34:10.031,131.4500,16
38050031669861,10:34:10.031,131.4500,100
38050037931675,10:34:10.037,131.4400,9
38050037955465,10:34:10.037,131.4400,91
38050044411653,10:34:10.044,131.4200,100
38052092183833,10:34:12.092,131.4250,100
38065248037410,10:34:25.248,131.3900,17
38065274382715,10:34:25.274,131.3600,100
38065275972606,10:34:25.275,131.3600,100
38065283624869,10:34:25.283,131.3600,100
38069636869195,10:34:29.636,131.3600,100
38069636869195,10:34:29.636,131.3500,21
38069649544650,10:34:29.649,131.3500,79
38069649544650,10:34:29.649,131.3500,21
38093903168199,10:34:53.903,131.3400,100
38093903196770,10:34:53.903,131.3400,26
38121066610319,10:35:21.066,131.3100,100
38128850301709,10:35:28.850,131.2900,100
38128850301709,10:35:28.850,131.2900,100
38139129469678,10:35:39.129,131.2800,100
38154285274089,10:35:54.285,131.2900,100
38172967107555,10:36:12.967,131.2900,9
38188627286969,10:36:28.627,131.2600,100
38212344300736,10:36:52.344,131.2600,100
38212350447236,10:36:52.350,131.2600,100
38234266419150,10:37:14.266,131.2500,100
38234266419150,10:37:14.266,131.2500,100
38240754661398,10:37:20.754,131.2200,1
38248078875324,10:37:28.078,131.1900,42
38248079696313,10:37:28.079,131.1800,100
38256396998596,10:37:36.396,131.1500,92
38262989880099,10:37:42.989,131.1400,35
38262989909177,10:37:42.989,131.1400,65
38268990539147,10:37:48.990,131.1300,100
38271848531953,10:37:51.848,131.0500,100
38271848531953,10:37:51.848,131.0500,100
38288586644607,10:38:08.586,131.1100,100
38288586644607,10:38:08.586,131.1100,94
38288586662338,10:38:08.586,131.1100,6
38289746720867,10:38:09.746,131.1400,100
38289747187926,10:38:09.747,131.1200,100
38314243151623,10:38:34.243,131.1400,100
38314243631703,10:38:34.243,131.1300,10
38316416611845,10:38:36.416,131.1200,100
38327402597216,10:38:47.402,131.0500,100
38327402597216,10:38:47.402,131.0500,71
38327402652549,10:38:47.402,131.0500,29
38338414533957,10:38:58.414,131.1000,50
38338414533957,10:38:58.414,131.1000,35
38338414533957,10:38:58.414,131.1000,100
38338414533957,10:38:58.414,131.1100,15
38370926258886,10:39:30.926,131.1800,100
38377595167312,10:39:37.595,131.1600,100
38391580476545,10:39:51.580,131.1400,100
38394336736331,10:39:54.336,131.1500,100
38466464426417,10:41:06.464,131.1200,89
38466464426417,10:41:06.464,131.1200,32
38466464463189,10:41:06.464,131.1100,4
38514808055127,10:41:54.808,131.1400,1
38529158472375,10:42:09.158,131.1300,71
38529161065750,10:42:09.161,131.1200,4
38642922940592,10:44:02.922,131.2200,1
38685866762106,10:44:45.866,131.2600,36
38685866852281,10:44:45.866,131.2600,30
38685866878809,10:44:45.866,131.2600,34
38685866878809,10:44:45.866,131.2600,2
38685866913219,10:44:45.866,131.2500,30
38685866940212,10:44:45.866,131.2500,6
38685866973435,10:44:45.866,131.2500,30
38685867006595,10:44:45.867,131.2500,6
38685867028208,10:44:45.867,131.2500,28
38685867028208,10:44:45.867,131.2500,2
38685867064049,10:44:45.867,131.2500,6
38685867088103,10:44:45.867,131.2500,30
38685867121002,10:44:45.867,131.2500,6
38685867154882,10:44:45.867,131.2500,30
38685867183421,10:44:45.867,131.2500,6
38685867217338,10:44:45.867,131.2500,14
38685867243233,10:44:45.867,131.2500,6
38685867621163,10:44:45.867,131.2400,27
38718541424381,10:45:18.541,131.2900,32
38724408430907,10:45:24.408,131.2700,72
38724408457351,10:45:24.408,131.2700,28
38748100039149,10:45:48.100,131.3000,41
38748101314408,10:45:48.101,131.3000,55
38751444071911,10:45:51.444,131.2400,4
38751444752990,10:45:51.444,131.2400,35
38755709888030,10:45:55.709,131.2600,42
38755710095857,10:45:55.710,131.2600,58
38779370975993,10:46:19.370,131.2400,4
38779370975993,10:46:19.370,131.2400,63
38779370975993,10:46:19.370,131.2400,33
38809144676552,10:46:49.144,131.2200,21
38868405466860,10:47:48.405,131.2400,28
38884416844253,10:48:04.416,131.2600,1
38887246662326,10:48:07.246,131.2500,4
38901236874406,10:48:21.236,131.2400,1
38927273721184,10:48:47.273,131.2100,18
38927273798563,10:48:47.273,131.2000,6
38927273798563,10:48:47.273,131.2000,94
38927273870111,10:48:47.273,131.2000,6
38944711812070,10:49:04.711,131.2300,100
38944712259425,10:49:04.712,131.2100,100
38954295127136,10:49:14.295,131.2800,54
38954295152234,10:49:14.295,131.2800,46
38954295152234,10:49:14.295,131.2800,100
38988480824350,10:49:48.480,131.3100,100
38988480824350,10:49:48.480,131.3100,39
38988481152399,10:49:48.481,131.3000,39
38988481161482,10:49:48.481,131.2800,2
38988483562594,10:49:48.483,131.2800,28
38993276492163,10:49:53.276,131.2800,100
39017144848429,10:50:17.144,131.2800,100
39022003018858,10:50:22.003,131.3000,100
39026571953463,10:50:26.571,131.2900,18
39033624183618,10:50:33.624,131.2800,100
39033624207464,10:50:33.624,131.2800,8
39036263971619,10:50:36.263,131.2700,4
39036266050692,10:50:36.266,131.2600,100
39036270207806,10:50:36.270,131.2500,2
39049424355766,10:50:49.424,131.2400,100
39101616371678,10:51:41.616,131.3500,2
39101616587648,10:51:41.616,131.3500,2
39101616979708,10:51:41.616,131.3500,2
39120782794148,10:52:00.782,131.3500,40
39120782794148,10:52:00.782,131.3600,63
39158202818109,10:52:38.202,131.3400,4
39160914479164,10:52:40.914,131.3300,12
39160914480784,10:52:40.914,131.3300,88
39167627603052,10:52:47.627,131.3200,4
39167627603052,10:52:47.627,131.3200,100
39167627603052,10:52:47.627,131.3200,9
39167627603052,10:52:47.627,131.3200,9
39168539154299,10:52:48.539,131.3000,100
39169762013156,10:52:49.762,131.3100,1
39180649221121,10:53:00.649,131.2900,100
39180662543547,10:53:00.662,131.2700,100
39183074774147,10:53:03.074,131.2800,100
39196126022274,10:53:16.126,131.2900,2
39217830624615,10:53:37.830,131.2600,21
39223124177561,10:53:43.124,131.2400,100
39236204787895,10:53:56.204,131.2300,100
39267071147601,10:54:27.071,131.2800,100
39269489239405,10:54:29.489,131.2800,99
39269526185925,10:54:29.526,131.2900,100
39270181060320,10:54:30.181,131.3100,10
39276581981098,10:54:36.581,131.2800,11
39276788879353,10:54:36.788,131.2700,148
39280865755189,10:54:40.865,131.2600,100
39285530443790,10:54:45.530,131.2800,100
39291672374930,10:54:51.672,131.2500,4
39314674721169,10:55:14.674,131.2900,100
39318461127037,10:55:18.461,131.3000,100
39354791886920,10:55:54.791,131.3200,72
39354791924799,10:55:54.791,131.3200,28
39354791924799,10:55:54.791,131.3200,100
39356575307079,10:55:56.575,131.3300,43
39364997365852,10:56:04.997,131.3100,4
39372227844140,10:56:12.227,131.2700,100
39372227862456,10:56:12.227,131.2700,100
39467103036712,10:57:47.103,131.2400,100
39467103813789,10:57:47.103,131.2300,100
39476362383452,10:57:56.362,131.2300,100
39476363194218,10:57:56.363,131.2300,10
39477415618162,10:57:57.415,131.2100,100
39485974018233,10:58:05.974,131.2500,100
39485974363556,10:58:05.974,131.2500,38
39493443826121,10:58:13.443,131.2500,100
39511444659142,10:58:31.444,131.2500,21
39511444659142,10:58:31.444,131.2500,41
39537270228849,10:58:57.270,131.2700,32
39544497804458,10:59:04.497,131.2300,100
39544498065875,10:59:04.498,131.2200,12
39594044928543,10:59:54.044,131.2200,48
39608762233835,11:00:08.762,131.2900,6
39608762233835,11:00:08.762,131.2900,100
39608762233835,11:00:08.762,131.2900,9
39621107157537,11:00:21.107,131.3200,100
39624797683409,11:00:24.797,131.3000,100
39624797683409,11:00:24.797,131.3000,4
39624900139486,11:00:24.900,131.3000,100
39633088550625,11:00:33.088,131.2800,100
39633089026863,11:00:33.089,131.2800,100
39633089026863,11:00:33.089,131.2800,3
39633089296717,11:00:33.089,131.2800,97
39633089296717,11:00:33.089,131.2800,36
39661252169170,11:01:01.252,131.3200,1
39663465124443,11:01:03.465,131.4500,400
39663465427794,11:01:03.465,131.4500,354
39663466365010,11:01:03.466,131.4400,10
39663466824076,11:01:03.466,131.4400,90
39663466824076,11:01:03.466,131.4500,246
39663466824076,11:01:03.466,131.4500,76
39663468604777,11:01:03.468,131.4600,15
39663475136482,11:01:03.475,131.4600,58
39663476570620,11:01:03.476,131.4600,27
39663476570620,11:01:03.476,131.4600,31
39663477417997,11:01:03.477,131.4600,58
39663478002987,11:01:03.478,131.4600,58
39663480952020,11:01:03.480,131.4600,100
39663915787219,11:01:03.915,131.5000,100
39666455850965,11:01:06.455,131.5100,60
39666455850965,11:01:06.455,131.5100,19
39666848798884,11:01:06.848,131.4700,100
39666851490538,11:01:06.851,131.4600,100
39671056303608,11:01:11.056,131.4550,100
39672066736982,11:01:12.066,131.4200,10
39711867241885,11:01:51.867,131.4200,30
39720234230117,11:02:00.234,131.4500,2
39720234230117,11:02:00.234,131.4600,98
39720234282174,11:02:00.234,131.4600,2
39720240333685,11:02:00.240,131.4800,99
39720240430111,11:02:00.240,131.4800,101
39722737744349,11:02:02.737,131.4800,4
39754476454455,11:02:34.476,131.5000,24
39754476461549,11:02:34.476,131.5000,76
39754476461549,11:02:34.476,131.5000,24
39754476482151,11:02:34.476,131.5000,76
39754479667390,11:02:34.479,131.4800,2
39754479705169,11:02:34.479,131.4800,98
39754486244921,11:02:34.486,131.4900,100
39756109863749,11:02:36.109,131.5200,43
39772422326534,11:02:52.422,131.4800,15
39772453688245,11:02:52.453,131.5000,100
39772453688245,11:02:52.453,131.5000,100
39772867039313,11:02:52.867,131.5300,43
39804683632373,11:03:24.683,131.5300,1
39804683632373,11:03:24.683,131.5300,100
39804683888789,11:03:24.683,131.5400,100
39814141052749,11:03:34.141,131.5400,21
39814141052749,11:03:34.141,131.5400,3
39835098872691,11:03:55.098,131.5900,21
39842460359239,11:04:02.460,131.6000,160
39859121160699,11:04:19.121,131.5800,90
39859121181158,11:04:19.121,131.5800,10
39859121222331,11:04:19.121,131.5700,100
39859126030953,11:04:19.126,131.5800,100
39861758656541,11:04:21.758,131.5600,3
39861758656541,11:04:21.758,131.5600,13
39861758656541,11:04:21.758,131.5600,100
39861758656541,11:04:21.758,131.5600,100
39861758656541,11:04:21.758,131.5500,100
39861758656541,11:04:21.758,131.5300,30
39861758656541,11:04:21.758,131.5200,63
39861779686351,11:04:21.779,131.5600,100
39889876021858,11:04:49.876,131.5200,37
39927990234334,11:05:27.990,131.5900,100
39980161735495,11:06:20.161,131.6400,34
39980161761248,11:06:20.161,131.6400,3
39980161762492,11:06:20.161,131.6400,63
40042375381514,11:07:22.375,131.6900,1
40044757085243,11:07:24.757,131.7200,45
40048017566574,11:07:28.017,131.7400,100
40048018103112,11:07:28.018,131.7500,100
40048180758410,11:07:28.180,131.7500,12
40068984798672,11:07:48.984,131.7000,35
40068984798672,11:07:48.984,131.6900,65
40068984827117,11:07:48.984,131.6900,35
40084778457100,11:08:04.778,131.6600,3
40109122166871,11:08:29.122,131.6900,100
40109122166871,11:08:29.122,131.6900,100
40125426290654,11:08:45.426,131.7200,100
40136348013751,11:08:56.348,131.6900,100
40180157332152,11:09:40.157,131.7400,100
40180157333723,11:09:40.157,131.7400,100
40191135728795,11:09:51.135,131.7500,5
40215645152271,11:10:15.645,131.7400,76
40215645182122,11:10:15.645,131.7400,24
40215645182122,11:10:15.645,131.7400,2
40215645182122,11:10:15.645,131.7400,37
40215645194191,11:10:15.645,131.7400,62
40215645244862,11:10:15.645,131.7400,1
40215645244862,11:10:15.645,131.7400,100
40219718149991,11:10:19.718,131.7500,100
40219719353565,11:10:19.719,131.7700,4
40252363819218,11:10:52.363,131.6600,100
40330054399893,11:12:10.054,131.8100,14
40337979449579,11:12:17.979,131.8100,86
40391485572129,11:13:11.485,131.9000,54
40391485643908,11:13:11.485,131.9000,46
40413146669325,11:13:33.146,131.8800,30
40413146669325,11:13:33.146,131.8800,70
40413146670881,11:13:33.146,131.8800,30
40413147614405,11:13:33.147,131.8800,100
40423465372754,11:13:43.465,131.9100,9
40424195891358,11:13:44.195,131.9100,91
40452526892597,11:14:12.526,131.8900,1
40452527239762,11:14:12.527,131.8800,70
40452527389272,11:14:12.527,131.8800,30
40452527629428,11:14:12.527,131.8600,70
40466148995092,11:14:26.148,131.9100,1
40466148995092,11:14:26.148,131.9100,100
40474566737625,11:14:34.566,131.9400,9
40478881729765,11:14:38.881,131.9400,10
40478881962330,11:14:38.881,131.9400,14
40480800001964,11:14:40.800,131.9200,100
40531067805839,11:15:31.067,131.9300,4
40531067831119,11:15:31.067,131.9300,63
40531067835308,11:15:31.067,131.9300,33
40531391446413,11:15:31.391,131.9100,100
40531508245953,11:15:31.508,131.9000,8
40531508541555,11:15:31.508,131.9000,7
40533156954979,11:15:33.156,131.9000,30
40533156983857,11:15:33.156,131.9000,55
40533156983857,11:15:33.156,131.9000,100
40533156983857,11:15:33.156,131.9000,100
40542713724611,11:15:42.713,131.9100,100
40542714579153,11:15:42.714,131.9200,100
40555196404820,11:15:55.196,131.8500,30
40632097125280,11:17:12.097,131.8700,100
40632097125280,11:17:12.097,131.8700,26
40632097149972,11:17:12.097,131.8700,57
40632097939856,11:17:12.097,131.8800,100
40643565040757,11:17:23.565,131.8700,30
40643565661448,11:17:23.565,131.8600,100
40643565929099,11:17:23.565,131.8500,100
40712297564294,11:18:32.297,131.8800,100
40784802369055,11:19:44.802,131.9000,100
40787068795963,11:19:47.068,131.9100,100
40803153423924,11:20:03.153,131.9400,100
40803153438444,11:20:03.153,131.9400,6
40804322143207,11:20:04.322,131.9800,1
40815537798420,11:20:15.537,131.9300,100
40829821556891,11:20:29.821,131.9100,1
40839803657521,11:20:39.803,131.8900,100
40854221329223,11:20:54.221,131.8700,100
40871301202218,11:21:11.301,131.9400,40
40881447512320,11:21:21.447,131.8900,100
40901114040224,11:21:41.114,131.8800,100
40901114079913,11:21:41.114,131.8800,53
40901114104469,11:21:41.114,131.8800,47
40901445888219,11:21:41.445,131.8800,5
40909543819057,11:21:49.543,131.8500,100
40910583651475,11:21:50.583,131.8400,45
40912443823833,11:21:52.443,131.8500,1
40914243702273,11:21:54.243,131.8800,95
40914243702273,11:21:54.243,131.8800,3
40932062742612,11:22:12.062,131.8500,2
40975805604992,11:22:55.805,131.8800,100
40975805631188,11:22:55.805,131.8800,100
40975805631188,11:22:55.805,131.8800,70
40986407365860,11:23:06.407,131.9200,22
40986407365860,11:23:06.407,131.9200,19
40986407397514,11:23:06.407,131.9200,70
40986407411923,11:23:06.407,131.9200,11
41007066486789,11:23:27.066,131.9300,100
41007432662299,11:23:27.432,131.9100,100
41020087438441,11:23:40.087,131.9300,100
41031290475166,11:23:51.290,131.9300,100
41040987416221,11:24:00.987,131.9200,100
41059028988122,11:24:19.028,131.9500,100
41059028988122,11:24:19.028,131.9500,100
41081763340671,11:24:41.763,131.9800,100
41081763340671,11:24:41.763,131.9800,7
41121477539619,11:25:21.477,131.9300,52
41140984636032,11:25:40.984,131.9600,32
41157736418435,11:25:57.736,131.9000,100
41159233560890,11:25:59.233,131.9200,100
41179236978728,11:26:19.236,131.9300,1
41213272385764,11:26:53.272,131.9500,50
41213273129848,11:26:53.273,131.9500,50
41213273129848,11:26:53.273,131.9500,100
41233140637281,11:27:13.140,132.0200,9
41239064426872,11:27:19.064,132.0200,3
41239064426872,11:27:19.064,132.0200,6
41239064728495,11:27:19.064,132.0200,8
41252250328197,11:27:32.250,132.0200,66
41252250328197,11:27:32.250,132.0200,27
41283853926151,11:28:03.853,132.0600,100
41284300918999,11:28:04.300,132.0900,47
41329922997340,11:28:49.922,132.0500,100
41329949101802,11:28:49.949,132.0500,100
41331325681705,11:28:51.325,132.0500,1
41337242672899,11:28:57.242,132.0000,100
41377914512793,11:29:37.914,132.0500,100
41377914512793,11:29:37.914,132.0500,5
41377914512793,11:29:37.914,132.0500,100
41386164540077,11:29:46.164,132.0500,100
41389925581618,11:29:49.925,132.0300,100
41392608139961,11:29:52.608,132.0200,100
41420224553821,11:30:20.224,132.0200,1
41420226670947,11:30:20.226,132.0100,100
41451708989157,11:30:51.708,131.9700,100
41451708989157,11:30:51.708,131.9700,71
41452985630789,11:30:52.985,131.9600,21
41463693561486,11:31:03.693,131.9600,1
41463720557177,11:31:03.720,131.9600,100
41470981114360,11:31:10.981,131.9500,100
41476291012168,11:31:16.291,131.9300,100
41513840459861,11:31:53.840,131.9600,3
41515249908535,11:31:55.249,131.9900,1
41515249934156,11:31:55.249,131.9900,99
41521030524377,11:32:01.030,132.0000,100
41538193165851,11:32:18.193,132.0000,1
41538193165851,11:32:18.193,132.0000,4
41538194336013,11:32:18.194,131.9700,100
41566670249387,11:32:46.670,131.9500,100
41570669990744,11:32:50.669,131.9300,100
41570710993149,11:32:50.710,131.9200,100
41570710993149,11:32:50.710,131.9200,74
41570711048223,11:32:50.711,131.9200,26
41573359543616,11:32:53.359,131.9100,100
41573659017077,11:32:53.659,131.9000,90
41578770374196,11:32:58.770,131.8900,100
41578770407243,11:32:58.770,131.8900,76
41578770407243,11:32:58.770,131.8900,10
41597763350345,11:33:17.763,131.9300,100
41611000095228,11:33:31.000,131.9200,100
41618654640580,11:33:38.654,131.8900,100
41618654669456,11:33:38.654,131.8900,16
41690363905258,11:34:50.363,131.8900,100
41690363948743,11:34:50.363,131.9200,1
41690363955949,11:34:50.363,131.9200,1
41690364172828,11:34:50.364,131.9200,2
41694720716354,11:34:54.720,131.8800,40
41730490165133,11:35:30.490,131.9200,100
41760798975649,11:36:00.798,131.9400,100
41782488282798,11:36:22.488,131.9300,100
41782488362731,11:36:22.488,131.9300,2
41782488909146,11:36:22.488,131.9200,100
41787909310215,11:36:27.909,131.9000,100
41787910655608,11:36:27.910,131.9000,100
41794676525746,11:36:34.676,131.8500,100
41859469103250,11:37:39.469,131.9000,1
41859469103250,11:37:39.469,131.9000,99
41859470171818,11:37:39.470,131.9000,1
41860664863623,11:37:40.664,131.8800,100
41881559854172,11:38:01.559,131.8700,100
41881559881478,11:38:01.559,131.8700,38
41897386965001,11:38:17.386,131.8400,2
41903312488835,11:38:23.312,131.8000,2
41903312513593,11:38:23.312,131.8000,98
41920788701852,11:38:40.788,131.8500,100
41920788769214,11:38:40.788,131.8500,100
41920788779455,11:38:40.788,131.8500,100
41920876513494,11:38:40.876,131.8500,100
41920876513494,11:38:40.876,131.8500,100
41920876513494,11:38:40.876,131.8500,100
41922527784243,11:38:42.527,131.8300,100
41936282873934,11:38:56.282,131.8200,100
41944847533427,11:39:04.847,131.8300,100
41948185631000,11:39:08.185,131.8300,93
42003989050545,11:40:03.989,131.8200,5
42003989050545,11:40:03.989,131.8200,67
42003989076266,11:40:03.989,131.8200,33
42003989503404,11:40:03.989,131.8300,100
42003989534323,11:40:03.989,131.8300,3
42003989826749,11:40:03.989,131.8300,97
42004910456215,11:40:04.910,131.8500,30
42004910481002,11:40:04.910,131.8500,70
42014058229203,11:40:14.058,131.8200,2
42047727248968,11:40:47.727,131.8300,100
42051883137860,11:40:51.883,131.8200,71
42051883821384,11:40:51.883,131.8200,29
42057246931945,11:40:57.246,131.8500,58
42057246989924,11:40:57.246,131.8500,42
42057248057364,11:40:57.248,131.8600,100
42130792472570,11:42:10.792,131.9200,9
42130792517118,11:42:10.792,131.9200,91
42130792517118,11:42:10.792,131.9200,21
42155027428439,11:42:35.027,131.9100,79
42156988889807,11:42:36.988,131.8900,2
42183168269423,11:43:03.168,131.9100,100
42188013269114,11:43:08.013,131.9300,100
42232002875687,11:43:52.002,131.9300,100
42235597563593,11:43:55.597,131.9100,100
42269098489647,11:44:29.098,131.9500,100
42310390381720,11:45:10.390,131.9200,100
42320987565417,11:45:20.987,131.9800,200
42325108915338,11:45:25.108,131.9900,100
42325108915338,11:45:25.108,132.0000,1525
42325108941196,11:45:25.108,132.0000,100
42328417623246,11:45:28.417,131.9800,2
42328419822256,11:45:28.419,131.9900,100
42328419822256,11:45:28.419,131.9900,10
42330527669448,11:45:30.527,132.0000,100
42330527671802,11:45:30.527,132.0000,29
42330527701977,11:45:30.527,132.0000,190
42343413409777,11:45:43.413,131.9900,20
42343413409777,11:45:43.413,131.9900,7
42344553117318,11:45:44.553,131.9850,100
42345268390823,11:45:45.268,131.9500,100
42345269486801,11:45:45.269,131.9400,100
42345269683250,11:45:45.269,131.9400,64
42345274503123,11:45:45.274,131.9400,36
42345274503123,11:45:45.274,131.9400,64
42396171086786,11:46:36.171,131.9700,30
42409466882763,11:46:49.466,131.9200,2
42409466882763,11:46:49.466,131.9200,98
42415124129985,11:46:55.124,131.8600,100
42466837606615,11:47:46.837,131.9400,100
42466837678044,11:47:46.837,131.9500,100
42466837835855,11:47:46.837,131.9600,100
42466837835855,11:47:46.837,131.9600,18
42466837861012,11:47:46.837,131.9600,58
42466837865050,11:47:46.837,131.9600,24
42516498241369,11:48:36.498,132.0000,100
42516498251008,11:48:36.498,132.0000,100
42516498266288,11:48:36.498,132.0000,1069
42531480919073,11:48:51.480,132.0000,100
42531480943662,11:48:51.480,132.0000,100
42531480957993,11:48:51.480,132.0000,100
42531481074620,11:48:51.481,132.0000,53
42531481278748,11:48:51.481,132.0000,108
42531532107563,11:48:51.532,132.0000,659
42535019964942,11:48:55.019,131.9800,100
42535020024128,11:48:55.020,131.9800,2
42607814278958,11:50:07.814,131.9800,30
42612936424081,11:50:12.936,131.9700,100
42612936494190,11:50:12.936,131.9700,2
42612936494190,11:50:12.936,131.9700,98
42612936495800,11:50:12.936,131.9700,2
42663456489585,11:51:03.456,131.9800,1
42663463277996,11:51:03.463,132.0000,100
42691518771576,11:51:31.518,131.9700,30
42691518914706,11:51:31.518,131.9700,20
42691519004331,11:51:31.519,131.9700,50
42691520008867,11:51:31.520,131.9600,43
42691520080673,11:51:31.520,131.9600,30
42691520579623,11:51:31.520,131.9600,27
42691522011077,11:51:31.522,131.9500,30
42693873128337,11:51:33.873,131.9500,100
42693873589772,11:51:33.873,131.9500,20
42693873723767,11:51:33.873,131.9500,80
42693873723767,11:51:33.873,131.9400,20
42693873780288,11:51:33.873,131.9400,50
42693873906741,11:51:33.873,131.9400,30
42693874032453,11:51:33.874,131.9200,100
42693876237000,11:51:33.876,131.8900,26
42693876237000,11:51:33.876,131.8900,4
42693876850179,11:51:33.876,131.8900,30
42693876999360,11:51:33.876,131.8900,10
42693877909190,11:51:33.877,131.8900,30
42693878977624,11:51:33.878,131.8900,9
42693879398307,11:51:33.879,131.8900,9
42693879398869,11:51:33.879,131.8900,8
42693879457167,11:51:33.879,131.8800,10
42693880193330,11:51:33.880,131.8800,13
42693882932440,11:51:33.882,131.8800,13
42693882993086,11:51:33.882,131.8800,25
42693886546736,11:51:33.886,131.8800,39
42693892977982,11:51:33.892,131.8600,6
42693893323703,11:51:33.893,131.8600,6
42735060084409,11:52:15.060,131.9400,100
42752354746366,11:52:32.354,131.9200,2
42752355133552,11:52:32.355,131.9100,100
42752355133552,11:52:32.355,131.9100,102
42752682094095,11:52:32.682,131.9200,100
42755135738475,11:52:35.135,131.9300,200
42767778695507,11:52:47.778,131.9500,100
42812295588524,11:53:32.295,131.9900,45
42812295614863,11:53:32.295,131.9900,55
42812295614863,11:53:32.295,131.9900,100
42842324150473,11:54:02.324,131.9600,100
42842324204011,11:54:02.324,131.9600,45
42842324249042,11:54:02.324,131.9600,55
42858883840827,11:54:18.883,131.9900,100
42858884269073,11:54:18.884,132.0000,200
42858884297214,11:54:18.884,132.0000,300
42858884297214,11:54:18.884,132.0000,1133
42901297089967,11:55:01.297,132.0000,200
42901297164445,11:55:01.297,132.0000,100
42901297170356,11:55:01.297,132.0000,100
42901297322498,11:55:01.297,132.0000,335
42901297331658,11:55:01.297,132.0000,8
42901297741439,11:55:01.297,132.0200,100
42901298721233,11:55:01.298,132.0200,92
42901298793510,11:55:01.298,132.0200,8
42901298793510,11:55:01.298,132.0300,92
42901298821259,11:55:01.298,132.0300,8
42903190977448,11:55:03.190,132.0350,100
42921705234295,11:55:21.705,132.0400,100
42921705234295,11:55:21.705,132.0600,75
42921705262896,11:55:21.705,132.0600,25
42921705262896,11:55:21.705,132.0600,32
42921705538842,11:55:21.705,132.0500,100
42931301440058,11:55:31.301,132.0300,2
42931301440058,11:55:31.301,132.0200,8
42954337481978,11:55:54.337,132.0100,100
42954337481978,11:55:54.337,132.0100,100
42954337544108,11:55:54.337,132.0100,2
43000728098138,11:56:40.728,131.9300,2
43007499493894,11:56:47.499,131.9600,100
43058073311988,11:57:38.073,132.0300,100
43058073346446,11:57:38.073,132.0300,30
43058073346446,11:57:38.073,132.0300,32
43058073449696,11:57:38.073,132.0400,30
43058073449696,11:57:38.073,132.0400,70
43058073696533,11:57:38.073,132.0400,30
43115759837617,11:58:35.759,132.0300,100
43115759837617,11:58:35.759,132.0300,100
43143352471764,11:59:03.352,132.0300,100
43159336988387,11:59:19.336,132.0200,100
43159336988387,11:59:19.336,132.0200,94
43159337063009,11:59:19.337,132.0200,6
43161005737055,11:59:21.005,131.9900,100
43170398324338,11:59:30.398,132.0200,49
43170398409950,11:59:30.398,132.0200,18
43170398435517,11:59:30.398,132.0200,33
43193461410712,11:59:53.461,131.9700,100
43196482871858,11:59:56.482,131.9600,31
43197423567166,11:59:57.423,131.9600,56
43224157425973,12:00:24.157,131.9600,13
43224158519496,12:00:24.158,131.9500,2
43228531213367,12:00:28.531,131.9300,14
43263123172757,12:01:03.123,131.9700,100
43263123172757,12:01:03.123,131.9700,18
43263123172757,12:01:03.123,131.9700,82
43263123710838,12:01:03.123,131.9700,18
43324229099668,12:02:04.229,131.9900,1
43356661238239,12:02:36.661,132.0900,1
43356661696024,12:02:36.661,132.0900,38
43356661696024,12:02:36.661,132.0900,100
43356668741171,12:02:36.668,132.1100,1
43402762180306,12:03:22.762,132.1200,100
43402762218433,12:03:22.762,132.1300,100
43441011276951,12:04:01.011,132.1200,7
43441011276951,12:04:01.011,132.1200,10
43441011276951,12:04:01.011,132.1200,13
43441011276951,12:04:01.011,132.1200,14
43452965613317,12:04:12.965,132.1100,100
43452965613317,12:04:12.965,132.1100,100
43452965679605,12:04:12.965,132.1100,1
43452965679605,12:04:12.965,132.1100,1
43534565022762,12:05:34.565,132.1500,6
43534565031486,12:05:34.565,132.1500,6
43534565072671,12:05:34.565,132.1500,88
43534565072671,12:05:34.565,132.1600,6
43553235078538,12:05:53.235,132.1400,5
43553235606933,12:05:53.235,132.1400,45
43553240652707,12:05:53.240,132.1300,7
43555642067640,12:05:55.642,132.1000,9
43576199273767,12:06:16.199,132.1000,2
43722727743449,12:08:42.727,132.1500,1
43774895759233,12:09:34.895,132.1200,100
43774897360763,12:09:34.897,132.1100,100
43787370883613,12:09:47.370,132.0900,100
43843133770991,12:10:43.133,132.1500,1
43843133770991,12:10:43.133,132.1500,99
43861125191744,12:11:01.125,132.1500,1
43875091854302,12:11:15.091,132.1300,2
43884566370559,12:11:24.566,132.1700,2
43884566370559,12:11:24.566,132.1700,98
43884566403441,12:11:24.566,132.1700,2
43887103808809,12:11:27.103,132.1800,30
43905648622651,12:11:45.648,132.1400,100
43905648626890,12:11:45.648,132.1400,21
43905648626890,12:11:45.648,132.1400,9
43912788472782,12:11:52.788,132.0900,100
43912788472782,12:11:52.788,132.0900,22
43912788527250,12:11:52.788,132.0900,78
43929421038395,12:12:09.421,132.1400,1
43945172294886,12:12:25.172,132.1300,2
44001560334436,12:13:21.560,132.1600,100
44035977993206,12:13:55.977,132.1600,100
44058126594105,12:14:18.126,132.1200,100
44058129144475,12:14:18.129,132.1200,35
44058129144475,12:14:18.129,132.1200,31
44058129144475,12:14:18.129,132.1200,100
44058139245077,12:14:18.139,132.1100,100
44060779749655,12:14:20.779,132.1100,2
44065197730673,12:14:25.197,132.1300,1
44065197730673,12:14:25.197,132.1300,94
44092880607635,12:14:52.880,132.1200,4
44093265639272,12:14:53.265,132.1100,66
44111959253140,12:15:11.959,132.0700,9
44143075877856,12:15:43.075,132.1700,5
44143075877856,12:15:43.075,132.1700,100
44143075877856,12:15:43.075,132.1700,100
44143075877856,12:15:43.075,132.1700,100
44143077681556,12:15:43.077,132.1800,6
44143077681556,12:15:43.077,132.1800,100
44143081565496,12:15:43.081,132.1900,10
44143084757297,12:15:43.084,132.2000,10
44155318920658,12:15:55.318,132.1500,100
44176814284361,12:16:16.814,132.1700,100
44176814284361,12:16:16.814,132.1700,30
44212158172928,12:16:52.158,132.2200,1
44212158172928,12:16:52.158,132.2200,53
44220846233941,12:17:00.846,132.1900,1
44253996901043,12:17:33.996,132.2200,32
44257282285190,12:17:37.282,132.2400,1
44257282317423,12:17:37.282,132.2400,1
44258254650239,12:17:38.254,132.2400,76
44258254655167,12:17:38.254,132.2400,22
44282876202721,12:18:02.876,132.2100,5
44282889273196,12:18:02.889,132.2000,85
44282889288203,12:18:02.889,132.2000,15
44349188725088,12:19:09.188,132.2000,100
44349189458197,12:19:09.189,132.1700,100
44397744305104,12:19:57.744,132.2200,1
44397744305104,12:19:57.744,132.2200,99
44397744390239,12:19:57.744,132.2200,1
44405807249449,12:20:05.807,132.2100,100
44405807249449,12:20:05.807,132.2100,41
44405807249449,12:20:05.807,132.2100,1
44466941396432,12:21:06.941,132.2100,100
44466941396432,12:21:06.941,132.2100,41
44468018796595,12:21:08.018,132.2200,100
44507468414521,12:21:47.468,132.2500,3
44512260245934,12:21:52.260,132.2500,46
44512260245934,12:21:52.260,132.2500,54
44512260296357,12:21:52.260,132.2500,35
44512260327041,12:21:52.260,132.2500,11
44528032128593,12:22:08.032,132.2300,100
44528032479420,12:22:08.032,132.2200,1
44528032533720,12:22:08.032,132.2200,1
44559177164358,12:22:39.177,132.1800,100
44559177164358,12:22:39.177,132.1600,100
44559177164358,12:22:39.177,132.1600,46
44559177164358,12:22:39.177,132.1600,100
44559177285683,12:22:39.177,132.1600,65
44559177313359,12:22:39.177,132.1600,35
44559213077474,12:22:39.213,132.1600,100
44619636018292,12:23:39.636,132.1200,38
44620136811357,12:23:40.136,132.1200,30
44620136811357,12:23:40.136,132.1300,1
44620136811357,12:23:40.136,132.1300,69
44639241698305,12:23:59.241,132.0700,100
44639680222155,12:23:59.680,132.0800,100
44639680405179,12:23:59.680,132.0800,100
44660930161026,12:24:20.930,132.1300,31
44701244986128,12:25:01.244,132.1200,100
44746081523350,12:25:46.081,132.1500,100
44752360832011,12:25:52.360,132.1400,100
44752361206750,12:25:52.361,132.1400,100
44752362254869,12:25:52.362,132.1100,2
44752362282360,12:25:52.362,132.1100,28
44761335802719,12:26:01.335,132.1300,63
44777726353284,12:26:17.726,132.1500,100
44777726353284,12:26:17.726,132.1500,100
44796311781458,12:26:36.311,132.0800,2
44811773483317,12:26:51.773,132.1300,100
44845765107187,12:27:25.765,132.0300,15
44869530692173,12:27:49.530,132.0300,100
44932238379863,12:28:52.238,132.0500,1
44968301329765,12:29:28.301,132.0900,100
44968304285729,12:29:28.304,132.0700,300
45029893003941,12:30:29.893,132.1100,20
45029893003941,12:30:29.893,132.1200,81
45029893087144,12:30:29.893,132.1200,19
45051094708537,12:30:51.094,132.1200,10
45051094942101,12:30:51.094,132.1300,10
45062407374068,12:31:02.407,132.1400,10
45065411273850,12:31:05.411,132.1100,100
45067842635276,12:31:07.842,132.1100,8
45079344948044,12:31:19.344,132.1200,100
45090215649317,12:31:30.215,132.1500,5
45090220653420,12:31:30.220,132.1600,2
45108401238378,12:31:48.401,132.1400,100
45108403067520,12:31:48.403,132.1400,14
45109444157809,12:31:49.444,132.1500,57
45109444157809,12:31:49.444,132.1500,100
45113358748518,12:31:53.358,132.1400,10
45118587322325,12:31:58.587,132.1300,100
45126614496285,12:32:06.614,132.1200,1
45144787358015,12:32:24.787,132.1000,100
45144787358015,12:32:24.787,132.1000,30
45169460664703,12:32:49.460,132.0900,100
45182784150664,12:33:02.784,132.1600,48
45183157579019,12:33:03.157,132.1000,9
45183157850336,12:33:03.157,132.1000,21
45183159250707,12:33:03.159,132.1000,21
45199017338935,12:33:19.017,132.1100,12
45199017873867,12:33:19.017,132.1100,100
45199232876556,12:33:19.232,132.1300,1
45199233960923,12:33:19.233,132.1500,100
45206013416578,12:33:26.013,132.1300,100
45206020253232,12:33:26.020,132.1200,100
45206020253232,12:33:26.020,132.1200,15
45206020301169,12:33:26.020,132.1200,85
45206122208640,12:33:26.122,132.1200,100
45215718889239,12:33:35.718,132.0900,38
45215721239048,12:33:35.721,132.0900,9
45215732202482,12:33:35.732,132.0900,17
45260441581575,12:34:20.441,132.0900,1
45302933926344,12:35:02.933,132.1300,26
45314495693057,12:35:14.495,132.1300,139
45314495693057,12:35:14.495,132.1300,100
45330249482369,12:35:30.249,132.0900,100
45371230130357,12:36:11.230,132.0500,100
45372121956200,12:36:12.121,132.0500,1
45372122613322,12:36:12.122,132.0500,1
45420481934201,12:37:00.481,131.9900,100
45420481934201,12:37:00.481,131.9900,8
45449140397702,12:37:29.140,132.0500,1
45449140397702,12:37:29.140,132.0500,100
45452730963035,12:37:32.730,132.0300,100
45507387991895,12:38:27.387,132.0700,100
45573160239254,12:39:33.160,132.1000,100
45581619595536,12:39:41.619,132.0700,100
45581619595536,12:39:41.619,132.0700,2
45581622169176,12:39:41.622,132.0600,100
45581622169176,12:39:41.622,132.0600,100
45601232116307,12:40:01.232,132.0800,1
45601232116307,12:40:01.232,132.0800,30
45663919442166,12:41:03.919,132.1100,20
45663919442166,12:41:03.919,132.1100,80
45663919471553,12:41:03.919,132.1100,20
45667070284171,12:41:07.070,132.1200,100
45667946667051,12:41:07.946,132.1300,10
45701266749745,12:41:41.266,132.1500,2
45708542279346,12:41:48.542,132.1000,19
45708542279346,12:41:48.542,132.1000,100
45708544686981,12:41:48.544,132.0900,100
45708551675931,12:41:48.551,132.0800,30
45708552675503,12:41:48.552,132.0800,70
45708552675503,12:41:48.552,132.0800,30
45708554383400,12:41:48.554,132.0800,30
45708555865413,12:41:48.555,132.0800,40
45708555865413,12:41:48.555,132.0800,100
45708555865413,12:41:48.555,132.0800,400
45708825614463,12:41:48.825,132.0900,100
45708826061093,12:41:48.826,132.1000,100
45721704318439,12:42:01.704,132.1100,10
45721704562067,12:42:01.704,132.1200,100
45721731648628,12:42:01.731,132.1350,1
45724928271933,12:42:04.928,132.1200,100
45724928747836,12:42:04.928,132.1100,100
45724934379187,12:42:04.934,132.1200,100
45843961434509,12:44:03.961,132.0500,100
45843961434509,12:44:03.961,132.0500,85
45843961896147,12:44:03.961,132.0500,185
45843962237501,12:44:03.962,132.0500,15
45843975799648,12:44:03.975,132.0200,100
45869231307699,12:44:29.231,132.0200,1
45906187229057,12:45:06.187,132.0000,100
45984875604242,12:46:24.875,132.0300,100
45993711654941,12:46:33.711,131.9900,62
45993744080249,12:46:33.744,131.9900,38
46000460667978,12:46:40.460,132.0300,7
46015533987261,12:46:55.533,132.0300,93
46015537457291,12:46:55.537,132.0500,100
46015537457291,12:46:55.537,132.0500,100
46015537457291,12:46:55.537,132.0500,4
46046524078615,12:47:26.524,132.1000,100
46046774318061,12:47:26.774,132.1000,100
46066296552110,12:47:46.296,132.1100,10
46070019005918,12:47:50.019,132.0900,100
46070019816944,12:47:50.019,132.0800,100
46075732406475,12:47:55.732,132.0600,9
46115821724798,12:48:35.821,132.0300,2
46115821724798,12:48:35.821,132.0300,98
46138234808257,12:48:58.234,132.0400,1
46141791512300,12:49:01.791,132.0300,2
46159540464992,12:49:19.540,132.0400,100
46221574657088,12:50:21.574,132.1000,15
46231703420190,12:50:31.703,132.0800,100
46254969640397,12:50:54.969,132.1200,5
46254969909005,12:50:54.969,132.1300,1
46254970349387,12:50:54.970,132.1400,10
46351205875850,12:52:31.205,132.1400,100
46374943276158,12:52:54.943,132.1100,100
46401249697561,12:53:21.249,132.0900,100
46432364524048,12:53:52.364,132.0500,100
46432364524048,12:53:52.364,132.0400,800
46446756672126,12:54:06.756,132.0700,100
46478017063632,12:54:38.017,132.0300,100
46478017063632,12:54:38.017,132.0300,100
46485535362055,12:54:45.535,132.0800,78
46535018981930,12:55:35.018,132.0600,100
46548259766169,12:55:48.259,132.0700,70
46548269613339,12:55:48.269,132.0900,100
46553012034143,12:55:53.012,132.1000,100
46567368050819,12:56:07.368,132.1300,22
46567368077482,12:56:07.368,132.1300,78
46567368077482,12:56:07.368,132.1300,99
46568531985705,12:56:08.531,132.1100,100
46593022853670,12:56:33.022,132.1100,100
46612380827151,12:56:52.380,132.0900,100
46612381480240,12:56:52.381,132.0800,100
46612381480240,12:56:52.381,132.0800,2
46622122972221,12:57:02.122,132.1000,1
46695114570663,12:58:15.114,132.0300,100
46695115048927,12:58:15.115,132.0300,100
46695115466226,12:58:15.115,132.0200,100
46734886908178,12:58:54.886,132.0300,100
46736624644266,12:58:56.624,132.0500,8
46736624644266,12:58:56.624,132.0500,92
46738657156218,12:58:58.657,132.0500,8
46763253179318,12:59:23.253,132.0400,100
46763254765743,12:59:23.254,132.0400,28
46767272257103,12:59:27.272,132.0600,14
46800237004912,13:00:00.237,132.0600,1
46800237004912,13:00:00.237,132.0600,101
46844847685530,13:00:44.847,132.0300,2
46844847685530,13:00:44.847,132.0300,98
46844847764075,13:00:44.847,132.0300,2
46844848521619,13:00:44.848,132.0400,27
46844848552555,13:00:44.848,132.0400,73
46844848641690,13:00:44.848,132.0300,100
46844848713005,13:00:44.848,132.0300,100
46844850199240,13:00:44.850,132.0300,100
46844850458444,13:00:44.850,132.0200,100
46844852288669,13:00:44.852,132.0400,46
46858982270217,13:00:58.982,132.0600,100
46858982270217,13:00:58.982,132.0600,90
46928378023647,13:02:08.378,132.0900,100
46929271879165,13:02:09.271,132.0700,100
46929271968880,13:02:09.271,132.0700,100
46929272140275,13:02:09.272,132.0700,100
46942042007159,13:02:22.042,132.0900,100
46942043830052,13:02:22.043,132.1100,9
46942043860006,13:02:22.043,132.1100,391
46942043860006,13:02:22.043,132.1100,30
46964944384013,13:02:44.944,132.0800,100
46964945045680,13:02:44.945,132.0800,100
46964960199110,13:02:44.960,132.0800,100
46975822992433,13:02:55.822,132.0800,100
46983176088014,13:03:03.176,132.0800,40
46983487160612,13:03:03.487,132.0800,60
46983487549175,13:03:03.487,132.0800,72
46987911471627,13:03:07.911,132.1200,13
46987911971846,13:03:07.911,132.1300,100
46992682710211,13:03:12.682,132.1500,100
46992683350694,13:03:12.683,132.1600,1
46992683350694,13:03:12.683,132.1600,100
46998384284484,13:03:18.384,132.1700,5
46998384319964,13:03:18.384,132.1800,10
46998384319964,13:03:18.384,132.1800,59
46998384645996,13:03:18.384,132.1800,41
46998384645996,13:03:18.384,132.1800,100
47014669096682,13:03:34.669,132.1600,28
47014669096682,13:03:34.669,132.1600,11
47014672261663,13:03:34.672,132.1500,100
47014679649888,13:03:34.679,132.1500,100
47051468487744,13:04:11.468,132.1200,1
47051469440466,13:04:11.469,132.1400,100
47100318142281,13:05:00.318,132.1100,62
47100318170320,13:05:00.318,132.1100,38
47103239477827,13:05:03.239,132.0700,90
47106519545728,13:05:06.519,132.0700,10
47120892485530,13:05:20.892,132.1200,32
47120892724684,13:05:20.892,132.1200,100
47120892999027,13:05:20.892,132.1200,49
47120893024630,13:05:20.893,132.1200,19
47136834258318,13:05:36.834,132.1100,5
47175320810299,13:06:15.320,132.0900,1
47222415422762,13:07:02.415,132.0800,98
47222415460071,13:07:02.415,132.0800,2
47224227023061,13:07:04.227,132.0700,1
47344518249753,13:09:04.518,132.1100,100
47344518276156,13:09:04.518,132.1100,100
47349306363596,13:09:09.306,132.0900,100
47362018849577,13:09:22.018,132.0900,1
47405332892249,13:10:05.332,132.0700,23
47405332892249,13:10:05.332,132.0700,1
47423979826753,13:10:23.979,132.0700,10
47425517946013,13:10:25.517,132.0600,1
47432050058827,13:10:32.050,132.0800,72
47432050068212,13:10:32.050,132.0800,28
47432051901390,13:10:32.051,132.1100,100
47464428022503,13:11:04.428,132.0600,100
47486291694376,13:11:26.291,132.0500,100
47489682394150,13:11:29.682,132.0400,100
47489682421861,13:11:29.682,132.0400,100
47591176978932,13:13:11.176,132.0100,100
47591177055930,13:13:11.177,132.0100,2
47596249463109,13:13:16.249,132.0500,1
47596249463109,13:13:16.249,132.0500,22
47596249855225,13:13:16.249,132.0500,78
47596249855225,13:13:16.249,132.0500,31
47596249857427,13:13:16.249,132.0500,69
47667869665675,13:14:27.869,132.0700,4
47667869665675,13:14:27.869,132.0800,34
47689007555456,13:14:49.007,132.0100,100
47705069424710,13:15:05.069,131.9800,2
47705069424710,13:15:05.069,131.9700,98
47705069463185,13:15:05.069,131.9700,2
47750852111132,13:15:50.852,132.0000,1
47823588583663,13:17:03.588,131.9800,2
47823588583663,13:17:03.588,131.9800,100
47827975573438,13:17:07.975,131.9700,100
47827976522810,13:17:07.976,131.9600,6
47827976547779,13:17:07.976,131.9600,8
47829048796919,13:17:09.048,131.9500,100
47829048826446,13:17:09.048,131.9500,100
47879228979507,13:17:59.228,131.9900,1
47896645902592,13:18:16.645,131.9700,2
47896645902592,13:18:16.645,131.9700,100
47903717104872,13:18:23.717,131.9400,100
47978900127426,13:19:38.900,131.8800,32
47978900359868,13:19:38.900,131.8800,68
47985848471238,13:19:45.848,131.8900,1
47995673970365,13:19:55.673,131.8600,32
47995676959079,13:19:55.676,131.8600,68
48023035945027,13:20:23.035,131.8500,4
48023035945027,13:20:23.035,131.8500,96
48023035971418,13:20:23.035,131.8500,4
48045750391299,13:20:45.750,131.8200,100
48045816069981,13:20:45.816,131.8000,1
48046004449344,13:20:46.004,131.7800,100
48057084675124,13:20:57.084,131.8300,100
48094414703915,13:21:34.414,131.8600,10
48131172098989,13:22:11.172,131.8700,20
48131172134456,13:22:11.172,131.8800,100
48131172348892,13:22:11.172,131.8800,87
48131172434302,13:22:11.172,131.8800,13
48131172493441,13:22:11.172,131.8900,2
48143065418372,13:22:23.065,131.8300,3
48150018941171,13:22:30.018,131.8100,100
48150020688425,13:22:30.020,131.8000,100
48150024368501,13:22:30.024,131.8000,100
48176986023600,13:22:56.986,131.7900,10
48176986023600,13:22:56.986,131.7800,31
48176986031601,13:22:56.986,131.7800,47
48181857975695,13:23:01.857,131.7600,22
48240545615355,13:24:00.545,131.8400,71
48240545848088,13:24:00.545,131.8400,129
48240545848088,13:24:00.545,131.8400,14
48240545886825,13:24:00.545,131.8400,7
48240545919370,13:24:00.545,131.8400,18
48240580852691,13:24:00.580,131.8300,30
48285837029889,13:24:45.837,131.8300,96
48285837058605,13:24:45.837,131.8300,4
48285837059320,13:24:45.837,131.8300,4
48285837469577,13:24:45.837,131.8300,4
48285841510290,13:24:45.841,131.8100,100
48294357963238,13:24:54.357,131.8000,100
48294357963238,13:24:54.357,131.8000,4
48294360391452,13:24:54.360,131.7900,72
48294360416866,13:24:54.360,131.7900,28
48294405006603,13:24:54.405,131.7700,100
48294427146010,13:24:54.427,131.7600,100
48294460471275,13:24:54.460,131.7500,200
48294470305985,13:24:54.470,131.7500,100
48304975924976,13:25:04.975,131.7500,8
48304977725466,13:25:04.977,131.7500,8
48305045703828,13:25:05.045,131.7400,16
48307800284659,13:25:07.800,131.7500,30
48318791347882,13:25:18.791,131.7600,100
48347583272068,13:25:47.583,131.8100,100
48347584405486,13:25:47.584,131.8200,10
48362178061637,13:26:02.178,131.8000,47
48362178089055,13:26:02.178,131.8000,53
48362178394282,13:26:02.178,131.8000,100
48362180017278,13:26:02.180,131.8000,100
48364326421613,13:26:04.326,131.8300,1
48364326421613,13:26:04.326,131.8300,99
48364326480348,13:26:04.326,131.8300,1
48364326480348,13:26:04.326,131.8300,99
48364326595168,13:26:04.326,131.8300,1
48364327103087,13:26:04.327,131.8300,100
48364327163682,13:26:04.327,131.8300,51
48364327190857,13:26:04.327,131.8300,49
48364327190857,13:26:04.327,131.8300,100
48379198845129,13:26:19.198,131.8200,4
48488542224175,13:28:08.542,131.8100,100
48488542224175,13:28:08.542,131.8100,100
48488545286997,13:28:08.545,131.8100,50
48488545286997,13:28:08.545,131.8100,3
48488545286997,13:28:08.545,131.8100,47
48488546114381,13:28:08.546,131.8100,53
48537919930113,13:28:57.919,131.8400,100
48552217974329,13:29:12.217,131.8300,100
48562415861906,13:29:22.415,131.8400,100
48565019007268,13:29:25.019,131.8500,50
48600813945266,13:30:00.813,131.8600,10
48600813945266,13:30:00.813,131.8600,4
48634763593482,13:30:34.763,131.8800,10
48634763593482,13:30:34.763,131.8800,100
48634763954156,13:30:34.763,131.8900,10
48634766786725,13:30:34.766,131.9000,10
48634766786725,13:30:34.766,131.9100,3
48637190060629,13:30:37.190,131.9100,9
48712421900527,13:31:52.421,131.9300,5
48712421900527,13:31:52.421,131.9300,6
48721019212736,13:32:01.019,131.9400,10
48721495357553,13:32:01.495,131.9600,2
48741391784014,13:32:21.391,131.9700,100
48741401867670,13:32:21.401,131.9800,10
48741401867670,13:32:21.401,131.9900,5
48741401867670,13:32:21.401,131.9900,26
48741401867670,13:32:21.401,132.0000,10
48741401867670,13:32:21.401,132.0000,100
48741401867670,13:32:21.401,132.0000,26
48741401867670,13:32:21.401,132.0000,100
48741401867670,13:32:21.401,132.0000,299
48741401965602,13:32:21.401,132.0000,100
48741407106295,13:32:21.407,131.9800,20
48741407241339,13:32:21.407,131.9800,20
48741407484829,13:32:21.407,131.9700,20
48764014540921,13:32:44.014,131.9500,100
48764014540921,13:32:44.014,131.9500,100
48764014540921,13:32:44.014,131.9500,100
48764014918373,13:32:44.014,131.9400,100
48784166462567,13:33:04.166,131.9200,100
48818140735970,13:33:38.140,131.8900,1
48818140735970,13:33:38.140,131.8900,10
48818140735970,13:33:38.140,131.8800,89
48818143999922,13:33:38.143,131.8800,11
48819018116877,13:33:39.018,131.8700,1
48828565610746,13:33:48.565,131.8900,100
48903182189939,13:35:03.182,131.8600,2
48949017445183,13:35:49.017,131.8600,1
49053595758946,13:37:33.595,131.8800,100
49054253267129,13:37:34.253,131.9100,100
49067200848766,13:37:47.200,131.9500,1
49118142065287,13:38:38.142,131.9400,1
49118142065287,13:38:38.142,131.9400,97
49118142065287,13:38:38.142,131.9400,100
49118143345594,13:38:38.143,131.9400,100
49118145625920,13:38:38.145,131.9300,100
49118146536406,13:38:38.146,131.9400,100
49120226402077,13:38:40.226,131.9700,10
49120227164512,13:38:40.227,131.9800,100
49120228314004,13:38:40.228,131.9900,15
49158527309231,13:39:18.527,132.0000,100
49158527346891,13:39:18.527,132.0000,1
49158532373753,13:39:18.532,132.0100,2
49158532373753,13:39:18.532,132.0100,98
49158532401978,13:39:18.532,132.0100,2
49159029569069,13:39:19.029,132.0200,5
49159029569069,13:39:19.029,132.0200,5
49159029569069,13:39:19.029,132.0200,100
49221629167228,13:40:21.629,132.0200,100
49238324930019,13:40:38.324,132.0000,1
49348875489813,13:42:28.875,132.0200,1
49348876730252,13:42:28.876,132.0200,10
49352494682545,13:42:32.494,131.9900,1
49352494682545,13:42:32.494,131.9900,99
49352595402647,13:42:32.595,132.0200,100
49429929137486,13:43:49.929,132.0300,10
49429929137486,13:43:49.929,132.0300,89
49459088156901,13:44:19.088,131.9700,200
49459088156901,13:44:19.088,131.9700,100
49459088156901,13:44:19.088,131.9700,12
49459088593333,13:44:19.088,131.9700,100
49459088892483,13:44:19.088,131.9700,10
49459089334960,13:44:19.089,131.9700,10
49460088252892,13:44:20.088,131.9800,80
49501280919687,13:45:01.280,131.9600,100
49501283433775,13:45:01.283,131.9500,30
49501283691795,13:45:01.283,131.9500,56
49501285220524,13:45:01.285,131.9500,14
49501308287804,13:45:01.308,131.9400,100
49501308884112,13:45:01.308,131.9300,100
49527528356297,13:45:27.528,131.9200,100
49527528356297,13:45:27.528,131.9200,1
49532691783636,13:45:32.691,131.9500,28
49532691783636,13:45:32.691,131.9500,72
49532691810920,13:45:32.691,131.9500,28
49600671212975,13:46:40.671,131.8900,100
49600671269113,13:46:40.671,131.8900,86
49600671269113,13:46:40.671,131.8900,14
49600671674731,13:46:40.671,131.8900,86
49600671674731,13:46:40.671,131.8900,100
49624053114212,13:47:04.053,131.8500,1
49704262524985,13:48:24.262,131.8200,1
49704262524985,13:48:24.262,131.8200,100
49725091787561,13:48:45.091,131.8100,2
49743199317888,13:49:03.199,131.8500,76
49761601568755,13:49:21.601,131.8000,100
49761601568755,13:49:21.601,131.8000,62
49761602014868,13:49:21.602,131.8000,38
49761602589780,13:49:21.602,131.7900,100
49853798167099,13:50:53.798,131.8000,100
49853799759990,13:50:53.799,131.8200,100
49853809379876,13:50:53.809,131.8300,100
49853809379876,13:50:53.809,131.8300,100
49853809379876,13:50:53.809,131.8300,30
49877471776430,13:51:17.471,131.8700,10
49880555830661,13:51:20.555,131.8200,100
49943571441240,13:52:23.571,131.8300,69
49943571479269,13:52:23.571,131.8300,31
49943661755314,13:52:23.661,131.8200,100
49954921117915,13:52:34.921,131.8100,100
50002621758528,13:53:22.621,131.8200,2
50005532359378,13:53:25.532,131.8400,1
50005532975005,13:53:25.532,131.8600,100
50028962353986,13:53:48.962,131.8900,100
50028973036866,13:53:48.973,131.9100,100
50028974479467,13:53:48.974,131.9200,10
50028974479467,13:53:48.974,131.9200,100
50028974562648,13:53:48.974,131.9200,100
50039913627773,13:53:59.913,131.9300,10
50057641198000,13:54:17.641,131.9400,10
50057641198000,13:54:17.641,131.9400,90
50057641232172,13:54:17.641,131.9400,10
50057641232172,13:54:17.641,131.9400,3
50057641255923,13:54:17.641,131.9400,97
50058827816348,13:54:18.827,131.9600,10
50058827816348,13:54:18.827,131.9600,100
50058829951648,13:54:18.829,131.9600,100
50097903786382,13:54:57.903,131.9400,4
50097934378734,13:54:57.934,131.9300,12
50097934413686,13:54:57.934,131.9300,88
50097934413686,13:54:57.934,131.9300,100
50097934413686,13:54:57.934,131.9300,100
50097934413686,13:54:57.934,131.9300,100
50097934688766,13:54:57.934,131.9200,100
50097934691712,13:54:57.934,131.9200,100
50097955744553,13:54:57.955,131.9200,100
50101660384364,13:55:01.660,131.9100,2
50103314733719,13:55:03.314,131.9000,100
50139230251730,13:55:39.230,131.8600,88
50139230265167,13:55:39.230,131.8600,12
50155000053368,13:55:55.000,131.8400,9
50155000660146,13:55:55.000,131.8400,20
50155000684026,13:55:55.000,131.8400,34
50155007141525,13:55:55.007,131.8300,27
50155009087317,13:55:55.009,131.8200,100
50155009267211,13:55:55.009,131.8200,27
50157045567942,13:55:57.045,131.8100,1
50163616926893,13:56:03.616,131.8900,10
50196794312602,13:56:36.794,131.9000,1
50196794328727,13:56:36.794,131.9100,99
50196794403618,13:56:36.794,131.9100,1
50196794403618,13:56:36.794,131.9100,10
50196794403618,13:56:36.794,131.9100,100
50196794421141,13:56:36.794,131.9100,88
50196794487519,13:56:36.794,131.9100,12
50196795079654,13:56:36.795,131.9200,10
50196795624604,13:56:36.795,131.9100,10
50196795624604,13:56:36.795,131.9000,190
50203712753304,13:56:43.712,131.9200,10
50203712753304,13:56:43.712,131.9200,90
50203712783647,13:56:43.712,131.9200,10
50220748083714,13:57:00.748,131.9400,5
50220755139304,13:57:00.755,131.9400,5
50226697422455,13:57:06.697,131.9200,5
50227201413672,13:57:07.201,131.9100,3
50252879550484,13:57:32.879,131.8800,100
50255852478290,13:57:35.852,131.8700,100
50257798250952,13:57:37.798,131.8600,100
50280034550920,13:58:00.034,131.8300,1
50330776524246,13:58:50.776,131.8700,26
50330776524246,13:58:50.776,131.8700,74
50330776606074,13:58:50.776,131.8700,26
50330795559559,13:58:50.795,131.8600,50
50330795625466,13:58:50.795,131.8600,50
50330827828464,13:58:50.827,131.8600,100
50330827828464,13:58:50.827,131.8600,100
50330827828464,13:58:50.827,131.8700,100
50331066695002,13:58:51.066,131.8600,5
50331668023962,13:58:51.668,131.8600,100
50339477068236,13:58:59.477,131.8800,100
50340093250977,13:59:00.093,131.8700,1
50359788285034,13:59:19.788,131.8700,1
50359788285034,13:59:19.788,131.8700,1
50359788285034,13:59:19.788,131.8700,2
50359788285034,13:59:19.788,131.8700,96
50359788559197,13:59:19.788,131.8700,4
50359790898284,13:59:19.790,131.8700,2
50359790963345,13:59:19.790,131.8700,2
50359791285610,13:59:19.791,131.8700,2
50370008391263,13:59:30.008,131.9200,84
50390019809273,13:59:50.019,131.9300,4
50402688797056,14:00:02.688,131.8600,100
50402689781321,14:00:02.689,131.8600,100
50402692090883,14:00:02.692,131.8400,27
50402692090883,14:00:02.692,131.8400,75
50402694487770,14:00:02.694,131.8700,100
50402696663972,14:00:02.696,131.8300,27
50402697510113,14:00:02.697,131.8700,72
50402701982030,14:00:02.701,131.8700,28
50402705019754,14:00:02.705,131.8600,100
50402705197002,14:00:02.705,131.8600,81
50402705361421,14:00:02.705,131.8600,19
50402705698678,14:00:02.705,131.8700,54
50402705718191,14:00:02.705,131.8700,40
50402706328983,14:00:02.706,131.8700,6
50402716110841,14:00:02.716,131.9200,100
50402752401331,14:00:02.752,131.9200,9
50402815838824,14:00:02.815,131.9400,10
50403184043884,14:00:03.184,131.9200,50
50403221995991,14:00:03.221,131.9200,44
50403304877318,14:00:03.304,131.9200,38
50404007101161,14:00:04.007,131.8800,200
50404007603345,14:00:04.007,131.8700,100
50404007603345,14:00:04.007,131.8700,2
50406726064558,14:00:06.726,131.9800,10
50406729751508,14:00:06.729,132.0000,100
50406730269839,14:00:06.730,132.0000,33
50407027777191,14:00:07.027,132.0300,10
50407478740937,14:00:07.478,132.0400,10
50407740498582,14:00:07.740,132.0500,10
50407740513634,14:00:07.740,132.0600,1
50407838107807,14:00:07.838,132.0800,2
50408027788431,14:00:08.027,132.1000,10
50408838121629,14:00:08.838,132.1100,10
50408993157694,14:00:08.993,132.1300,10
50408998008556,14:00:08.998,132.1400,10
50408998085902,14:00:08.998,132.1500,29
50408998085902,14:00:08.998,132.1600,5
50408998192462,14:00:08.998,132.1700,1
50409038951098,14:00:09.038,132.1900,10
50409054014592,14:00:09.054,132.1900,26
50409197513602,14:00:09.197,132.2000,10
50409357500944,14:00:09.357,132.2100,10
50409358027793,14:00:09.358,132.2300,10
50409358027793,14:00:09.358,132.2400,10
50409358027793,14:00:09.358,132.2500,4
50409358027793,14:00:09.358,132.2500,76
50409359004215,14:00:09.359,132.2500,24
50409359845874,14:00:09.359,132.2800,22
50412937085730,14:00:12.937,132.3100,21
50412937125457,14:00:12.937,132.3100,6
50413014786254,14:00:13.014,132.3300,50
50413018526011,14:00:13.018,132.3800,75
50413032015959,14:00:13.032,132.4000,75
50413059113202,14:00:13.059,132.5000,200
50413111748682,14:00:13.111,132.5000,18
50413111748682,14:00:13.111,132.5000,82
50414944518967,14:00:14.944,132.5400,75
50414944537813,14:00:14.944,132.5300,27
50414944549944,14:00:14.944,132.5200,19
50414944893011,14:00:14.944,132.5000,18
50414946094161,14:00:14.946,132.5000,3
50414946136529,14:00:14.946,132.5000,7
50414953254198,14:00:14.953,132.5000,10
50414954067167,14:00:14.954,132.5000,10
50414954952482,14:00:14.954,132.5000,10
50414955821670,14:00:14.955,132.5000,10
50417598272254,14:00:17.598,132.3300,27
50423322009813,14:00:23.322,132.3300,100
50423322009813,14:00:23.322,132.3200,326
50423322262922,14:00:23.322,132.3200,100
50426516844882,14:00:26.516,132.1800,61
50426520050970,14:00:26.520,132.1900,100
50427463348794,14:00:27.463,132.2200,100
50427463916077,14:00:27.463,132.2300,100
50442138619234,14:00:42.138,132.1900,47
50442138631693,14:00:42.138,132.1900,53
50442139267112,14:00:42.139,132.2000,28
50442149318534,14:00:42.149,132.2000,28
50442149358348,14:00:42.149,132.2200,9
50445298148012,14:00:45.298,132.1100,100
50448846860909,14:00:48.846,132.1000,27
50448846860909,14:00:48.846,132.1000,89
50448847012174,14:00:48.847,132.1000,11
50448857461351,14:00:48.857,132.1200,100
50451073456818,14:00:51.073,132.1800,100
50451073456818,14:00:51.073,132.1800,27
50457628928767,14:00:57.628,132.2300,100
50466706811751,14:01:06.706,132.2600,39
50466706836988,14:01:06.706,132.2600,61
50466706880715,14:01:06.706,132.2600,30
50466706880715,14:01:06.706,132.2500,9
50466707086429,14:01:06.707,132.2500,91
50466712463588,14:01:06.712,132.2200,42
50466714126930,14:01:06.714,132.2200,16
50466717050833,14:01:06.717,132.2200,17
50466717050833,14:01:06.717,132.2000,58
50466722588842,14:01:06.722,132.2000,17
50466758168513,14:01:06.758,132.1600,75
50466833338552,14:01:06.833,132.1300,32
50469429813849,14:01:09.429,132.0900,100
50469429813849,14:01:09.429,132.0800,100
50469432416663,14:01:09.432,132.0800,100
50469461617996,14:01:09.461,132.0600,100
50469468960705,14:01:09.468,132.0600,100
50469474779938,14:01:09.474,132.1000,10
50469474905597,14:01:09.474,132.1000,10
50469487874467,14:01:09.487,132.0700,100
50469487874467,14:01:09.487,132.0600,10
50469487874467,14:01:09.487,132.0600,10
50469487874467,14:01:09.487,132.0600,10
50469487874467,14:01:09.487,132.0600,470
50469490601582,14:01:09.490,132.0700,100
50469490601582,14:01:09.490,132.0600,100
50469490627742,14:01:09.490,132.0600,100
50471394415577,14:01:11.394,132.0300,68
50471954359697,14:01:11.954,132.0900,100
50471955054356,14:01:11.955,132.1000,100
50471955982325,14:01:11.955,132.1000,100
50471957372528,14:01:11.957,132.1100,15
50471957628816,14:01:11.957,132.1100,100
50471959418046,14:01:11.959,132.1400,60
50471959507574,14:01:11.959,132.1400,15
50471962371788,14:01:11.962,132.1400,46
50471963063983,14:01:11.963,132.1400,100
50471963737573,14:01:11.963,132.1400,279
50471964707338,14:01:11.964,132.1500,300
50471967342650,14:01:11.967,132.1500,75
50471967342650,14:01:11.967,132.1600,27
50471972885188,14:01:11.972,132.1600,75
50476175584791,14:01:16.175,132.1100,3
50476175610245,14:01:16.175,132.1100,72
50477409746045,14:01:17.409,132.1400,20
50477409761243,14:01:17.409,132.1500,27
50477410069500,14:01:17.410,132.1600,20
50481544430580,14:01:21.544,132.1000,8
50481544598594,14:01:21.544,132.1000,7
50481546103230,14:01:21.546,132.0800,6
50491206907389,14:01:31.206,132.1000,20
50491207003838,14:01:31.207,132.1000,80
50491209373799,14:01:31.209,132.0900,47
50491212511188,14:01:31.212,132.0900,53
50495398467377,14:01:35.398,132.1600,1
50537074400483,14:02:17.074,132.1000,100
50537182823754,14:02:17.182,132.0900,30
50537182823754,14:02:17.182,132.1000,100
50537182823754,14:02:17.182,132.1000,70
50537183167518,14:02:17.183,132.1000,30
50537827501266,14:02:17.827,132.0800,100
50537831283421,14:02:17.831,132.0600,100
50545704896927,14:02:25.704,132.1200,27
50545705709177,14:02:25.705,132.1300,27
50545968736479,14:02:25.968,132.1600,51
50546686830703,14:02:26.686,132.1700,100
50552741909270,14:02:32.741,132.1700,1
50552741942169,14:02:32.741,132.1800,100
50563217261048,14:02:43.217,132.2100,27
50563217634498,14:02:43.217,132.2200,27
50563217647921,14:02:43.217,132.2300,49
50563217688462,14:02:43.217,132.2300,51
50563217688462,14:02:43.217,132.2300,49
50563217696389,14:02:43.217,132.2300,51
50563218194753,14:02:43.218,132.2400,100
50579398680113,14:02:59.398,132.3000,100
50579400029179,14:02:59.400,132.3300,27
50579401597778,14:02:59.401,132.3400,100
50579401927622,14:02:59.401,132.3500,100
50608890609789,14:03:28.890,132.4500,3
50620907360245,14:03:40.907,132.4900,99
50623490383486,14:03:43.490,132.4900,100
50623490440067,14:03:43.490,132.4900,1
50638229390507,14:03:58.229,132.5700,97
50652621066777,14:04:12.621,132.6200,3
50652625611574,14:04:12.625,132.6400,100
50652625611574,14:04:12.625,132.6900,20
50652627392277,14:04:12.627,132.6300,100
50652627502218,14:04:12.627,132.6300,100
50657593733230,14:04:17.593,132.6400,59
50657593756879,14:04:17.593,132.6400,40
50664019844236,14:04:24.019,132.7000,1
50691364649518,14:04:51.364,132.7100,100
50691365073544,14:04:51.365,132.7200,35
50691365073544,14:04:51.365,132.7200,100
50715608392946,14:05:15.608,132.6800,100
50715608406497,14:05:15.608,132.6700,89
50715608469900,14:05:15.608,132.6700,11
50715608469900,14:05:15.608,132.6700,100
50715608469900,14:05:15.608,132.6700,100
50715609013930,14:05:15.609,132.6600,12
50715609037840,14:05:15.609,132.6600,6
50715609209893,14:05:15.609,132.6400,25
50715609209893,14:05:15.609,132.6300,75
50715684143378,14:05:15.684,132.6300,25
50750837699892,14:05:50.837,132.6100,100
50750837735812,14:05:50.837,132.6100,16
50750837735812,14:05:50.837,132.6100,100
50750837777372,14:05:50.837,132.6100,45
50811027263114,14:06:51.027,132.6200,70
50811027263114,14:06:51.027,132.6400,100
50811028030339,14:06:51.028,132.6500,3
50811028124636,14:06:51.028,132.6600,73
50839318645927,14:07:19.318,132.5900,10
50839350090419,14:07:19.350,132.6600,100
50839350090419,14:07:19.350,132.6700,26
50852541332546,14:07:32.541,132.6700,26
50858017945530,14:07:38.017,132.6800,100
50858017945530,14:07:38.017,132.6900,26
50858017945530,14:07:38.017,132.6900,74
50858121131239,14:07:38.121,132.6900,103
50878536511372,14:07:58.536,132.6400,100
50878536511372,14:07:58.536,132.6400,100
50878537040903,14:07:58.537,132.6300,100
50878542691961,14:07:58.542,132.6600,26
50878545233851,14:07:58.545,132.6700,26
50878545233851,14:07:58.545,132.6800,400
50878549029910,14:07:58.549,132.6500,100
50878549029910,14:07:58.549,132.6400,300
50878576783156,14:07:58.576,132.6800,100
50878578580480,14:07:58.578,132.6900,26
50878578580480,14:07:58.578,132.6900,100
50878578580480,14:07:58.578,132.6900,42
50898535628374,14:08:18.535,132.6400,100
50898535628374,14:08:18.535,132.6400,100
50898535628374,14:08:18.535,132.6400,3
50898537097712,14:08:18.537,132.6800,100
50898537348221,14:08:18.537,132.6900,2
50898537708197,14:08:18.537,132.6900,56
50898537708197,14:08:18.537,132.6900,44
50898537716108,14:08:18.537,132.6900,24
50901576183443,14:08:21.576,132.7000,10
50919493329475,14:08:39.493,132.7100,14
50919493329475,14:08:39.493,132.7100,86
50919493359893,14:08:39.493,132.7100,14
50942890818137,14:09:02.890,132.7100,100
50980398443901,14:09:40.398,132.6900,37
50980398445236,14:09:40.398,132.6900,63
50980399303712,14:09:40.399,132.6900,100
50980399509493,14:09:40.399,132.6500,42
50988050867036,14:09:48.050,132.6300,100
50996665109467,14:09:56.665,132.6200,39
50996665119672,14:09:56.665,132.6200,40
50996665350998,14:09:56.665,132.6200,100
51011346440947,14:10:11.346,132.6800,100
51011346440947,14:10:11.346,132.6900,3
51011346731374,14:10:11.346,132.6900,97
51011346731374,14:10:11.346,132.6900,3
51011355623441,14:10:11.355,132.7100,79
51011355630667,14:10:11.355,132.7100,21
51011355630667,14:10:11.355,132.7100,20
51011355730260,14:10:11.355,132.7100,80
51011355948021,14:10:11.355,132.7200,44
51011356753077,14:10:11.356,132.7200,112
51011448913728,14:10:11.448,132.7000,9
51011448968585,14:10:11.448,132.7000,8
51011449070927,14:10:11.449,132.7000,9
51011449099873,14:10:11.449,132.7000,8
51011449305803,14:10:11.449,132.6900,8
51011449482381,14:10:11.449,132.6900,7
51011449970251,14:10:11.449,132.6900,8
51014429466523,14:10:14.429,132.6900,77
51055059332927,14:10:55.059,132.6100,8
51055059386233,14:10:55.059,132.6100,7
51060387688906,14:11:00.387,132.6700,40
51060387688906,14:11:00.387,132.6800,60
51060387735990,14:11:00.387,132.6800,4
51060388119491,14:11:00.388,132.6800,4
51060973835646,14:11:00.973,132.7000,100
51061018679760,14:11:01.018,132.7300,100
51089517294539,14:11:29.517,132.7900,300
51121726453098,14:12:01.726,132.7700,80
51121726454049,14:12:01.726,132.7700,20
51121726507131,14:12:01.726,132.7600,1
51121726507131,14:12:01.726,132.7600,40
51121726968297,14:12:01.726,132.7600,21
51121727046916,14:12:01.727,132.7600,39
51121730593232,14:12:01.730,132.7500,100
51121730604111,14:12:01.730,132.7500,24
51121730618189,14:12:01.730,132.7500,76
51121730618189,14:12:01.730,132.7500,100
51131784730136,14:12:11.784,132.7900,3
51141311482081,14:12:21.311,132.7500,72
51148091751591,14:12:28.091,132.7900,30
51148091751591,14:12:28.091,132.7900,99
51148091757747,14:12:28.091,132.7900,1
51169046078605,14:12:49.046,132.8600,100
51183667724227,14:13:03.667,132.8100,72
51183667738071,14:13:03.667,132.8100,24
51183667742638,14:13:03.667,132.8100,4
51203997569657,14:13:23.997,132.8500,80
51203997569657,14:13:23.997,132.8600,100
51204021623457,14:13:24.021,132.9200,200
51204044177440,14:13:24.044,132.8900,8
51204044189119,14:13:24.044,132.8900,2
51234461571809,14:13:54.461,132.8900,23
51234461771280,14:13:54.461,132.9000,67
51234461844409,14:13:54.461,132.9000,61
51250314209209,14:14:10.314,132.9000,100
51256413591267,14:14:16.413,132.9500,3
51267270888645,14:14:27.270,132.9100,100
51267270888645,14:14:27.270,132.9100,100
51267271470063,14:14:27.271,132.9000,100
51297099128191,14:14:57.099,132.9800,1
51297104384773,14:14:57.104,133.0000,100
51300192117697,14:15:00.192,132.9000,100
51300196539949,14:15:00.196,132.8900,100
51303490933109,14:15:03.490,132.8100,100
51303906497517,14:15:03.906,132.8400,200
51303908581718,14:15:03.908,132.8700,10
51303908581718,14:15:03.908,132.8700,26
51303908644623,14:15:03.908,132.8500,100
51303908937204,14:15:03.908,132.8500,100
51303909155811,14:15:03.909,132.8800,100
51307111065044,14:15:07.111,132.8100,100
51330125442746,14:15:30.125,132.8200,7
51330125458270,14:15:30.125,132.8200,40
51330125478207,14:15:30.125,132.8200,41
51330125788305,14:15:30.125,132.8200,19
51330125788305,14:15:30.125,132.8200,81
51330127777608,14:15:30.127,132.8200,12
51330128752337,14:15:30.128,132.8200,7
51330130211948,14:15:30.130,132.8100,7
51330130226713,14:15:30.130,132.8100,93
51357876459578,14:15:57.876,132.8400,100
51382198509692,14:16:22.198,132.9100,100
51382198569272,14:16:22.198,132.9100,66
51382198588259,14:16:22.198,132.9100,10
51382198588259,14:16:22.198,132.9100,46
51382199143260,14:16:22.199,132.9200,3
51400190269447,14:16:40.190,132.9500,100
51400195503113,14:16:40.195,132.9800,100
51400208060215,14:16:40.208,132.9900,29
51400208179031,14:16:40.208,132.9800,100
51400327586364,14:16:40.327,132.9900,16
51400328982607,14:16:40.328,132.9900,55
51405986509971,14:16:45.986,132.9600,100
51405986509971,14:16:45.986,132.9600,100
51405986803195,14:16:45.986,132.9400,21
51429647950560,14:17:09.647,133.0000,10
51429647950560,14:17:09.647,133.0000,40
51429647950560,14:17:09.647,133.0100,50
51429651393213,14:17:09.651,133.0100,1
51429651987006,14:17:09.651,133.0100,49
51429694745572,14:17:09.694,133.0700,9
51431028949857,14:17:11.028,133.0000,100
51431028966945,14:17:11.028,132.9900,100
51431035352772,14:17:11.035,132.9600,100
51443277265158,14:17:23.277,132.9200,100
51458535047999,14:17:38.535,132.9600,100
51491394497397,14:18:11.394,132.9200,100
51503589203758,14:18:23.589,132.9000,100
51510602348970,14:18:30.602,132.8900,3
51511776308363,14:18:31.776,132.8600,100
51511776843524,14:18:31.776,132.8400,100
51511777911322,14:18:31.777,132.8400,100
51515007249479,14:18:35.007,132.8850,3
51515007289399,14:18:35.007,132.8850,3
51515007327181,14:18:35.007,132.8850,3
51515007483308,14:18:35.007,132.8850,3
51515007517847,14:18:35.007,132.8850,3
51515008311661,14:18:35.008,132.8850,3
51515008923505,14:18:35.008,132.8850,3
51515010009745,14:18:35.010,132.8850,3
51515028035669,14:18:35.028,132.8850,3
51515028179597,14:18:35.028,132.8850,3
51515028265548,14:18:35.028,132.8850,3
51515049284709,14:18:35.049,132.8850,3
51515049434788,14:18:35.049,132.8850,3
51515049498413,14:18:35.049,132.8850,3
51515050120802,14:18:35.050,132.8850,3
51515050358095,14:18:35.050,132.8850,3
51515050726132,14:18:35.050,132.8850,3
51515052402396,14:18:35.052,132.8850,3
51515053456601,14:18:35.053,132.8850,3
51515053515124,14:18:35.053,132.8850,3
51515053899417,14:18:35.053,132.8850,3
51515054118897,14:18:35.054,132.8850,3
51515054482583,14:18:35.054,132.8850,3
51515198980198,14:18:35.198,132.8850,3
51515221534438,14:18:35.221,132.8850,3
51515234189362,14:18:35.234,132.8850,3
51515235189264,14:18:35.235,132.8850,3
51515243696428,14:18:35.243,132.8850,3
51515244296473,14:18:35.244,132.8850,3
51515244556280,14:18:35.244,132.8850,3
51516007790532,14:18:36.007,132.8800,3
51516007817194,14:18:36.007,132.8800,3
51516007988725,14:18:36.007,132.8800,3
51516008301454,14:18:36.008,132.8800,100
51516008339137,14:18:36.008,132.8800,100
51516008339137,14:18:36.008,132.8800,10
51516008414394,14:18:36.008,132.8650,110
51516040383344,14:18:36.040,132.8500,100
51516864576251,14:18:36.864,132.8400,37
51516864603115,14:18:36.864,132.8400,63
51524543200179,14:18:44.543,132.8100,100
51524543591953,14:18:44.543,132.7900,86
51524543616946,14:18:44.543,132.7900,14
51534458118200,14:18:54.458,132.8300,29
51541580315671,14:19:01.580,132.7700,100
51546875005800,14:19:06.875,132.8100,100
51546875007018,14:19:06.875,132.8100,100
51546875091118,14:19:06.875,132.8100,10
51548466306818,14:19:08.466,132.7900,59
51576573876065,14:19:36.573,132.8500,3
51577706857712,14:19:37.706,132.8600,4
51580021445325,14:19:40.021,132.8400,100
51581640060179,14:19:41.640,132.8500,71
51581640079081,14:19:41.640,132.8500,29
51581640079081,14:19:41.640,132.8500,12
51581640095006,14:19:41.640,132.8500,41
51581640165428,14:19:41.640,132.8500,33
51581640320610,14:19:41.640,132.8500,100
51583921225393,14:19:43.921,132.8800,5
51583923888395,14:19:43.923,132.8700,100
51583923888395,14:19:43.923,132.8700,100
51583949784044,14:19:43.949,132.8500,100
51583949784044,14:19:43.949,132.8500,100
51583950413598,14:19:43.950,132.8300,28
51583950413598,14:19:43.950,132.8300,100
51583950413598,14:19:43.950,132.8300,100
51583961663533,14:19:43.961,132.8400,100
51584389126931,14:19:44.389,132.8300,100
51584389126931,14:19:44.389,132.8300,100
51584390064966,14:19:44.390,132.8300,100
51585172330117,14:19:45.172,132.8100,100
51585173107156,14:19:45.173,132.8000,100
51607883337528,14:20:07.883,132.7900,100
51607883337528,14:20:07.883,132.7900,100
51607883646161,14:20:07.883,132.7700,100
51607883672614,14:20:07.883,132.7700,28
51618368084783,14:20:18.368,132.8300,3
51634949302919,14:20:34.949,132.7800,100
51634950846007,14:20:34.950,132.7800,4
51634950854337,14:20:34.950,132.7800,96
51635661214349,14:20:35.661,132.7700,100
51635664948650,14:20:35.664,132.7600,100
51635664948650,14:20:35.664,132.7600,10
51635669120984,14:20:35.669,132.7500,16
51635670220196,14:20:35.670,132.7500,9
51635678136640,14:20:35.678,132.7500,3
51635678136640,14:20:35.678,132.7500,25
51635678560977,14:20:35.678,132.7500,75
51635682634582,14:20:35.682,132.7400,28
51640662894115,14:20:40.662,132.7600,100
51640662894115,14:20:40.662,132.7600,100
51641150465997,14:20:41.150,132.8000,3
51641150465997,14:20:41.150,132.8000,97
51653997768713,14:20:53.997,132.8200,100
51654685732322,14:20:54.685,132.8500,100
51654686257972,14:20:54.686,132.8500,10
51660200853896,14:21:00.200,132.8500,100
51660201448053,14:21:00.201,132.8500,100
51660202551603,14:21:00.202,132.8500,100
51660206330319,14:21:00.206,132.8500,75
51660206330319,14:21:00.206,132.8600,25
51660248939651,14:21:00.248,132.8600,75
51661073046137,14:21:01.073,132.8400,28
51661073046137,14:21:01.073,132.8400,72
51661073127089,14:21:01.073,132.8400,11
51661073127089,14:21:01.073,132.8400,89
51661073171012,14:21:01.073,132.8400,11
51666535786161,14:21:06.535,132.8400,100
51666535786161,14:21:06.535,132.8400,10
51666535854888,14:21:06.535,132.8400,18
51673630144349,14:21:13.630,132.8500,28
51673638887132,14:21:13.638,132.8400,100
51673639297863,14:21:13.639,132.8300,28
51673639297863,14:21:13.639,132.8300,72
51673639370525,14:21:13.639,132.8300,28
51676882750273,14:21:16.882,132.9000,100
51678440435442,14:21:18.440,132.9000,100
51678440508274,14:21:18.440,132.9000,28
51679682025751,14:21:19.682,132.8800,28
51679683138347,14:21:19.683,132.8700,100
51700123123404,14:21:40.123,132.8700,28
51700123487592,14:21:40.123,132.8600,100
51700125440112,14:21:40.125,132.8400,100
51702022449132,14:21:42.022,132.8500,100
51702022501326,14:21:42.022,132.8500,28
51702022501326,14:21:42.022,132.8500,72
51702022512751,14:21:42.022,132.8500,28
51702022672745,14:21:42.022,132.8400,28
51702024795092,14:21:42.024,132.8100,100
51715217036349,14:21:55.217,132.9100,1
51715217113804,14:21:55.217,132.9100,1
51715217162466,14:21:55.217,132.9100,98
51715217509028,14:21:55.217,132.8950,1
51715253296620,14:21:55.253,132.8800,100
51716758855286,14:21:56.758,132.8500,100
51716758896462,14:21:56.758,132.8500,28
51716758896462,14:21:56.758,132.8500,72
51716758939298,14:21:56.758,132.8500,28
51716758939298,14:21:56.758,132.8500,72
51716758968262,14:21:56.758,132.8500,9
51716759002622,14:21:56.759,132.8500,19
51716759068873,14:21:56.759,132.8400,28
51716760392773,14:21:56.760,132.8300,28
51716760392773,14:21:56.760,132.8300,72
51716760473972,14:21:56.760,132.8300,28
51722497396936,14:22:02.497,132.8600,100
51722498207335,14:22:02.498,132.8700,1
51722498207335,14:22:02.498,132.8700,79
51722498302387,14:22:02.498,132.8700,21
51734938412814,14:22:14.938,132.8500,80
51734938426535,14:22:14.938,132.8500,20
51734938426535,14:22:14.938,132.8500,26
51734986435796,14:22:14.986,132.8500,11
51734987612444,14:22:14.987,132.8500,28
51734987648356,14:22:14.987,132.8500,11
51734987772834,14:22:14.987,132.8500,22
51734989082598,14:22:14.989,132.8500,17
51734989192438,14:22:14.989,132.8500,11
51734989262488,14:22:14.989,132.8500,6
51734989385407,14:22:14.989,132.8500,5
51734989399919,14:22:14.989,132.8500,11
51734989551450,14:22:14.989,132.8500,5
51734989866552,14:22:14.989,132.8500,29
51734991220178,14:22:14.991,132.8500,8
51734991756910,14:22:14.991,132.8500,11
51736012869276,14:22:16.012,132.8500,102
51744544931051,14:22:24.544,132.8500,102
51750383265185,14:22:30.383,132.8400,38
51750383440572,14:22:30.383,132.8400,40
51750383751703,14:22:30.383,132.8400,22
51750383751703,14:22:30.383,132.8400,15
51750385292455,14:22:30.385,132.8400,3
51750406367200,14:22:30.406,132.8400,100
51750410441284,14:22:30.410,132.8300,26
51759084562575,14:22:39.084,132.8500,80
51759085414571,14:22:39.085,132.8500,2
51759086308214,14:22:39.086,132.8500,80
51759089119309,14:22:39.089,132.8500,2
51759089286799,14:22:39.089,132.8500,2
51759089300585,14:22:39.089,132.8500,2
51759093768636,14:22:39.093,132.8500,2
51759105215285,14:22:39.105,132.8500,2
51759106310241,14:22:39.106,132.8500,2
51759106409468,14:22:39.106,132.8500,2
51759137135742,14:22:39.137,132.8500,2
51759162668506,14:22:39.162,132.8650,2
51759164686394,14:22:39.164,132.8650,2
51759166014731,14:22:39.166,132.8600,2
51759166315808,14:22:39.166,132.8600,2
51759167959620,14:22:39.167,132.8600,2
51759170444450,14:22:39.170,132.8700,2
51777404828951,14:22:57.404,132.8550,300
51784303609193,14:23:04.303,132.8600,100
51785556233765,14:23:05.556,132.8600,100
51785556233765,14:23:05.556,132.8600,8
51785556356891,14:23:05.556,132.8600,100
51785556411226,14:23:05.556,132.8600,72
51785576402361,14:23:05.576,132.8600,28
51785576402361,14:23:05.576,132.8600,100
51787462849350,14:23:07.462,132.8600,100
51787462849350,14:23:07.462,132.8600,19
51787462940871,14:23:07.462,132.8600,16
51789595991098,14:23:09.595,132.8600,65
51789595991098,14:23:09.595,132.8600,35
51789596037029,14:23:09.596,132.8600,65
51789596066749,14:23:09.596,132.8600,22
51803648577160,14:23:23.648,132.8800,37
51803648856200,14:23:23.648,132.8800,63
51803648856200,14:23:23.648,132.8800,80
51803651928159,14:23:23.651,132.8900,79
51803651964832,14:23:23.651,132.8900,21
51806972836977,14:23:26.972,132.9100,100
51806972836977,14:23:26.972,132.9100,21
51806974312774,14:23:26.974,132.9100,4
51806994899695,14:23:26.994,132.9000,25
51806994899695,14:23:26.994,132.9000,75
51806994943577,14:23:26.994,132.9000,25
51807308285728,14:23:27.308,132.9400,12
51814021428753,14:23:34.021,132.9000,10
51814037401759,14:23:34.037,132.8900,90
51823457337474,14:23:43.457,132.8900,34
51823457350346,14:23:43.457,132.8900,14
51823457364570,14:23:43.457,132.8900,52
51833164997174,14:23:53.164,132.9200,1
51866072932253,14:24:26.072,132.9250,100
51874913017432,14:24:34.913,132.8900,100
51874913017432,14:24:34.913,132.8900,100
51897518803045,14:24:57.518,132.8200,100
51900949496302,14:25:00.949,132.8300,3
51909680836134,14:25:09.680,132.8900,100
51912026912711,14:25:12.026,132.9600,1
51912026912711,14:25:12.026,132.9600,70
51912027012550,14:25:12.027,132.9600,30
51949007430168,14:25:49.007,132.9500,2
51998029749991,14:26:38.029,132.9300,28
51998029793014,14:26:38.029,132.9300,72
51998029793014,14:26:38.029,132.9300,3
51998029897345,14:26:38.029,132.9300,75
51998029985902,14:26:38.029,132.9300,15
51998029987572,14:26:38.029,132.9300,7
51998029987572,14:26:38.029,132.9300,68
51998030073883,14:26:38.030,132.9300,32
51998030073883,14:26:38.030,132.9300,43
51998030260634,14:26:38.030,132.9300,15
51998030297027,14:26:38.030,132.9300,42
52009058109548,14:26:49.058,132.8800,1
52011017948197,14:26:51.017,132.8700,2
52011179734405,14:26:51.179,132.9100,100
52019318951884,14:26:59.318,132.8800,100
52019322967604,14:26:59.322,132.9100,100
52021905716526,14:27:01.905,132.8500,100
52023046527647,14:27:03.046,132.9100,3
52042486350356,14:27:22.486,132.8300,100
52042486407153,14:27:22.486,132.8300,87
52042486407153,14:27:22.486,132.8300,13
52042486417824,14:27:22.486,132.8300,87
52054505629535,14:27:34.505,132.8200,100
52054505629535,14:27:34.505,132.8300,26
52054507894169,14:27:34.507,132.8500,26
52054508433980,14:27:34.508,132.8600,35
52054508433980,14:27:34.508,132.8600,18
52054508465653,14:27:34.508,132.8600,82
52075835781663,14:27:55.835,132.7800,28
52081813045719,14:28:01.813,132.7900,1
52081817022733,14:28:01.817,132.8300,100
52137990501085,14:28:57.990,132.8100,3
52138004098817,14:28:58.004,132.8500,100
52138004178765,14:28:58.004,132.8500,3
52138005360257,14:28:58.005,132.8600,100
52153349940001,14:29:13.349,132.8100,4
52154283816953,14:29:14.283,132.8100,96
52154283816953,14:29:14.283,132.8100,100
52190022498887,14:29:50.022,132.8100,716
52198511206087,14:29:58.511,132.8200,3
52198542519157,14:29:58.542,132.8400,100
52202301493209,14:30:02.301,132.8000,100
52202301493209,14:30:02.301,132.7900,100
52202301493209,14:30:02.301,132.7900,70
52202307133252,14:30:02.307,132.8000,100
52202307300250,14:30:02.307,132.7900,30
52202307300250,14:30:02.307,132.7900,70
52203247791780,14:30:03.247,132.7700,100
52204776825246,14:30:04.776,132.7500,8
52204781029922,14:30:04.781,132.7500,8
52223802299039,14:30:23.802,132.8000,3
52223802299039,14:30:23.802,132.8000,40
52223802300981,14:30:23.802,132.8000,36
52223802303700,14:30:23.802,132.8000,37
52223802318324,14:30:23.802,132.8000,40
52223802318324,14:30:23.802,132.8000,73
52223802333781,14:30:23.802,132.8000,27
52223803828346,14:30:23.803,132.8100,9
52232228227789,14:30:32.228,132.8300,90
52232228327458,14:30:32.228,132.8300,10
52232228327458,14:30:32.228,132.8300,90
52232228361375,14:30:32.228,132.8300,10
52262357254505,14:31:02.357,132.7800,100
52262357254505,14:31:02.357,132.7800,47
52262357272739,14:31:02.357,132.7800,53
52262357272739,14:31:02.357,132.7800,20
52262357843781,14:31:02.357,132.7800,6
52262357871816,14:31:02.357,132.7800,74
52280959196763,14:31:20.959,132.7500,100
52280962295935,14:31:20.962,132.7400,100
52284895460267,14:31:24.895,132.7500,44
52291924825332,14:31:31.924,132.6800,10
52291924825332,14:31:31.924,132.6800,90
52291924884431,14:31:31.924,132.6800,10
52309945488499,14:31:49.945,132.6900,100
52324046128754,14:32:04.046,132.6700,3
52354003929721,14:32:34.003,132.6600,100
52354005399936,14:32:34.005,132.6400,30
52354005601133,14:32:34.005,132.6400,60
52354005692779,14:32:34.005,132.6400,10
52354005913382,14:32:34.005,132.6300,55
52354005999260,14:32:34.005,132.6300,45
52354006879052,14:32:34.006,132.6200,28
52354006879052,14:32:34.006,132.6100,2
52371419614078,14:32:51.419,132.6300,3
52371419614078,14:32:51.419,132.6300,1
52371419614078,14:32:51.419,132.6300,100
52371420296822,14:32:51.420,132.6400,33
52395981356079,14:33:15.981,132.5600,100
52403117850679,14:33:23.117,132.6100,100
52430602954090,14:33:50.602,132.6300,3
52430602954090,14:33:50.602,132.6300,100
52473929124448,14:34:33.929,132.6300,100
52487580001994,14:34:47.580,132.6700,100
52487580017039,14:34:47.580,132.6700,3
52496768780260,14:34:56.768,132.6800,100
52496769055858,14:34:56.769,132.6800,100
52499199756969,14:34:59.199,132.6700,100
52499199858876,14:34:59.199,132.6700,13
52502832284333,14:35:02.832,132.6500,100
52502834182753,14:35:02.834,132.6400,100
52515732632724,14:35:15.732,132.6600,100
52515734303430,14:35:15.734,132.6700,1
52517326690380,14:35:17.326,132.6600,52
52519691552401,14:35:19.691,132.6500,100
52519691552401,14:35:19.691,132.6500,100
52519691552401,14:35:19.691,132.6500,100
52542773370525,14:35:42.773,132.6300,3
52542774634011,14:35:42.774,132.6200,100
52569094691659,14:36:09.094,132.5500,2
52611015499461,14:36:51.015,132.5500,27
52611015802707,14:36:51.015,132.5500,36
52611016277933,14:36:51.016,132.5500,37
52611016277933,14:36:51.016,132.5500,28
52611027902545,14:36:51.027,132.5300,28
52628717539213,14:37:08.717,132.5100,100
52631477066119,14:37:11.477,132.4900,2
52637407563338,14:37:17.407,132.5300,3
52637407563338,14:37:17.407,132.5300,100
52642315266840,14:37:22.315,132.5800,100
52642315326309,14:37:22.315,132.5900,20
52643696715326,14:37:23.696,132.6100,100
52643696744925,14:37:23.696,132.6100,20
52643696744925,14:37:23.696,132.6100,100
52643696772436,14:37:23.696,132.6100,100
52648806785777,14:37:28.806,132.5600,100
52667812648469,14:37:47.812,132.6100,30
52667812648469,14:37:47.812,132.6200,36
52667812665550,14:37:47.812,132.6200,20
52680534300995,14:38:00.534,132.6200,10
52682227578684,14:38:02.227,132.5600,100
52682227578684,14:38:02.227,132.5600,100
52689302281519,14:38:09.302,132.5800,3
52698110915768,14:38:18.110,132.5800,2
52713516310989,14:38:33.516,132.5500,60
52720018085612,14:38:40.018,132.6200,30
52720018737729,14:38:40.018,132.6300,20
52720018737729,14:38:40.018,132.6300,42
52728224806948,14:38:48.224,132.6700,20
52728224806948,14:38:48.224,132.6700,58
52728280485497,14:38:48.280,132.7000,10
52730552400376,14:38:50.552,132.7100,50
52730552400376,14:38:50.552,132.7100,100
52755470884605,14:39:15.470,132.5700,100
52776017578864,14:39:36.017,132.5100,74
52808738498719,14:40:08.738,132.5500,100
52808739047693,14:40:08.739,132.5500,93
52808742729898,14:40:08.742,132.5400,100
52811288496967,14:40:11.288,132.5400,1
52817047645601,14:40:17.047,132.5600,3
52835397002739,14:40:35.397,132.5200,100
52835397038025,14:40:35.397,132.5200,4
52836424313479,14:40:36.424,132.5200,100
52837005905848,14:40:37.005,132.5300,100
52841707285978,14:40:41.707,132.5600,3
52849038102381,14:40:49.038,132.5200,28
52849038119700,14:40:49.038,132.5200,36
52849039586005,14:40:49.039,132.5200,36
52855116392712,14:40:55.116,132.5400,100
52883977778875,14:41:23.977,132.5400,100
52884376336121,14:41:24.376,132.5300,42
52892293395463,14:41:32.293,132.5200,37
52892293430009,14:41:32.293,132.5200,63
52892294409466,14:41:32.294,132.5000,5
52939047058669,14:42:19.047,132.5600,1
52943324112700,14:42:23.324,132.5500,3
52959088445400,14:42:39.088,132.5200,100
52959088474155,14:42:39.088,132.5200,100
52973598010737,14:42:53.598,132.5500,3
52985544275853,14:43:05.544,132.4800,100
52995070367180,14:43:15.070,132.4400,10
52995070978739,14:43:15.070,132.4400,90
52995070978739,14:43:15.070,132.4300,28
52995071153387,14:43:15.071,132.4300,72
52995071153387,14:43:15.071,132.4300,18
52997001975117,14:43:17.001,132.3900,20
53015826429424,14:43:35.826,132.4600,3
53015981461563,14:43:35.981,132.4800,10
53015981461563,14:43:35.981,132.4900,10
53015981503490,14:43:35.981,132.5000,10
53028317326310,14:43:48.317,132.5000,10
53028317326310,14:43:48.317,132.5100,10
53032081598592,14:43:52.081,132.5100,10
53032389486772,14:43:52.389,132.5200,10
53032390620789,14:43:52.390,132.5300,20
53032390706659,14:43:52.390,132.5400,10
53032390865853,14:43:52.390,132.5500,10
53048306914763,14:44:08.306,132.5200,44
53048307586013,14:44:08.307,132.5200,56
53048307586013,14:44:08.307,132.5200,100
53048307737956,14:44:08.307,132.5100,100
53048307763858,14:44:08.307,132.5100,100
53065074973671,14:44:25.074,132.5500,2
53065418481482,14:44:25.418,132.5600,10
53065418481482,14:44:25.418,132.5600,3
53078378591389,14:44:38.378,132.5700,10
53078379726159,14:44:38.379,132.5800,10
53082338294997,14:44:42.338,132.5900,1
53082338294997,14:44:42.338,132.5900,10
53082338294997,14:44:42.338,132.5900,89
53082338325112,14:44:42.338,132.5900,11
53090243493012,14:44:50.243,132.6000,10
53125081201244,14:45:25.081,132.5300,15
53125529979037,14:45:25.529,132.5100,100
53125529979037,14:45:25.529,132.5100,89
53128867043934,14:45:28.867,132.5300,100
53129006127646,14:45:29.006,132.5350,100
53129007191358,14:45:29.007,132.5350,100
53129015372783,14:45:29.015,132.5400,2
53133565816360,14:45:33.565,132.5400,100
53133565883850,14:45:33.565,132.5400,100
53133566835235,14:45:33.566,132.5200,11
53133567494199,14:45:33.567,132.5200,11
53133568016163,14:45:33.568,132.5200,78
53160539047028,14:46:00.539,132.5550,100
53160567365730,14:46:00.567,132.5800,100
53160637027770,14:46:00.637,132.5600,50
53161654127229,14:46:01.654,132.5900,100
53188336782097,14:46:28.336,132.6100,100
53188337158525,14:46:28.337,132.6200,10
53188337158525,14:46:28.337,132.6200,100
53188337158525,14:46:28.337,132.6200,26
53188337158525,14:46:28.337,132.6200,100
53188337336104,14:46:28.337,132.6200,10
53188337736126,14:46:28.337,132.6200,60
53189254097693,14:46:29.254,132.6200,3
53189254674029,14:46:29.254,132.6300,10
53189254704262,14:46:29.254,132.6400,1
53189256308683,14:46:29.256,132.6500,10
53189258762241,14:46:29.258,132.6600,10
53189258762241,14:46:29.258,132.6700,10
53189279863969,14:46:29.279,132.6800,5
53189280917210,14:46:29.280,132.6800,5
53189280917210,14:46:29.280,132.6800,3
53190972663961,14:46:30.972,132.6300,100
53190972807010,14:46:30.972,132.6300,5
53216220519004,14:46:56.220,132.6900,10
53216227128692,14:46:56.227,132.7000,10
53216227128692,14:46:56.227,132.7000,30
53216745204738,14:46:56.745,132.7200,100
53240380696139,14:47:20.380,132.7500,10
53240382598869,14:47:20.382,132.7600,4
53240383506879,14:47:20.383,132.7600,16
53240396321197,14:47:20.396,132.7700,10
53240396321197,14:47:20.396,132.7700,8
53240564940599,14:47:20.564,132.7800,10
53240564940599,14:47:20.564,132.7800,90
53240875768329,14:47:20.875,132.7900,10
53240876578435,14:47:20.876,132.7900,90
53243924329507,14:47:23.924,132.7600,100
53246138028717,14:47:26.138,132.7400,100
53246138028717,14:47:26.138,132.7300,87
53246138055597,14:47:26.138,132.7300,13
53246409860196,14:47:26.409,132.7100,97
53292309595203,14:48:12.309,132.7200,100
53292309961745,14:48:12.309,132.7100,100
53304640109741,14:48:24.640,132.7300,1
53304640109741,14:48:24.640,132.7300,3
53319942183892,14:48:39.942,132.7600,100
53325683970082,14:48:45.683,132.7800,99
53325683980462,14:48:45.683,132.7800,1
53325683980462,14:48:45.683,132.7800,9
53325727811115,14:48:45.727,132.8000,10
53347076603860,14:49:07.076,132.8100,10
53359798992808,14:49:19.798,132.7600,100
53424741371149,14:50:24.741,132.7200,100
53441790082757,14:50:41.790,132.7000,74
53441790109748,14:50:41.790,132.7000,26
53441790109748,14:50:41.790,132.7000,24
53441790109748,14:50:41.790,132.7000,23
53441790140100,14:50:41.790,132.7000,77
