timestamp,time,price,volume
34200289843261,09:30:00.289,416.3500,23
34200289843261,09:30:00.289,416.3500,2
34200289843261,09:30:00.289,416.3500,5210
34200463643325,09:30:00.463,415.6300,30
34265757253299,09:31:05.757,418.0000,3
34266699343705,09:31:06.699,416.6200,21
34269107057390,09:31:09.107,416.4200,2
34300599621640,09:31:40.599,417.8400,2
34379358167514,09:32:59.358,417.5500,19
34379358173959,09:32:59.358,417.5500,2
34379358192254,09:32:59.358,417.5500,79
34379358192254,09:32:59.358,417.5500,2
34379358201151,09:32:59.358,417.5500,14
34379358222025,09:32:59.358,417.5900,1
34379358222025,09:32:59.358,417.5900,1
34379358222025,09:32:59.358,417.5900,1
34379358222025,09:32:59.358,417.5900,1
34381365990958,09:33:01.365,417.5500,14
34381366006546,09:33:01.366,417.5500,28
34381366065986,09:33:01.366,417.5500,10
34389555961095,09:33:09.555,417.5500,48
34389555961095,09:33:09.555,417.5500,52
34389556041359,09:33:09.556,417.5500,100
34389556067480,09:33:09.556,417.5500,42
34389556067480,09:33:09.556,417.5500,3
34389556067480,09:33:09.556,417.5500,52
34389556071314,09:33:09.556,417.5500,3
34398159238235,09:33:18.159,417.1600,2
34398159333791,09:33:18.159,417.1600,100
34398159661798,09:33:18.159,417.1500,600
34398159664728,09:33:18.159,417.1500,50
34398160139544,09:33:18.160,416.8800,51
34398160143806,09:33:18.160,416.8800,5
34401572657523,09:33:21.572,417.1900,100
34401572681820,09:33:21.572,417.1900,31
34428668409324,09:33:48.668,417.7300,47
34458159706024,09:34:18.159,416.5600,1
34458159706024,09:34:18.159,416.5100,2
34490279453344,09:34:50.279,417.2500,10
34490279453344,09:34:50.279,417.2900,78
34490279606498,09:34:50.279,417.2900,100
34490284504091,09:34:50.284,417.2900,100
34490297137841,09:34:50.297,416.9600,100
34490297137841,09:34:50.297,416.9100,60
34490297137841,09:34:50.297,416.8400,50
34490301033757,09:34:50.301,416.6100,60
34490301550741,09:34:50.301,416.8500,10
34490303677786,09:34:50.303,416.4200,60
34490304447813,09:34:50.304,416.5000,10
34490325652414,09:34:50.325,416.3800,100
34490325715974,09:34:50.325,416.3800,2
34490325715974,09:34:50.325,416.3800,1
34490326133867,09:34:50.326,416.3600,10
34490326133867,09:34:50.326,416.3800,100
34490326685429,09:34:50.326,416.6100,15
34491613580719,09:34:51.613,416.7300,100
34492684950161,09:34:52.684,417.1400,50
34492684950161,09:34:52.684,417.3500,100
34492684950161,09:34:52.684,417.9000,50
34500392719198,09:35:00.392,416.3500,56
34619768455968,09:36:59.768,417.4100,20
34654362096563,09:37:34.362,417.0000,144
34654362096563,09:37:34.362,416.9200,4
34654362096563,09:37:34.362,416.9200,100
34654362096563,09:37:34.362,416.9200,47
34654362175748,09:37:34.362,416.9100,19
34654362203785,09:37:34.362,416.9100,3
34654362627359,09:37:34.362,416.9000,100
34654362627359,09:37:34.362,416.9000,100
34654363141903,09:37:34.363,416.8800,2
34654363141903,09:37:34.363,416.8700,4
34654363150840,09:37:34.363,416.8700,1
34654387107880,09:37:34.387,416.8800,100
34654387107880,09:37:34.387,416.9200,300
34654387107880,09:37:34.387,416.9200,1000
34654387189554,09:37:34.387,416.7000,18
34654387330553,09:37:34.387,416.9200,18
34709436274457,09:38:29.436,416.6300,3
34718543018420,09:38:38.543,416.6500,4
34754804568734,09:39:14.804,416.8500,100
34760795638048,09:39:20.795,416.8600,14
34775939084763,09:39:35.939,416.9000,7
34838478149067,09:40:38.478,416.9200,12
34843268982219,09:40:43.268,417.5600,2
34843268982219,09:40:43.268,417.5600,2
34843268982219,09:40:43.268,417.5600,1
34843268982219,09:40:43.268,417.5600,1
34843268982219,09:40:43.268,417.5800,50
34843268982219,09:40:43.268,417.7000,33
34843269291014,09:40:43.269,417.5600,100
34854165846431,09:40:54.165,417.2400,5
34854165919398,09:40:54.165,417.1900,2
34854165930586,09:40:54.165,417.1900,100
34854165932148,09:40:54.165,417.1900,100
34854165958085,09:40:54.165,417.1900,98
34854165958085,09:40:54.165,417.1800,2
34854165959021,09:40:54.165,417.1800,10
34854165969299,09:40:54.165,417.1800,88
34873986927970,09:41:13.986,417.1700,100
34873986998691,09:41:13.986,417.1700,100
34873987056542,09:41:13.987,417.1700,100
34873987134970,09:41:13.987,417.1700,63
34889708091022,09:41:29.708,417.1800,100
34889708444462,09:41:29.708,417.1700,202
34889708444462,09:41:29.708,417.1700,71
34889708831756,09:41:29.708,417.1700,2
34889708886787,09:41:29.708,417.1700,27
34889708886787,09:41:29.708,417.1700,5
34889708955724,09:41:29.708,417.1200,3
34889708955724,09:41:29.708,417.1200,97
34889709404623,09:41:29.709,417.1200,3
34889709404623,09:41:29.709,417.0700,1
34890515380268,09:41:30.515,417.1700,100
34890515380268,09:41:30.515,417.1700,11
34923007891851,09:42:03.007,417.4100,50
34923007891851,09:42:03.007,417.5300,50
34976526484819,09:42:56.526,416.8600,99
34976527396233,09:42:56.527,416.8600,1
34976527448593,09:42:56.527,416.8500,100
34976528808647,09:42:56.528,416.6100,5
34976543725403,09:42:56.543,416.9700,20
34976543725403,09:42:56.543,416.9900,10
34976543725403,09:42:56.543,416.9900,100
34977032609471,09:42:57.032,416.6600,100
34977035923368,09:42:57.035,416.6100,10
34977035923368,09:42:57.035,416.6100,5
34977035923368,09:42:57.035,416.6100,85
34977040805800,09:42:57.040,416.6100,1
34977040894347,09:42:57.040,416.6100,14
34981532111780,09:43:01.532,416.4000,100
34981532420646,09:43:01.532,416.5500,30
34981532532646,09:43:01.532,416.4000,30
34981532824231,09:43:01.532,416.4000,10
34981532824231,09:43:01.532,416.4000,10
34981549061650,09:43:01.549,416.5500,10
34981549061650,09:43:01.549,416.7000,100
34990968332392,09:43:10.968,417.0000,100
34990969422843,09:43:10.969,417.0100,100
34990969447149,09:43:10.969,417.0100,7
34990969454048,09:43:10.969,417.0100,7
34990969480815,09:43:10.969,417.0100,7
34991028543556,09:43:11.028,417.0100,93
34991028543556,09:43:11.028,417.0100,7
34991028628226,09:43:11.028,417.0100,86
34991029719054,09:43:11.029,416.9000,30
34994762382476,09:43:14.762,416.9800,50
34994762382476,09:43:14.762,417.0000,100
34994762382476,09:43:14.762,417.0000,50
34998439768583,09:43:18.439,416.6200,3
35024886794147,09:43:44.886,416.3900,50
35024886794147,09:43:44.886,416.3000,50
35028948742371,09:43:48.948,416.3000,100
35042187271884,09:44:02.187,416.2500,100
35042187345441,09:44:02.187,416.2500,100
35042209161012,09:44:02.209,416.4400,60
35042209161012,09:44:02.209,416.4800,40
35043365089390,09:44:03.365,416.4300,60
35043365089390,09:44:03.365,416.6500,100
35043365089390,09:44:03.365,416.6500,50
35043365089390,09:44:03.365,416.7800,300
35043365089390,09:44:03.365,416.7900,100
35043365089390,09:44:03.365,416.7900,11
35043365089390,09:44:03.365,416.7900,56
35043365155829,09:44:03.365,416.7900,100
35043365261736,09:44:03.365,416.4500,30
35043365395305,09:44:03.365,416.4800,30
35043365558474,09:44:03.365,416.6700,10
35043365770602,09:44:03.365,416.8100,20
35043365775074,09:44:03.365,416.8100,20
35043365779812,09:44:03.365,416.8100,10
35043365795727,09:44:03.365,416.8100,50
35043372630445,09:44:03.372,416.8100,1
35043382115752,09:44:03.382,416.9800,1
35043382115752,09:44:03.382,416.9800,1
35047275411787,09:44:07.275,416.5300,60
35047275411787,09:44:07.275,416.4800,1
35047275411787,09:44:07.275,416.4800,40
35047275444940,09:44:07.275,416.4800,60
35047275529905,09:44:07.275,416.3300,100
35049769885688,09:44:09.769,416.0600,1
35049769885688,09:44:09.769,416.0600,99
35070576926407,09:44:30.576,416.0600,1
35070576926407,09:44:30.576,416.0600,99
35072899435499,09:44:32.899,416.0600,1
35072899435499,09:44:32.899,416.0600,1
35072899542229,09:44:32.899,416.0200,1
35072903049734,09:44:32.903,415.9400,2
35072921974204,09:44:32.921,415.9500,60
35072921974204,09:44:32.921,415.9900,40
35080092065500,09:44:40.092,415.5800,50
35080092065500,09:44:40.092,415.5300,48
35101412491312,09:45:01.412,415.9900,100
35101412515862,09:45:01.412,416.0200,50
35101412804483,09:45:01.412,416.0600,100
35114290581897,09:45:14.290,416.4500,60
35114290581897,09:45:14.290,416.4800,1
35114290581897,09:45:14.290,416.6000,39
35114290748383,09:45:14.290,416.1400,26
35128190804514,09:45:28.190,416.1400,100
35128191811285,09:45:28.191,416.1400,1
35128191811285,09:45:28.191,416.1400,99
35128191833150,09:45:28.191,416.1400,1
35128192413939,09:45:28.192,416.0300,100
35128192458188,09:45:28.192,415.9100,4
35128217328270,09:45:28.217,416.6100,100
35129181972054,09:45:29.181,416.6100,100
35129182048514,09:45:29.182,416.6200,2
35129182177366,09:45:29.182,416.3400,28
35140642498923,09:45:40.642,416.0700,11
35140642548533,09:45:40.642,416.0700,89
35147010053974,09:45:47.010,416.0400,55
35147108503433,09:45:47.108,416.0400,100
35147108503433,09:45:47.108,416.0400,100
35147182105390,09:45:47.182,416.0400,100
35147182105390,09:45:47.182,416.0400,300
35147184137261,09:45:47.184,416.0400,100
35147184137261,09:45:47.184,416.0500,97
35147184193347,09:45:47.184,416.0500,3
35147184193347,09:45:47.184,416.0500,28
35147184221934,09:45:47.184,416.0600,100
35152082988446,09:45:52.082,416.1300,1
35155304244159,09:45:55.304,416.1900,100
35155304244159,09:45:55.304,416.1900,10
35155304603172,09:45:55.304,416.1900,40
35162986758601,09:46:02.986,416.2000,2
35162986773439,09:46:02.986,416.2000,5
35185335825254,09:46:25.335,415.9500,12
35205554567503,09:46:45.554,415.5800,10
35210141631680,09:46:50.141,415.7000,10
35216413538626,09:46:56.413,415.8400,22
35231357685464,09:47:11.357,416.2000,60
35231357685464,09:47:11.357,416.3500,9
35232478842223,09:47:12.478,416.3500,1
35277283377959,09:47:57.283,415.8000,3
35304772441483,09:48:24.772,415.9200,1
35304772455337,09:48:24.772,415.9200,6
35305024406707,09:48:25.024,415.9300,1
35320509739756,09:48:40.509,415.6700,50
35320509896418,09:48:40.509,415.5300,100
35320509924085,09:48:40.509,415.5300,1
35320510041832,09:48:40.510,415.5300,30
35320510088377,09:48:40.510,415.5300,70
35320534122362,09:48:40.534,415.8100,50
35320534122362,09:48:40.534,415.8700,31
35320580466759,09:48:40.580,415.8700,19
35321507068171,09:48:41.507,415.4500,1
35321507870298,09:48:41.507,415.2800,37
35339926231739,09:48:59.926,415.5900,2
35339926239810,09:48:59.926,415.5900,5
35370893615632,09:49:30.893,415.8500,100
35370893615632,09:49:30.893,415.8500,10
35370893615632,09:49:30.893,415.8900,300
35370893615632,09:49:30.893,415.9000,100
35370893615632,09:49:30.893,415.9000,100
35370893615632,09:49:30.893,415.9000,1000
35370893655893,09:49:30.893,415.8500,60
35370893685941,09:49:30.893,415.9000,10
35370893697384,09:49:30.893,415.9000,30
35370894134097,09:49:30.894,415.9100,7
35370894144925,09:49:30.894,415.9100,13
35370894298623,09:49:30.894,415.9100,20
35370894326113,09:49:30.894,415.9100,11
35370894328963,09:49:30.894,415.9100,10
35370894485036,09:49:30.894,415.9100,29
35370894539557,09:49:30.894,416.0000,1
35370894539557,09:49:30.894,416.0000,1
35370894539557,09:49:30.894,416.0000,98
35370895520689,09:49:30.895,416.0000,2
35409140975665,09:50:09.140,416.0300,100
35409140978848,09:50:09.140,416.0400,100
35409141056845,09:50:09.141,415.9800,15
35409891530435,09:50:09.891,415.9200,60
35412497288161,09:50:12.497,415.6400,2
35427808414048,09:50:27.808,416.0000,2
35436390290110,09:50:36.390,415.7500,100
35436481391821,09:50:36.481,415.7400,100
35436481420151,09:50:36.481,415.7100,60
35436481491129,09:50:36.481,415.5900,2
35436481877986,09:50:36.481,415.5400,2
35436481882850,09:50:36.481,415.4700,1
35436481887987,09:50:36.481,415.4500,1
35450425713713,09:50:50.425,415.7300,4
35487012195969,09:51:27.012,415.7600,50
35487012195969,09:51:27.012,415.7250,50
35507750858497,09:51:47.750,416.0000,98
35507750858497,09:51:47.750,416.0400,2
35507763236151,09:51:47.763,416.1400,50
35507763265858,09:51:47.763,416.1500,100
35507763304090,09:51:47.763,416.1700,1
35507763304090,09:51:47.763,416.1700,1
35507763781606,09:51:47.763,416.2000,100
35507763822565,09:51:47.763,416.2000,100
35507763963172,09:51:47.763,416.2100,100
35514503210291,09:51:54.503,416.4800,8
35519956180225,09:51:59.956,416.4500,8
35519956269000,09:51:59.956,416.4500,100
35588270278592,09:53:08.270,415.9400,7
35588270360340,09:53:08.270,415.9200,60
35596415806995,09:53:16.415,415.7800,3
35605925424735,09:53:25.925,416.0500,6
35616861397413,09:53:36.861,416.1100,28
35622667130231,09:53:42.667,415.7800,2
35622667198924,09:53:42.667,415.7800,30
35622667254725,09:53:42.667,415.7800,70
35622667521341,09:53:42.667,415.7300,2
35622667540593,09:53:42.667,415.6800,1
35622667595186,09:53:42.667,415.7300,18
35622667790410,09:53:42.667,415.7300,70
35622667827209,09:53:42.667,415.7300,12
35622668024660,09:53:42.668,415.6300,96
35622668318602,09:53:42.668,415.6300,49
35622668342961,09:53:42.668,415.6300,11
35622685786655,09:53:42.685,415.7100,60
35636494035511,09:53:56.494,415.7400,8
35636514501226,09:53:56.514,415.8800,60
35636514501226,09:53:56.514,415.8900,100
35636514501226,09:53:56.514,415.9200,100
35656717427829,09:54:16.717,416.0300,1
35656717480081,09:54:16.717,416.0800,1
35656717480081,09:54:16.717,416.0800,1
35656717547532,09:54:16.717,416.0800,12
35656717551188,09:54:16.717,416.0900,100
35656717554498,09:54:16.717,416.0800,2
35656717581080,09:54:16.717,416.0800,86
35656717592556,09:54:16.717,416.1100,30
35656717617189,09:54:16.717,416.1100,70
35656717735825,09:54:16.717,416.1100,50
35656717772424,09:54:16.717,416.1100,50
35656717875920,09:54:16.717,416.1200,56
35663008774349,09:54:23.008,415.7800,100
35663011069460,09:54:23.011,415.7800,100
35663025247124,09:54:23.025,415.7800,100
35663033841110,09:54:23.033,415.7800,100
35663035904977,09:54:23.035,415.7700,100
35663035980721,09:54:23.035,415.7700,1
35665030051438,09:54:25.030,415.9800,100
35665030051438,09:54:25.030,415.9900,100
35665030167037,09:54:25.030,415.7200,10
35665031898071,09:54:25.031,415.9900,10
35714400652133,09:55:14.400,415.6800,22
35714400754289,09:55:14.400,415.8500,18
35714400819558,09:55:14.400,416.0200,23
35714988416103,09:55:14.988,415.7300,60
35719180069481,09:55:19.180,415.7500,50
35719180069481,09:55:19.180,415.8000,50
35721314808778,09:55:21.314,415.4000,100
35726677324357,09:55:26.677,415.3500,100
35726677324357,09:55:26.677,415.2900,2
35752510923103,09:55:52.510,415.3900,60
35752510923103,09:55:52.510,415.3600,30
35752510923103,09:55:52.510,415.3500,10
35766007153244,09:56:06.007,415.3500,100
35766009333122,09:56:06.009,415.4500,1
35766009418411,09:56:06.009,415.3400,100
35794439162499,09:56:34.439,415.5700,50
35794439162499,09:56:34.439,415.6800,60
35794439162499,09:56:34.439,415.6800,100
35794439162499,09:56:34.439,415.7200,100
35794439307201,09:56:34.439,415.4200,24
35794445734520,09:56:34.445,415.7200,100
35794446802341,09:56:34.446,415.7300,100
35794459415484,09:56:34.459,415.8000,100
35794459654507,09:56:34.459,415.9700,100
35794459700442,09:56:34.459,415.9350,100
35794495774717,09:56:34.495,416.1900,66
35794529180866,09:56:34.529,415.8800,20
35801085710484,09:56:41.085,415.8300,96
35830379828740,09:57:10.379,415.2400,46
35830379905309,09:57:10.379,415.2400,50
35830379929889,09:57:10.379,415.2400,50
35830405632797,09:57:10.405,415.5800,60
35830405632797,09:57:10.405,415.6000,50
35830405632797,09:57:10.405,415.6000,5
35830405632797,09:57:10.405,415.6200,100
35830405632797,09:57:10.405,415.6300,100
35834472875340,09:57:14.472,415.4500,100
35834472877054,09:57:14.472,415.3900,100
35834493509690,09:57:14.493,415.3900,100
35834506068676,09:57:14.506,415.7400,100
35834506122999,09:57:14.506,415.7400,3
35843432868488,09:57:23.432,415.6000,9
35843432881943,09:57:23.432,415.6000,1
35850250708032,09:57:30.250,415.6500,100
35850722585717,09:57:30.722,415.6500,6
35850722873749,09:57:30.722,415.4000,2
35877374237970,09:57:57.374,415.3000,1
35877374237970,09:57:57.374,415.3000,22
35877374263884,09:57:57.374,415.3000,1
35877861451491,09:57:57.861,415.5100,100
35877861507816,09:57:57.861,415.5100,100
35877861541148,09:57:57.861,415.5400,9
35881886376161,09:58:01.886,415.5100,3
35903212450366,09:58:23.212,415.5100,7
35918605061290,09:58:38.605,415.4000,2
35922399933534,09:58:42.399,415.5100,7
35932469137750,09:58:52.469,415.7300,66
35932469137750,09:58:52.469,415.7500,100
35932469137750,09:58:52.469,415.7500,1
35932469137750,09:58:52.469,415.7500,1
35932469285105,09:58:52.469,415.5000,10
35932469801118,09:58:52.469,415.7600,51
35935240168521,09:58:55.240,415.5000,30
35935240727575,09:58:55.240,415.5000,20
35944721543334,09:59:04.721,415.4800,9
35959660602538,09:59:19.660,415.7800,7
35959660891927,09:59:19.660,415.7800,54
35959661009785,09:59:19.661,415.7800,15
35959661212640,09:59:19.661,415.7800,2
35959661487722,09:59:19.661,416.0200,100
35959661526524,09:59:19.661,416.0300,2
35959661550517,09:59:19.661,416.0300,98
35959661610311,09:59:19.661,416.0600,10
35967315504184,09:59:27.315,415.7900,100
35967317419121,09:59:27.317,415.7900,22
35971542197601,09:59:31.542,415.7900,8
35992176291879,09:59:52.176,415.6200,25
35999061707892,09:59:59.061,416.0400,20
36014868838860,10:00:14.868,415.8800,2
36014868913483,10:00:14.868,415.8800,100
36014868937771,10:00:14.868,415.8800,9
36048533215092,10:00:48.533,416.2100,100
36048534463001,10:00:48.534,416.2300,100
36048534794558,10:00:48.534,416.3700,1
36067824181749,10:01:07.824,416.5400,13
36097036006874,10:01:37.036,416.4000,1
36097036055642,10:01:37.036,416.4000,1
36097036068828,10:01:37.036,416.4000,30
36097036292662,10:01:37.036,416.4000,10
36112398753731,10:01:52.398,416.5300,50
36112398753731,10:01:52.398,416.6000,30
36112398753731,10:01:52.398,416.6000,10
36112398753731,10:01:52.398,416.6200,10
36161109579048,10:02:41.109,416.0000,1
36161109702638,10:02:41.109,416.0000,1
36161110236636,10:02:41.110,416.0000,1
36163420110332,10:02:43.420,416.0000,100
36163420115810,10:02:43.420,416.0000,97
36163420115810,10:02:43.420,415.9900,9
36163420185968,10:02:43.420,415.9900,23
36163420185968,10:02:43.420,415.9800,83
36163420213298,10:02:43.420,415.9800,17
36163420213298,10:02:43.420,415.9800,4
36163420213298,10:02:43.420,415.9800,2
36163420625325,10:02:43.420,415.9800,12
36163571423268,10:02:43.571,415.6400,40
36166716689575,10:02:46.716,415.4300,100
36180726727946,10:03:00.726,415.5000,1
36186509558768,10:03:06.509,415.4700,1
36191065412991,10:03:11.065,415.2000,1
36230700887700,10:03:50.700,415.5200,20
36230701226922,10:03:50.701,415.5200,3
36230701280887,10:03:50.701,415.5200,36
36230727969653,10:03:50.727,415.5200,41
36230727969653,10:03:50.727,415.5200,43
36230727969653,10:03:50.727,415.7000,2
36230727969653,10:03:50.727,415.7800,1
36230727969653,10:03:50.727,415.7800,1
36230727969653,10:03:50.727,415.8200,22
36230727969653,10:03:50.727,415.8200,10
36230727969653,10:03:50.727,415.8500,100
36230727969653,10:03:50.727,415.8500,2
36230727969653,10:03:50.727,415.8500,100
36232140391603,10:03:52.140,415.6200,25
36233097481381,10:03:53.097,415.4400,2
36233340877498,10:03:53.340,415.2000,1
36251939762105,10:04:11.939,415.5100,100
36251939835905,10:04:11.939,415.5100,2
36251939969200,10:04:11.939,415.3500,25
36251940182632,10:04:11.940,415.5100,25
36251970313186,10:04:11.970,415.6200,50
36253069106098,10:04:13.069,415.2000,1
36253069388823,10:04:13.069,415.1900,1
36253393947476,10:04:13.393,415.0000,10
36253393947476,10:04:13.393,415.0000,30
36253393947476,10:04:13.393,415.0000,1
36253418711225,10:04:13.418,415.2000,60
36253418711225,10:04:13.418,415.2000,100
36253418711225,10:04:13.418,415.2200,40
36254805389637,10:04:14.805,415.0400,5
36256873369199,10:04:16.873,415.1400,50
36256873369199,10:04:16.873,415.1600,100
36257293941722,10:04:17.293,415.1500,21
36257293941722,10:04:17.293,415.1700,79
36257293972471,10:04:17.293,415.1700,21
36284031770606,10:04:44.031,415.1800,1
36284365584818,10:04:44.365,415.1800,1
36284377217575,10:04:44.377,415.1800,1
36284381162664,10:04:44.381,415.1800,1
36284395669445,10:04:44.395,415.1800,1
36284901188868,10:04:44.901,415.1800,1
36284907052086,10:04:44.907,415.1800,1
36289973829478,10:04:49.973,415.1800,43
36289973829478,10:04:49.973,415.0700,1
36289974406127,10:04:49.974,415.0700,26
36289974903698,10:04:49.974,415.0700,9
36289974907699,10:04:49.974,415.0700,1
36290004610121,10:04:50.004,415.1200,28
36290004610121,10:04:50.004,415.1700,100
36290004718119,10:04:50.004,415.0700,28
36290298718179,10:04:50.298,415.0700,10
36290298718179,10:04:50.298,415.0700,10
36301184356538,10:05:01.184,414.9100,100
36305689684780,10:05:05.689,414.8000,5
36305689763770,10:05:05.689,414.8000,25
36305689763770,10:05:05.689,414.7900,60
36305689763770,10:05:05.689,414.7900,116
36308136408445,10:05:08.136,414.7800,1
36308136408445,10:05:08.136,414.7800,100
36308144902716,10:05:08.144,414.6700,2
36311850448649,10:05:11.850,414.8500,100
36311851648207,10:05:11.851,414.8800,100
36337886596762,10:05:37.886,415.0200,20
36337886596762,10:05:37.886,415.0200,1
36337886596762,10:05:37.886,415.0200,1
36337886596762,10:05:37.886,415.0200,100
36337887142849,10:05:37.887,415.1700,50
36366941729191,10:06:06.941,414.6200,5
36366941737797,10:06:06.941,414.6200,5
36386159869724,10:06:26.159,414.5000,5
36386160695076,10:06:26.160,414.4900,5
36386161465762,10:06:26.161,414.4800,10
36386161519044,10:06:26.161,414.4700,10
36386162739062,10:06:26.162,414.4600,5
36400894550964,10:06:40.894,414.8500,2
36427188372688,10:07:07.188,414.8500,50
36427188372688,10:07:07.188,414.9500,60
36427188372688,10:07:07.188,414.9600,45
36427188372688,10:07:07.188,414.9600,15
36427188372688,10:07:07.188,414.9800,100
36427188372688,10:07:07.188,415.0000,100
36427188372688,10:07:07.188,415.0000,100
36427188372688,10:07:07.188,415.0000,100
36427188640274,10:07:07.188,414.9500,10
36452453516759,10:07:32.453,415.1700,100
36452453516759,10:07:32.453,415.1800,9
36452453516759,10:07:32.453,415.1800,1
36452453667014,10:07:32.453,414.9000,17
36483092102326,10:08:03.092,415.1000,3
36488434615997,10:08:08.434,415.1000,12
36488795466177,10:08:08.795,415.3100,100
36488795466177,10:08:08.795,415.3100,2
36488795693322,10:08:08.795,415.3300,100
36488803004936,10:08:08.803,415.5000,10
36488873524551,10:08:08.873,415.5500,20
36493032308756,10:08:13.032,415.4000,1
36493032550492,10:08:13.032,415.4000,2
36493246805948,10:08:13.246,415.4000,1
36509119959704,10:08:29.119,415.5500,100
36509119959704,10:08:29.119,415.5500,100
36509120091882,10:08:29.120,415.6000,10
36515968217675,10:08:35.968,415.7000,100
36515968217675,10:08:35.968,415.7000,100
36515968328939,10:08:35.968,415.6000,10
36516200869612,10:08:36.200,415.8000,1
36530620147457,10:08:50.620,415.7400,1
36583723891100,10:09:43.723,415.7100,100
36584374622713,10:09:44.374,415.7000,100
36584374622713,10:09:44.374,415.7000,3
36584374622713,10:09:44.374,415.7000,12
36591802652142,10:09:51.802,415.5100,4
36591802652142,10:09:51.802,415.5100,1
36591802652142,10:09:51.802,415.4900,50
36591802652142,10:09:51.802,415.4500,34
36615032454482,10:10:15.032,415.4900,2
36625384284936,10:10:25.384,415.7400,1
36647832664377,10:10:47.832,415.5800,50
36647832664377,10:10:47.832,415.5000,10
36647832664377,10:10:47.832,415.5000,40
36648066603314,10:10:48.066,415.4900,1
36648066603314,10:10:48.066,415.4900,100
36648066632624,10:10:48.066,415.4800,1
36655385688313,10:10:55.385,415.4100,1
36662499047455,10:11:02.499,415.7800,50
36662499047455,10:11:02.499,415.7900,1
36662499047455,10:11:02.499,415.7900,1
36662499047455,10:11:02.499,415.8400,9
36662499047455,10:11:02.499,415.9300,100
36662499047455,10:11:02.499,415.9300,100
36681234211931,10:11:21.234,415.9300,12
36709126559147,10:11:49.126,416.0500,100
36709126592978,10:11:49.126,416.0500,2
36709126592978,10:11:49.126,416.0500,25
36709126599055,10:11:49.126,416.0500,50
36709126619528,10:11:49.126,416.0500,25
36739798000670,10:12:19.798,416.3900,5
36760419735911,10:12:40.419,416.1400,50
36760419781268,10:12:40.419,416.1400,10
36760419795844,10:12:40.419,416.0600,12
36760419807015,10:12:40.419,416.1400,40
36760419819746,10:12:40.419,416.0500,12
36776173691072,10:12:56.173,415.9800,50
36776173691072,10:12:56.173,415.9100,51
36776174143337,10:12:56.174,415.9100,48
36776174143337,10:12:56.174,415.8700,53
36778269071012,10:12:58.269,415.8700,101
36778269150260,10:12:58.269,415.8700,101
36778269321971,10:12:58.269,415.8600,10
36778269347648,10:12:58.269,415.8600,90
36778269347648,10:12:58.269,415.8600,1
36778270290932,10:12:58.270,415.8400,2
36778271161128,10:12:58.271,415.8600,5
36778271161128,10:12:58.271,415.8400,95
36778558596665,10:12:58.558,415.7600,27
36789990794840,10:13:09.990,415.6200,1
36793298544105,10:13:13.298,415.8400,3
36793298677026,10:13:13.298,415.7300,10
36793298770321,10:13:13.298,415.8400,10
36794004383000,10:13:14.004,415.9400,100
36794004448232,10:13:14.004,415.9700,100
36840998589054,10:14:00.998,415.6200,3
36840999489775,10:14:00.999,415.4900,1
36840999489775,10:14:00.999,415.4900,21
36840999489775,10:14:00.999,415.4900,100
36841042806963,10:14:01.042,415.5900,50
36841042806963,10:14:01.042,415.7600,60
36841042806963,10:14:01.042,415.8000,90
36870792482084,10:14:30.792,415.3900,2
36870801171433,10:14:30.801,415.3900,2
36870801303725,10:14:30.801,415.3900,2
36882302737251,10:14:42.302,415.4600,2
36912960732913,10:15:12.960,415.5400,1
36912960732913,10:15:12.960,415.5400,1
36958711148415,10:15:58.711,415.0800,100
36958711148415,10:15:58.711,415.0800,100
36959457350453,10:15:59.457,415.3000,50
36959457350453,10:15:59.457,415.3600,100
36959457350453,10:15:59.457,415.3600,300
36959457350453,10:15:59.457,415.3700,100
36959457350453,10:15:59.457,415.3700,100
36959457411189,10:15:59.457,415.1900,28
36959457411189,10:15:59.457,415.0300,69
36959457853828,10:15:59.457,415.3700,28
36959458574502,10:15:59.458,415.3700,41
36967901334527,10:16:07.901,415.3600,12
36969236483683,10:16:09.236,415.6100,100
36969236634009,10:16:09.236,415.2600,29
36969264061242,10:16:09.264,415.6100,29
36969264061242,10:16:09.264,415.6200,71
36969264348744,10:16:09.264,415.6200,12
36969264367265,10:16:09.264,415.6200,9
36969264383907,10:16:09.264,415.6200,8
36969264383907,10:16:09.264,415.6200,1
36969264383907,10:16:09.264,415.6200,1
36969264383907,10:16:09.264,415.6200,2
36970221722195,10:16:10.221,416.0000,5
36970221723071,10:16:10.221,416.0000,42
36970221726451,10:16:10.221,416.0000,31
36976882184494,10:16:16.882,415.8200,15
37016732534074,10:16:56.732,415.8700,100
37016940700108,10:16:56.940,415.8400,100
37016940700108,10:16:56.940,415.8400,100
37016940700108,10:16:56.940,415.8400,1
37016941968067,10:16:56.941,415.7100,60
37016942035973,10:16:56.942,415.7700,30
37031217791178,10:17:11.217,415.5100,22
37031217791178,10:17:11.217,415.5000,50
37031217791178,10:17:11.217,415.4800,28
37031218254881,10:17:11.218,415.4800,25
37031218278986,10:17:11.218,415.4800,47
37060741412227,10:17:40.741,415.5000,10
37064543146036,10:17:44.543,415.4500,50
37064543146036,10:17:44.543,415.4100,30
37064543146036,10:17:44.543,415.3900,21
37064543244117,10:17:44.543,415.3900,4
37064543266232,10:17:44.543,415.3900,75
37064543266232,10:17:44.543,415.3900,1
37064544649341,10:17:44.544,415.3900,4
37089631022294,10:18:09.631,415.0400,3
37115902780638,10:18:35.902,415.0300,28
37173806649069,10:19:33.806,415.3300,52
37173806659497,10:19:33.806,415.3300,48
37173806716177,10:19:33.806,415.3700,3
37173811509184,10:19:33.811,415.3700,47
37173811548709,10:19:33.811,415.4100,1
37173811560790,10:19:33.811,415.4100,99
37178149800267,10:19:38.149,415.3700,1
37178149894136,10:19:38.149,415.3700,100
37178486458794,10:19:38.486,415.2400,2
37199354872136,10:19:59.354,415.4800,100
37199354949986,10:19:59.354,415.4800,2
37199355072574,10:19:59.355,415.4800,98
37228496190737,10:20:28.496,415.5900,100
37228496263260,10:20:28.496,415.6300,2
37247681589817,10:20:47.681,415.4500,42
37247681589817,10:20:47.681,415.3800,30
37247681589817,10:20:47.681,415.3800,28
37255160250906,10:20:55.160,415.3800,100
37255160250906,10:20:55.160,415.3700,1
37264822386138,10:21:04.822,415.5200,81
37267424473177,10:21:07.424,415.3700,103
37267424790946,10:21:07.424,415.3700,39
37267424935161,10:21:07.424,415.3700,19
37267424943691,10:21:07.424,415.3700,100
37267424982622,10:21:07.424,415.3700,13
37267425161212,10:21:07.425,415.3700,4
37267427868135,10:21:07.427,415.3600,100
37267427868135,10:21:07.427,415.3600,1
37267427868135,10:21:07.427,415.3600,2
37321164441102,10:22:01.164,415.5700,1
37321164441102,10:22:01.164,415.5700,1
37326241758509,10:22:06.241,415.6600,2
37330408233199,10:22:10.408,415.4200,60
37330408233199,10:22:10.408,415.4200,40
37330408314053,10:22:10.408,415.4200,102
37401468730932,10:23:21.468,415.7600,100
37401468778952,10:23:21.468,415.7700,8
37401468963159,10:23:21.468,415.7700,24
37401471587680,10:23:21.471,415.7200,20
37401471673998,10:23:21.471,415.6700,10
37401471673998,10:23:21.471,415.6600,6
37401471728199,10:23:21.471,415.6700,10
37401472215000,10:23:21.472,415.7200,2
37401485663552,10:23:21.485,415.7200,4
37401485663552,10:23:21.485,415.8100,100
37401510220656,10:23:21.510,416.2900,100
37401510220656,10:23:21.510,416.2900,100
37401527797268,10:23:21.527,416.4000,100
37401527797268,10:23:21.527,416.4400,46
37401699856879,10:23:21.699,415.9800,60
37401699856879,10:23:21.699,415.8100,40
37401700376550,10:23:21.700,415.8000,100
37403487664382,10:23:23.487,415.7800,10
37403501074427,10:23:23.501,415.7700,100
37403501140950,10:23:23.501,415.7700,12
37403501140950,10:23:23.501,415.7700,100
37430188101686,10:23:50.188,415.4500,100
37442894452485,10:24:02.894,415.4300,1
37442894473849,10:24:02.894,415.4000,6
37442894503135,10:24:02.894,415.4000,23
37442894532650,10:24:02.894,415.4000,21
37442895898529,10:24:02.895,415.4000,44
37442895898529,10:24:02.895,415.4000,56
37442895926100,10:24:02.895,415.4000,44
37442895926100,10:24:02.895,415.4000,100
37443102416635,10:24:03.102,415.2800,100
37447860338882,10:24:07.860,415.1700,97
37478831455161,10:24:38.831,415.2800,23
37479693509947,10:24:39.693,415.2500,100
37484124861592,10:24:44.124,415.1300,5
37484124885338,10:24:44.124,415.1300,5
37486694706589,10:24:46.694,415.1200,1
37487018799078,10:24:47.018,415.3400,2
37487018831342,10:24:47.018,415.3400,35
37487018849441,10:24:47.018,415.3400,6
37487018887784,10:24:47.018,415.3400,57
37550077113592,10:25:50.077,415.2800,2
37551111642770,10:25:51.111,415.3500,4
37551111718151,10:25:51.111,415.2800,102
37551112188625,10:25:51.112,415.3500,8
37551112216175,10:25:51.112,415.3500,92
37566231940528,10:26:06.231,415.3000,60
37566231940528,10:26:06.231,415.2900,40
37568668516487,10:26:08.668,415.2900,101
37574151904634,10:26:14.151,415.2800,1
37574151916481,10:26:14.151,415.2800,24
37574151923543,10:26:14.151,415.2800,12
37574151934094,10:26:14.151,415.2800,5
37574151960372,10:26:14.151,415.2800,102
37574152018835,10:26:14.152,415.2800,102
37574152057734,10:26:14.152,415.2700,2
37574152057734,10:26:14.152,415.2700,98
37574152088229,10:26:14.152,415.2700,2
37574182271834,10:26:14.182,415.1200,1
37574311587823,10:26:14.311,415.1200,99
37574311587823,10:26:14.311,415.1200,1
37574484757615,10:26:14.484,415.1100,1
37574484811676,10:26:14.484,415.1000,100
37574515651469,10:26:14.515,414.9500,100
37574545672218,10:26:14.545,414.9400,100
37574545749905,10:26:14.545,414.9300,30
37574545776314,10:26:14.545,414.9300,62
37588380115235,10:26:28.380,414.7500,5
37621646924836,10:27:01.646,414.9500,100
37621646930958,10:27:01.646,414.6300,1
37621647119978,10:27:01.647,414.6300,1
37621647193325,10:27:01.647,414.6300,1
37621677041105,10:27:01.677,414.6300,98
37621677041105,10:27:01.677,414.5900,3
37634557941562,10:27:14.557,414.9200,100
37654049870832,10:27:34.049,414.9300,100
37654049948745,10:27:34.049,414.5900,100
37654049948745,10:27:34.049,414.5800,1
37678013319727,10:27:58.013,414.6000,100
37678013354460,10:27:58.013,414.6000,1
37678013354460,10:27:58.013,414.5800,1
37698205956472,10:28:18.205,414.2500,100
37700025762758,10:28:20.025,414.4100,2
37700025762758,10:28:20.025,414.4300,11
37700027189854,10:28:20.027,414.4300,89
37700027189854,10:28:20.027,414.4300,2
37700027220376,10:28:20.027,414.4500,100
37700027655508,10:28:20.027,414.3800,15
37700559947644,10:28:20.559,414.3800,9
37701187286828,10:28:21.187,414.3100,2
37736861600897,10:28:56.861,414.5700,11
37740023640917,10:29:00.023,414.5700,89
37740023690549,10:29:00.023,414.5900,1
37740023690549,10:29:00.023,414.5900,1
37740023785236,10:29:00.023,414.4400,20
37740023869219,10:29:00.023,414.5900,2
37740023980961,10:29:00.023,414.5900,18
37765024848105,10:29:25.024,414.4600,101
37773105507982,10:29:33.105,414.6000,300
37773105583746,10:29:33.105,414.4600,210
37773105714094,10:29:33.105,414.4500,1
37773105714094,10:29:33.105,414.4500,1
37775069218923,10:29:35.069,414.4700,160
37775069224322,10:29:35.069,414.4700,140
37775069224322,10:29:35.069,414.4600,20
37775069271554,10:29:35.069,414.4600,40
37775069271554,10:29:35.069,414.4600,99
37775069271554,10:29:35.069,414.4600,1
37775069302431,10:29:35.069,414.4500,100
37775069345393,10:29:35.069,414.4200,9
37775069359612,10:29:35.069,414.4600,1
37790019060481,10:29:50.019,414.5100,13
37793128842582,10:29:53.128,414.1600,5
37839921745451,10:30:39.921,414.1200,60
37839921745451,10:30:39.921,414.1000,40
37851617882406,10:30:51.617,414.0900,1
37851617882406,10:30:51.617,414.0900,1
37851617882406,10:30:51.617,414.0800,1
37875483607449,10:31:15.483,414.2700,3
37895051794017,10:31:35.051,414.0300,2
37928126805718,10:32:08.126,414.0300,100
37946073538147,10:32:26.073,414.0300,100
37946073613567,10:32:26.073,414.0300,101
37946073903023,10:32:26.073,414.0200,1
37946073903023,10:32:26.073,414.0200,100
37946073951063,10:32:26.073,414.0000,1
37946074615675,10:32:26.074,414.0000,20
37946074841793,10:32:26.074,413.9800,12
37946078861660,10:32:26.078,413.9800,50
37947034799939,10:32:27.034,413.8300,1
37964004429875,10:32:44.004,413.8700,2
37964004447577,10:32:44.004,413.8700,2
37964004469877,10:32:44.004,413.8700,2
37965183086868,10:32:45.183,414.0200,34
37965183167300,10:32:45.183,413.8200,2
37968645076726,10:32:48.645,414.0800,25
37998007975586,10:33:18.007,413.7400,100
37998926648370,10:33:18.926,413.9100,2
38017478582057,10:33:37.478,413.8050,1
38039861833280,10:33:59.861,413.8100,30
38040311891396,10:34:00.311,413.7000,1
38041030736578,10:34:01.030,413.5000,50
38041031593009,10:34:01.031,413.5000,100
38041037513726,10:34:01.037,413.4200,1
38041205453717,10:34:01.205,413.4200,20
38090047973976,10:34:50.047,413.4900,12
38090048122789,10:34:50.048,413.4600,1
38090084030457,10:34:50.084,413.4300,1
38090175649826,10:34:50.175,413.4100,1
38112318953752,10:35:12.318,413.7000,100
38112318953752,10:35:12.318,413.7200,60
38112318953752,10:35:12.318,413.7400,3
38112319110714,10:35:12.319,413.5300,30
38112319968979,10:35:12.319,413.6400,15
38112319968979,10:35:12.319,413.6400,20
38121095696857,10:35:21.095,413.5550,13
38150707973587,10:35:50.707,413.5250,100
38150999072328,10:35:50.999,413.3700,100
38150999072328,10:35:50.999,413.3600,2
38154386853320,10:35:54.386,413.3600,18
38154386853320,10:35:54.386,413.3500,82
38154386888781,10:35:54.386,413.3500,18
38154386888781,10:35:54.386,413.3500,2
38154387397765,10:35:54.387,413.3400,2
38154387565697,10:35:54.387,413.3300,1
38154387565697,10:35:54.387,413.3200,1
38154410670124,10:35:54.410,413.3200,61
38154411038780,10:35:54.411,413.3000,6
38172159614581,10:36:12.159,413.0600,60
38172159614581,10:36:12.159,413.0400,30
38172159614581,10:36:12.159,413.0300,10
38183765862528,10:36:23.765,413.0600,2
38236501210926,10:37:16.501,413.4500,100
38236501210926,10:37:16.501,413.4700,2
38236501210926,10:37:16.501,413.4700,2
38236501210926,10:37:16.501,413.4700,100
38236501210926,10:37:16.501,413.4700,100
38236501210926,10:37:16.501,413.4700,80
38236501210926,10:37:16.501,413.4700,100
38236501210926,10:37:16.501,413.4700,100
38236502754459,10:37:16.502,413.6200,100
38236502782026,10:37:16.502,413.6200,100
38236502814899,10:37:16.502,413.6200,100
38265653298807,10:37:45.653,413.3600,1
38266078877537,10:37:46.078,413.2600,5
38266078957833,10:37:46.078,413.2600,5
38266422500274,10:37:46.422,413.2600,34
38266422500274,10:37:46.422,413.2500,66
38275414262178,10:37:55.414,413.0900,2
38275414818018,10:37:55.414,413.0700,100
38275414818018,10:37:55.414,413.0700,100
38275415323520,10:37:55.415,413.0000,1
38275415347477,10:37:55.415,413.0000,4
38275415477577,10:37:55.415,412.9500,34
38281035679853,10:38:01.035,413.1900,90
38281035679853,10:38:01.035,413.2000,10
38281035685773,10:38:01.035,413.2000,90
38281620228107,10:38:01.620,413.3500,100
38281620228107,10:38:01.620,413.5800,100
38287269106859,10:38:07.269,413.7200,47
38293003469246,10:38:13.003,413.6800,1
38294961538815,10:38:14.961,413.8600,100
38353150381691,10:39:13.150,414.0700,1
38353150389097,10:39:13.150,414.1300,2
38353150401981,10:39:13.150,414.1700,27
38353150436785,10:39:13.150,414.1700,36
38353151752115,10:39:13.151,414.1700,37
38353151752115,10:39:13.151,414.1700,1
38353151752115,10:39:13.151,414.1700,1
38394738651316,10:39:54.738,414.1900,1
38401533641741,10:40:01.533,414.1600,60
38401533641741,10:40:01.533,414.1600,40
38429800727849,10:40:29.800,414.2000,35
38429800727849,10:40:29.800,414.1600,165
38439227343241,10:40:39.227,414.1600,200
38447562907704,10:40:47.562,414.1600,1
38447562907704,10:40:47.562,414.1500,2
38447562907704,10:40:47.562,414.1500,100
38447562907704,10:40:47.562,414.1500,97
38447562940741,10:40:47.562,414.1500,3
38447562940741,10:40:47.562,414.1500,1
38469208727435,10:41:09.208,414.0400,60
38469208727435,10:41:09.208,414.0200,42
38473275942330,10:41:13.275,414.4200,60
38473275942330,10:41:13.275,414.4600,7
38477003733502,10:41:17.003,414.0200,2
38501884978324,10:41:41.884,414.4900,18
38502354524394,10:41:42.354,414.2700,100
38506417649579,10:41:46.417,414.2600,100
38506437665755,10:41:46.437,414.1600,2
38506437956743,10:41:46.437,414.1500,3
38581462974184,10:43:01.462,414.1300,1
38581463080507,10:43:01.463,414.1100,1
38581463270630,10:43:01.463,414.1100,1
38583004587236,10:43:03.004,414.1100,2
38591116202313,10:43:11.116,414.1400,1
38632767876356,10:43:52.767,414.4700,2
38632767948410,10:43:52.767,414.4900,100
38632767948410,10:43:52.767,414.4900,1
38632767948410,10:43:52.767,414.4900,1
38632768012602,10:43:52.768,414.4900,97
38632799403371,10:43:52.799,414.6400,100
38637589745186,10:43:57.589,414.6400,100
38681466567734,10:44:41.466,414.4700,1
38681466567734,10:44:41.466,414.4700,1
38681495152762,10:44:41.495,414.4100,100
38681495365949,10:44:41.495,414.4000,100
38729023627891,10:45:29.023,414.1800,2
38732544968183,10:45:32.544,414.1800,1
38732544968183,10:45:32.544,414.1800,1
38732545027969,10:45:32.545,414.1700,2
38732545120130,10:45:32.545,414.3000,10
38732545478045,10:45:32.545,414.1700,10
38741883114871,10:45:41.883,414.4200,1
38741884772676,10:45:41.884,414.5600,18
38741902024907,10:45:41.902,414.3500,15
38752830224633,10:45:52.830,414.2300,2
38760274334626,10:46:00.274,414.1600,1
38760420492915,10:46:00.420,414.0600,1
38768790032393,10:46:08.790,413.9000,1
38768829114816,10:46:08.829,413.9000,1
38769066534329,10:46:09.066,413.8900,1
38769066854404,10:46:09.066,413.8800,20
38769269055338,10:46:09.269,413.8500,62
38769269078882,10:46:09.269,413.9500,100
38784470398776,10:46:24.470,413.5900,1
38812192730009,10:46:52.192,413.8000,60
38812192730009,10:46:52.192,413.9100,1
38812192730009,10:46:52.192,413.9100,16
38812223745195,10:46:52.223,413.4400,1
38820194430092,10:47:00.194,413.8100,66
38831010679624,10:47:11.010,413.4000,62
38839303382607,10:47:19.303,413.6900,1
38852689013355,10:47:32.689,413.2900,1
38852689036620,10:47:32.689,413.4000,100
38855203736228,10:47:35.203,413.1800,2
38891602192678,10:48:11.602,413.1800,3
38904217753460,10:48:24.217,413.1100,6
38904217753460,10:48:24.217,413.1100,94
38904217782315,10:48:24.217,413.1100,6
38904217782315,10:48:24.217,413.1100,1
38904217782315,10:48:24.217,413.1100,100
38904217782315,10:48:24.217,413.1100,62
38904217782315,10:48:24.217,413.1100,42
38904217782315,10:48:24.217,413.1100,9
38904217852719,10:48:24.217,413.3000,314
38904220325633,10:48:24.220,413.1100,1
38904241142773,10:48:24.241,413.1900,10
38904241142773,10:48:24.241,413.1900,5
38904241142773,10:48:24.241,413.2300,10
38904241142773,10:48:24.241,413.2300,15
38904241142773,10:48:24.241,413.3600,11
38904241142773,10:48:24.241,413.4800,100
38922294344504,10:48:42.294,413.4700,100
38922294344504,10:48:42.294,413.4800,10
38922294344504,10:48:42.294,413.4800,60
38922294344504,10:48:42.294,413.4900,100
38922294344504,10:48:42.294,413.4900,1
38922294344504,10:48:42.294,413.4900,1
38922294344504,10:48:42.294,413.4900,100
38922294617547,10:48:42.294,413.5000,100
38922295416835,10:48:42.295,413.6400,10
38922295440965,10:48:42.295,413.6400,90
38954504800106,10:49:14.504,413.4900,3
39000727691749,10:50:00.727,413.4300,1
39000727691749,10:50:00.727,413.4200,10
39000727724243,10:50:00.727,413.4200,1
39000728140662,10:50:00.728,413.4100,1
39039833716493,10:50:39.833,413.4200,3
39042505305895,10:50:42.505,413.4200,19
39053002105064,10:50:53.002,413.6200,15
39055741608283,10:50:55.741,413.7900,100
39055741608283,10:50:55.741,413.7900,100
39055741877038,10:50:55.741,413.8200,100
39067001430632,10:51:07.001,413.5500,60
39067001430632,10:51:07.001,413.5200,30
39067024994601,10:51:07.024,413.8300,100
39154027888241,10:52:34.027,413.7800,2
39154084143605,10:52:34.084,413.7800,98
39155105410601,10:52:35.105,413.7500,2
39155105410601,10:52:35.105,413.7800,98
39155105456183,10:52:35.105,413.7800,2
39160862857006,10:52:40.862,413.5600,118
39160866333483,10:52:40.866,413.5500,100
39160866333483,10:52:40.866,413.5500,18
39179232999923,10:52:59.232,413.5400,53
39179233078676,10:52:59.233,413.5400,9
39188266039786,10:53:08.266,413.4000,100
39189993323338,10:53:09.993,413.3300,10
39189993421079,10:53:09.993,413.3300,90
39189993421079,10:53:09.993,413.3300,62
39190021274580,10:53:10.021,413.3900,15
39190021465358,10:53:10.021,413.4500,15
39190021953088,10:53:10.021,413.3500,10
39190033475546,10:53:10.033,413.2500,20
39191268405384,10:53:11.268,413.2000,100
39195007401528,10:53:15.007,413.0000,2
39195065287944,10:53:15.065,413.3900,60
39195065287944,10:53:15.065,413.4000,40
39195207425997,10:53:15.207,412.9800,60
39195207425997,10:53:15.207,412.9300,40
39204187819004,10:53:24.187,413.4000,5
39208252457541,10:53:28.252,413.1700,11
39208252457541,10:53:28.252,413.1700,20
39214636384239,10:53:34.636,413.0000,1
39214636947352,10:53:34.636,413.0000,10
39214663151349,10:53:34.663,413.3300,100
39214806555214,10:53:34.806,413.1400,100
39214806894036,10:53:34.806,413.0400,28
39215242285787,10:53:35.242,413.1400,25
39215242349761,10:53:35.242,413.1400,3
39215242349761,10:53:35.242,413.1400,10
39220627381853,10:53:40.627,413.0100,1
39222061172159,10:53:42.061,413.2000,20
39222061242113,10:53:42.061,413.2100,100
39224136307484,10:53:44.136,413.3100,1
39224164555487,10:53:44.164,413.4400,100
39225026048341,10:53:45.026,413.5400,100
39225026048341,10:53:45.026,413.5500,100
39225026048341,10:53:45.026,413.5500,100
39225026048341,10:53:45.026,413.5500,100
39237430757584,10:53:57.430,413.5600,100
39242318979767,10:54:02.318,413.5600,10
39247810144445,10:54:07.810,413.4300,100
39262341642431,10:54:22.341,413.3000,100
39262341642431,10:54:22.341,413.3000,1
39262341642431,10:54:22.341,413.3000,100
39262341794849,10:54:22.341,413.3500,10
39262341815380,10:54:22.341,413.3500,8
39262342157624,10:54:22.342,413.3000,10
39280809718412,10:54:40.809,413.2800,20
39280809723257,10:54:40.809,413.2800,6
39280809732134,10:54:40.809,413.2800,74
39280844910936,10:54:40.844,413.4900,1
39280844910936,10:54:40.844,413.4900,1
39280844910936,10:54:40.844,413.5600,90
39280844910936,10:54:40.844,413.6000,1
39280844910936,10:54:40.844,413.6000,1
39280844910936,10:54:40.844,413.6000,6
39299812734148,10:54:59.812,413.4600,100
39329814043524,10:55:29.814,413.3900,6
39329814069773,10:55:29.814,413.3900,94
39362449822754,10:56:02.449,413.2300,1
39362449822754,10:56:02.449,413.2200,2
39362449822754,10:56:02.449,413.2200,10
39362449822754,10:56:02.449,413.2100,1
39362449822754,10:56:02.449,413.1900,86
39363350092596,10:56:03.350,413.2050,300
39374666760549,10:56:14.666,413.0000,1
39374695518672,10:56:14.695,412.9600,21
39377252094523,10:56:17.252,413.1900,17
39377252118748,10:56:17.252,413.1900,83
39377282516563,10:56:17.282,413.0300,9
39391333791719,10:56:31.333,413.1400,24
39391333791719,10:56:31.333,412.9400,1
39391333791719,10:56:31.333,412.9400,76
39391402787368,10:56:31.402,412.9400,24
39399745534009,10:56:39.745,412.9300,3
39417438427593,10:56:57.438,412.9300,10
39421299274586,10:57:01.299,413.2100,12
39421299383109,10:57:01.299,413.2200,100
39421299789237,10:57:01.299,413.2800,1
39421299849275,10:57:01.299,413.2800,1
39423300910709,10:57:03.300,413.2900,1
39423335882672,10:57:03.335,413.0700,1
39423335907331,10:57:03.335,413.0700,1
39423335978121,10:57:03.335,413.2100,21
39426399080797,10:57:06.399,413.0800,21
39426399254773,10:57:06.399,413.0700,1
39426402762163,10:57:06.402,413.1800,10
39426659254791,10:57:06.659,413.0800,10
39435008179656,10:57:15.008,413.0500,10
39435008743863,10:57:15.008,413.0500,26
39435013680112,10:57:15.013,413.0500,26
39435013680112,10:57:15.013,413.0500,27
39467326245809,10:57:47.326,412.8400,1
39467326294550,10:57:47.326,412.8300,10
39467326355347,10:57:47.326,412.8300,10
39484021984743,10:58:04.021,412.7600,10
39484021990292,10:58:04.021,412.7600,7
39484021991688,10:58:04.021,412.7600,83
39510652699675,10:58:30.652,412.6400,1
39510652723685,10:58:30.652,412.6400,1
39510652776114,10:58:30.652,412.6300,1
39510652776114,10:58:30.652,412.6300,100
39510652776114,10:58:30.652,412.6300,48
39510652776114,10:58:30.652,412.6300,62
39536968447380,10:58:56.968,412.6300,2
39536971305592,10:58:56.971,412.5400,10
39537299769078,10:58:57.299,412.6300,10
39537299769078,10:58:57.299,412.6300,5
39537299769078,10:58:57.299,412.6300,5
39537299769078,10:58:57.299,412.7600,1
39537299769078,10:58:57.299,412.7600,1
39537299769078,10:58:57.299,412.7600,1
39543657684656,10:59:03.657,412.4500,1
39543678883878,10:59:03.678,412.4500,52
39548695593469,10:59:08.695,412.7600,60
39548695593469,10:59:08.695,412.7600,100
39548695593469,10:59:08.695,412.7700,100
39548695724297,10:59:08.695,412.6000,26
39548697374881,10:59:08.697,412.7700,26
39575026378946,10:59:35.026,412.7500,100
39575079467547,10:59:35.079,412.6900,15
39577104097067,10:59:37.104,412.8900,1
39577104097067,10:59:37.104,412.9200,100
39577104097067,10:59:37.104,412.9200,100
39577104097067,10:59:37.104,412.9200,100
39577104097067,10:59:37.104,412.9200,100
39577213371725,10:59:37.213,413.0200,100
39577213426649,10:59:37.213,413.0300,100
39583800730937,10:59:43.800,413.2400,10
39583800738663,10:59:43.800,413.2400,500
39583800777294,10:59:43.800,413.2400,490
39583801210960,10:59:43.801,413.2400,8
39583801210960,10:59:43.801,413.2400,2
39583837478333,10:59:43.837,413.3200,100
39583837518915,10:59:43.837,413.3300,10
39583837554288,10:59:43.837,413.3300,10
39583837566956,10:59:43.837,413.3300,80
39583837566956,10:59:43.837,413.3300,100
39585312606296,10:59:45.312,413.6200,2
39591027264381,10:59:51.027,413.5000,100
39591027348928,10:59:51.027,413.5000,100
39591027518296,10:59:51.027,413.4600,1
39591027547427,10:59:51.027,413.4600,9
39591144164586,10:59:51.144,413.4300,1
39592056164802,10:59:52.056,413.4000,9
39592056192797,10:59:52.056,413.4000,91
39595297274706,10:59:55.297,413.0000,30
39663390581324,11:01:03.390,413.3800,30
39663390581324,11:01:03.390,413.4000,5
39663390657155,11:01:03.390,413.4000,32
39663390777855,11:01:03.390,413.4000,12
39663390799045,11:01:03.390,413.4000,11
39663390985200,11:01:03.390,413.4000,2
39663391117663,11:01:03.391,413.4000,12
39663391177516,11:01:03.391,413.4000,13
39663393083581,11:01:03.393,413.4000,13
39663393083581,11:01:03.393,413.4000,87
39663394543428,11:01:03.394,413.4000,1
39663394669828,11:01:03.394,413.4000,2
39663394742539,11:01:03.394,413.4000,10
39663478873277,11:01:03.478,413.5500,100
39663478873277,11:01:03.478,413.7000,100
39663496668288,11:01:03.496,413.2800,1
39663505826046,11:01:03.505,413.2800,1
39663995564513,11:01:03.995,413.2300,1
39664067088207,11:01:04.067,413.2200,1
39664067088207,11:01:04.067,413.2200,5
39664540296498,11:01:04.540,413.4000,1
39666883463242,11:01:06.883,413.4100,1
39666883463242,11:01:06.883,413.4000,2
39666883463242,11:01:06.883,413.4000,4
39666883493497,11:01:06.883,413.4000,1
39666883493497,11:01:06.883,413.3500,1
39666883591715,11:01:06.883,413.3500,1
39697104084700,11:01:37.104,413.8300,100
39697104084700,11:01:37.104,413.8400,100
39697104084700,11:01:37.104,413.8500,100
39697104084700,11:01:37.104,413.8500,100
39697104084700,11:01:37.104,413.8500,100
39710005129676,11:01:50.005,413.5700,2
39724702483660,11:02:04.702,413.7900,20
39724702483660,11:02:04.702,413.8200,80
39724702679482,11:02:04.702,413.8200,20
39724702679482,11:02:04.702,413.8200,1
39724708001204,11:02:04.708,413.9000,100
39725704266346,11:02:05.704,413.6800,1
39726154367721,11:02:06.154,413.8200,100
39727156095142,11:02:07.156,413.8200,100
39757335972822,11:02:37.335,413.6300,1
39774072137010,11:02:54.072,413.7300,60
39774072137010,11:02:54.072,413.7400,300
39779577519103,11:02:59.577,413.5300,100
39789710239442,11:03:09.710,413.5200,8
39789710473729,11:03:09.710,413.5200,35
39789710498104,11:03:09.710,413.5200,57
39789710542541,11:03:09.710,413.5100,9
39789710560928,11:03:09.710,413.5100,10
39789710765235,11:03:09.710,413.5100,12
39789710937310,11:03:09.710,413.5100,44
39789711013542,11:03:09.711,413.5100,10
39795358934264,11:03:15.358,413.3900,62
39797692091186,11:03:17.692,413.6800,8
39797692091186,11:03:17.692,413.6800,5
39797692091186,11:03:17.692,413.6800,100
39797692091186,11:03:17.692,413.6900,100
39826681051663,11:03:46.681,413.6900,100
39826720481186,11:03:46.720,413.8400,100
39826720481186,11:03:46.720,413.8400,100
39826905628657,11:03:46.905,413.9700,2
39856239356946,11:04:16.239,413.9200,100
39856239358943,11:04:16.239,413.9200,19
39856239360560,11:04:16.239,413.9200,81
39895040886871,11:04:55.040,413.7800,1
39895040886871,11:04:55.040,413.7800,1
39895040916884,11:04:55.040,413.7800,8
39895040918174,11:04:55.040,413.7800,92
39895040918174,11:04:55.040,413.7700,8
39895040927899,11:04:55.040,413.7700,10
39895040943469,11:04:55.040,413.7700,82
39895041858721,11:04:55.041,413.7600,1
39895041903475,11:04:55.041,413.7100,100
39895041903475,11:04:55.041,413.7100,8
39895056151455,11:04:55.056,413.7100,12
39895115378918,11:04:55.115,413.8600,1
39895115378918,11:04:55.115,413.8600,2
39895241978730,11:04:55.241,413.8400,100
39895758570594,11:04:55.758,413.6500,2
39897049595006,11:04:57.049,413.8400,36
39897049608300,11:04:57.049,413.8400,12
39897049626839,11:04:57.049,413.8400,52
39897049626839,11:04:57.049,413.8400,5
39928299184489,11:05:28.299,414.1200,60
39928299184489,11:05:28.299,414.1300,5
39928299184489,11:05:28.299,414.1400,23
39934065001146,11:05:34.065,413.7700,60
39934065001146,11:05:34.065,413.7300,2
39975496288791,11:06:15.496,413.6300,3
40026912558989,11:07:06.912,413.6100,18
40026912558989,11:07:06.912,413.6100,1
40027014464745,11:07:07.014,413.5300,100
40039867775603,11:07:19.867,413.0200,2
40042639430035,11:07:22.639,413.5600,60
40042639430035,11:07:22.639,413.6000,100
40042639430035,11:07:22.639,413.6000,1
40042639430035,11:07:22.639,413.6000,1
40042639582042,11:07:22.639,413.3000,16
40051847573387,11:07:31.847,413.5800,100
40055668602983,11:07:35.668,413.5900,16
40055668602983,11:07:35.668,413.5900,5
40055668602983,11:07:35.668,413.6100,19
40056709634467,11:07:36.709,413.6100,5
40056709634467,11:07:36.709,413.7500,100
40056709634467,11:07:36.709,413.7500,100
40056709634467,11:07:36.709,413.7500,100
40056709634467,11:07:36.709,413.7500,100
40089459653204,11:08:09.459,413.9500,100
40089459653204,11:08:09.459,413.9500,5
40089459653204,11:08:09.459,413.9500,1
40089459653204,11:08:09.459,413.9500,100
40089459653204,11:08:09.459,413.9500,100
40112462642515,11:08:32.462,414.1000,8
40112462642515,11:08:32.462,414.1000,5
40143206397048,11:09:03.206,414.0500,1
40147025486554,11:09:07.025,413.8300,21
40147025486554,11:09:07.025,413.8100,30
40147025486554,11:09:07.025,413.8100,30
40147025486554,11:09:07.025,413.8000,3
40147025486554,11:09:07.025,413.8000,19
40160973220167,11:09:20.973,413.6400,100
40161151730784,11:09:21.151,413.8200,100
40161151730784,11:09:21.151,413.8200,5
40176630688898,11:09:36.630,413.6300,1
40176630688898,11:09:36.630,413.6300,1
40179294524526,11:09:39.294,413.8400,10
40179294524526,11:09:39.294,413.8500,90
40212160896896,11:10:12.160,413.7900,15
40219057268222,11:10:19.057,413.6600,100
40220058979256,11:10:20.058,413.6600,100
40225667786600,11:10:25.667,413.7900,85
40225667786600,11:10:25.667,413.7900,1
40225667786600,11:10:25.667,413.7900,14
40225667844202,11:10:25.667,413.7900,86
40225670777609,11:10:25.670,413.8500,10
40225896817617,11:10:25.896,413.7000,2
40225899735532,11:10:25.899,413.7100,100
40226150821362,11:10:26.150,413.7000,1
40226150821362,11:10:26.150,413.7000,5
40226351498971,11:10:26.351,413.7000,100
40226669936649,11:10:26.669,413.6900,100
40226669936649,11:10:26.669,413.6900,1
40226707436156,11:10:26.707,413.7800,100
40226707436156,11:10:26.707,413.7900,100
40226707503995,11:10:26.707,413.7400,27
40226707503995,11:10:26.707,413.6900,73
40226707753242,11:10:26.707,413.7900,27
40241874885517,11:10:41.874,413.5800,3
40257888818090,11:10:57.888,413.5500,1
40257888818090,11:10:57.888,413.5500,5
40258692837747,11:10:58.692,413.5000,1
40258692837747,11:10:58.692,413.5000,3
40268380548951,11:11:08.380,413.7400,100
40268380548951,11:11:08.380,413.7400,60
40268380548951,11:11:08.380,413.7500,100
40268380548951,11:11:08.380,413.7500,100
40268380548951,11:11:08.380,413.7500,100
40268380625933,11:11:08.380,413.6200,5
40277020896633,11:11:17.020,413.5000,5
40281105297037,11:11:21.105,413.4500,23
40281105297037,11:11:21.105,413.4500,5
40283244068758,11:11:23.244,413.4800,22
40283244085347,11:11:23.244,413.4800,60
40283244140666,11:11:23.244,413.4800,18
40283244140666,11:11:23.244,413.4800,5
40315397370253,11:11:55.397,413.3400,21
40317244349163,11:11:57.244,413.4600,10
40317244573651,11:11:57.244,413.4600,12
40317246209416,11:11:57.246,413.4600,3
40317817007862,11:11:57.817,413.4600,1
40317817066549,11:11:57.817,413.4600,74
40331016511153,11:12:11.016,413.4000,3
40338064753488,11:12:18.064,413.4600,3
40338064780317,11:12:18.064,413.4600,97
40338065903137,11:12:18.065,413.4200,25
40338065903137,11:12:18.065,413.3800,1
40338065903137,11:12:18.065,413.3800,75
40338065954390,11:12:18.065,413.4200,9
40338065975277,11:12:18.065,413.4200,10
40338065979920,11:12:18.065,413.4200,8
40338066070945,11:12:18.066,413.4600,25
40338066286921,11:12:18.066,413.3800,25
40352419436641,11:12:32.419,413.3400,60
40352419436641,11:12:32.419,413.3300,1
40352419436641,11:12:32.419,413.3300,5
40352419436641,11:12:32.419,413.3200,34
40352420046363,11:12:32.420,413.3200,66
40352420046363,11:12:32.420,413.3200,1
40352428739294,11:12:32.428,413.2500,100
40352470421607,11:12:32.470,413.5300,60
40352470421607,11:12:32.470,413.6500,40
40353865292403,11:12:33.865,413.4100,17
40355461905199,11:12:35.461,413.4100,25
40373741947748,11:12:53.741,413.2400,23
40373742592342,11:12:53.742,413.2400,10
40373743191309,11:12:53.743,413.2400,67
40373743191309,11:12:53.743,413.2400,100
40374605729272,11:12:54.605,413.0600,1
40385258165232,11:13:05.258,413.1300,1
40385258165232,11:13:05.258,413.4100,58
40385258165232,11:13:05.258,413.4100,100
40385258165232,11:13:05.258,413.4100,100
40385258165232,11:13:05.258,413.4100,100
40385274346845,11:13:05.274,413.4900,32
40386604185294,11:13:06.604,413.1600,14
40386604830104,11:13:06.604,413.1400,1
40411938332631,11:13:31.938,413.1400,5
40413573430041,11:13:33.573,413.1900,2
40438283153641,11:13:58.283,412.9700,1
40438283153641,11:13:58.283,412.9700,2
40448870988725,11:14:08.870,412.9800,2
40448871014593,11:14:08.871,412.9800,98
40448871021081,11:14:08.871,412.9800,75
40448871021081,11:14:08.871,412.9800,6
40448871021081,11:14:08.871,412.9800,10
40448871021081,11:14:08.871,412.9800,9
40448871027644,11:14:08.871,412.9800,22
40448871057290,11:14:08.871,412.9700,5
40448871079952,11:14:08.871,412.9800,22
40448901666867,11:14:08.901,412.8800,4
40468871993357,11:14:28.871,412.9300,1
40468872003474,11:14:28.872,412.9300,99
40473722381697,11:14:33.722,413.1400,8
40492109238735,11:14:52.109,413.0000,10
40492109238735,11:14:52.109,413.0000,5
40496907841429,11:14:56.907,412.8800,1
40520105348423,11:15:20.105,412.8800,3
40526511981108,11:15:26.511,412.9200,15
40541876907060,11:15:41.876,413.0100,100
40541881976343,11:15:41.881,413.0100,5
40541882063029,11:15:41.882,413.0100,5
40556019451902,11:15:56.019,413.2100,1
40556019451902,11:15:56.019,413.2100,1
40556019581662,11:15:56.019,413.2100,98
40556019610424,11:15:56.019,413.2100,10
40568036084658,11:16:08.036,413.3000,100
40568036084658,11:16:08.036,413.3100,11
40568036084658,11:16:08.036,413.3100,9
40568036084658,11:16:08.036,413.3100,60
40568036084658,11:16:08.036,413.3200,13
40568036175938,11:16:08.036,413.3200,87
40568036175938,11:16:08.036,413.3200,2
40568036175938,11:16:08.036,413.3200,2
40568036175938,11:16:08.036,413.3200,100
40568036175938,11:16:08.036,413.3200,1
40568093796014,11:16:08.093,413.3200,100
40585874945818,11:16:25.874,413.3400,1
40585875275824,11:16:25.875,413.4900,15
40611967924159,11:16:51.967,413.4900,100
40654878932604,11:17:34.878,413.6400,100
40654878932604,11:17:34.878,413.6400,100
40654879061131,11:17:34.879,413.5600,10
40654879235974,11:17:34.879,413.6400,6
40654879260169,11:17:34.879,413.6400,4
40655277993697,11:17:35.277,413.5600,100
40655277993697,11:17:35.277,413.5600,3
40683631528238,11:18:03.631,413.5100,2
40691142807780,11:18:11.142,413.4900,15
40695257026233,11:18:15.257,413.5600,2
40695370845000,11:18:15.370,413.6300,60
40697687349185,11:18:17.687,413.4400,1
40697687403387,11:18:17.687,413.4400,103
40697688630722,11:18:17.688,413.4300,3
40697688630722,11:18:17.688,413.4300,95
40697688656976,11:18:17.688,413.4300,5
40697688763035,11:18:17.688,413.4200,1
40708967792422,11:18:28.967,413.4800,100
40723804565755,11:18:43.804,413.4400,82
40724144392110,11:18:44.144,413.2700,60
40735005009726,11:18:55.005,413.4300,2
40737699639028,11:18:57.699,413.3300,100
40737699639028,11:18:57.699,413.3300,1
40737699669649,11:18:57.699,413.3300,99
40758485852389,11:19:18.485,413.3300,100
40764092290955,11:19:24.092,413.4500,100
40764092290955,11:19:24.092,413.4700,60
40764092290955,11:19:24.092,413.4800,5
40764092467011,11:19:24.092,413.4800,100
40764092467011,11:19:24.092,413.4900,100
40764092467011,11:19:24.092,413.4900,1
40764092495008,11:19:24.092,413.4900,99
40764092495008,11:19:24.092,413.4900,1
40772091186165,11:19:32.091,413.4100,4
40772091187575,11:19:32.091,413.4100,83
40772091201940,11:19:32.091,413.4100,13
40777991819927,11:19:37.991,413.4100,1
40799956029963,11:19:59.956,413.4100,1
40823266356815,11:20:23.266,413.4700,1
40851595908423,11:20:51.595,413.5000,20
40851595908423,11:20:51.595,413.5000,5
40851596049163,11:20:51.596,413.4900,10
40851596515285,11:20:51.596,413.5000,5
40851596520017,11:20:51.596,413.4900,15
40851596550513,11:20:51.596,413.4900,15
40851619505717,11:20:51.619,413.4200,5
40851732262153,11:20:51.732,413.4700,15
40851832271628,11:20:51.832,413.3700,202
40862079868737,11:21:02.079,413.4500,100
40866236181872,11:21:06.236,413.3600,2
40866236181872,11:21:06.236,413.3600,100
40871044511669,11:21:11.044,413.3600,1
40871045013541,11:21:11.045,413.3600,99
40871045013541,11:21:11.045,413.2400,1
40871045013541,11:21:11.045,413.2300,21
40871045013541,11:21:11.045,413.1000,300
40881091660894,11:21:21.091,413.2200,100
40895122468788,11:21:35.122,413.0900,100
40917096816230,11:21:57.096,413.1300,3
40917096818645,11:21:57.096,413.1300,10
40917096832635,11:21:57.096,413.1300,67
40926951523438,11:22:06.951,413.2900,5
40942098082523,11:22:22.098,413.0900,100
40942098106996,11:22:22.098,413.0900,1
40942098127424,11:22:22.098,413.0900,2
40942098144403,11:22:22.098,413.0900,98
40942098193246,11:22:22.098,413.0800,1
40942115749327,11:22:22.115,413.1200,19
40942115749327,11:22:22.115,413.1400,100
40942115749327,11:22:22.115,413.1500,81
40942115852070,11:22:22.115,413.0800,19
40942116029252,11:22:22.116,413.1500,19
40974668153649,11:22:54.668,413.4300,60
40986211900433,11:23:06.211,413.1900,1
40992099515137,11:23:12.099,413.2900,100
40992827106562,11:23:12.827,413.0200,2
40992827700698,11:23:12.827,413.0200,2
40992914555179,11:23:12.914,413.1600,7
40992914582661,11:23:12.914,413.1600,7
40992968343902,11:23:12.968,413.2900,100
40992968343902,11:23:12.968,413.3000,74
40992968369791,11:23:12.968,413.3000,26
41000207757531,11:23:20.207,413.4400,100
41000207781629,11:23:20.207,413.4400,5
41000207852910,11:23:20.207,413.4400,34
41001103543724,11:23:21.103,413.4400,59
41001103543724,11:23:21.103,413.4400,41
41011125945795,11:23:31.125,413.4400,24
41011127162990,11:23:31.127,413.4400,10
41023699249069,11:23:43.699,413.4600,100
41041274427027,11:24:01.274,413.4600,1
41047364448049,11:24:07.364,413.4600,24
41047399130452,11:24:07.399,413.3200,1
41049213794370,11:24:09.213,413.3200,100
41051711954857,11:24:11.711,413.3100,100
41069224086818,11:24:29.224,413.0600,5
41069224100516,11:24:29.224,413.0600,5
41070566063492,11:24:30.566,413.1600,11
41086034008005,11:24:46.034,413.0600,58
41120461067679,11:25:20.461,413.1000,5
41134122334374,11:25:34.122,413.2900,2
41155177825589,11:25:55.177,413.0300,5
41167520661798,11:26:07.520,413.2800,16
41173519228772,11:26:13.519,413.0300,5
41224489164486,11:27:04.489,413.0300,2
41224489236321,11:27:04.489,413.0300,5
41258412960593,11:27:38.412,413.0500,8
41258493190813,11:27:38.493,413.3000,1
41258493190813,11:27:38.493,413.3000,1
41258493190813,11:27:38.493,413.3000,80
41258493190813,11:27:38.493,413.3000,15
41258493190813,11:27:38.493,413.3000,2
41258493190813,11:27:38.493,413.3000,1
41258493228621,11:27:38.493,413.3000,1
41258493228621,11:27:38.493,413.3000,1
41258576247007,11:27:38.576,413.3000,5
41260421433938,11:27:40.421,413.2200,48
41262959445899,11:27:42.959,413.4500,100
41262959470891,11:27:42.959,413.4500,100
41262960022536,11:27:42.960,413.5400,12
41262960024507,11:27:42.960,413.5400,7
41269699892306,11:27:49.699,413.3400,100
41269699933584,11:27:49.699,413.3400,3
41269699933584,11:27:49.699,413.3400,19
41269699947474,11:27:49.699,413.3400,81
41294760909218,11:28:14.760,413.2300,1
41326031584664,11:28:46.031,413.2700,1
41331079222294,11:28:51.079,413.0500,75
41331079222294,11:28:51.079,413.0100,25
41332793759353,11:28:52.793,413.0100,100
41332793759353,11:28:52.793,413.0000,100
41332793759353,11:28:52.793,413.0000,1
41332793759353,11:28:52.793,413.0000,2
41332793792312,11:28:52.793,413.0000,100
41332794025088,11:28:52.794,412.9900,1
41333017068038,11:28:53.017,413.1300,60
41333017068038,11:28:53.017,413.1600,100
41339168402078,11:28:59.168,413.2700,100
41339168445118,11:28:59.168,413.2700,1
41339168445118,11:28:59.168,413.2700,59
41340227419451,11:29:00.227,413.2700,41
41381552199826,11:29:41.552,413.1600,9
41381552263992,11:29:41.552,413.1600,1
41381552420432,11:29:41.552,413.1600,3
41426498983574,11:30:26.498,413.2300,12
41437010327031,11:30:37.010,413.0300,100
41442068350062,11:30:42.068,412.9100,100
41485800226250,11:31:25.800,413.2600,1
41593253669352,11:33:13.253,413.1700,2
41713047349711,11:35:13.047,413.4100,1
41713047430166,11:35:13.047,413.4100,4
41769275737600,11:36:09.275,413.5400,100
41773213354989,11:36:13.213,413.5600,100
41774301211359,11:36:14.301,413.5700,100
41778043839813,11:36:18.043,413.5700,5
41778043839813,11:36:18.043,413.5700,1
41839674960329,11:37:19.674,413.5600,60
41839674960329,11:37:19.674,413.5800,5
41839674960329,11:37:19.674,413.5900,35
41879544682837,11:37:59.544,413.2400,100
41880419393576,11:38:00.419,413.2400,2
41883597283848,11:38:03.597,413.4900,60
41883597283848,11:38:03.597,413.5000,40
41885651222877,11:38:05.651,413.2400,5
41885892998911,11:38:05.892,413.2400,2
41889292780036,11:38:09.292,413.2400,91
41889292780036,11:38:09.292,413.2400,9
41889292867350,11:38:09.292,413.2400,2
41893895793616,11:38:13.895,413.2400,2
41897818714444,11:38:17.818,413.2400,87
41897818714444,11:38:17.818,413.2300,1
41897818714444,11:38:17.818,413.2300,1
41897818714444,11:38:17.818,413.2300,11
41897848844743,11:38:17.848,413.2200,100
41897848844743,11:38:17.848,413.2200,100
41897848890452,11:38:17.848,413.2100,2
41897849437276,11:38:17.849,413.2100,1
41907230429012,11:38:27.230,413.2100,100
41909358651370,11:38:29.358,413.2100,38
41909358689668,11:38:29.358,413.2100,12
41909359672759,11:38:29.359,413.2100,9
41917085650520,11:38:37.085,413.2100,100
41917085729228,11:38:37.085,413.2100,41
41917085729228,11:38:37.085,413.2000,59
41917085755594,11:38:37.085,413.2000,41
41918720716108,11:38:38.720,413.2800,100
41933295491496,11:38:53.295,413.1100,10
41966288319976,11:39:26.288,413.4300,1
41966289393422,11:39:26.289,413.4400,2
41966289393422,11:39:26.289,413.4400,2
41974392420087,11:39:34.392,413.5100,100
41974392451340,11:39:34.392,413.5800,100
41974394018564,11:39:34.394,413.5800,100
41974394079692,11:39:34.394,413.5800,100
41974394079692,11:39:34.394,413.5800,100
41974394245278,11:39:34.394,413.6100,34
41974394276273,11:39:34.394,413.6100,66
41974394276273,11:39:34.394,413.6100,100
41975308295626,11:39:35.308,413.7700,100
41975308356863,11:39:35.308,413.8300,100
41975308356863,11:39:35.308,413.8300,100
41975308356863,11:39:35.308,413.8300,5
41975308381845,11:39:35.308,413.8200,100
42071286441712,11:41:11.286,413.7900,5
42071286441712,11:41:11.286,413.7900,1
42089007715120,11:41:29.007,413.7500,100
42089739612033,11:41:29.739,413.7400,1
42089739612033,11:41:29.739,413.7400,100
42163016957097,11:42:43.016,413.9900,5
42197318137082,11:43:17.318,414.1400,3
42197318155680,11:43:17.318,414.1400,2
42208167911036,11:43:28.167,413.9400,10
42227000318516,11:43:47.000,414.2400,1
42227000318516,11:43:47.000,414.2400,5
42232114376822,11:43:52.114,414.2800,100
42232114376822,11:43:52.114,414.2800,5
42232114424822,11:43:52.114,414.2800,95
42232114424822,11:43:52.114,414.2900,10
42232114449655,11:43:52.114,414.2900,90
42232114449655,11:43:52.114,414.2900,5
42237093992164,11:43:57.093,414.1300,100
42266658605697,11:44:26.658,414.0100,64
42308515943676,11:45:08.515,414.0800,60
42308515943676,11:45:08.515,414.0800,100
42323366237205,11:45:23.366,414.3900,10
42323366237205,11:45:23.366,414.4000,2
42323366265098,11:45:23.366,414.4000,98
42323366787648,11:45:23.366,414.4100,1
42323366787648,11:45:23.366,414.4100,1
42324385547895,11:45:24.385,414.4800,100
42324385547895,11:45:24.385,414.4800,1
42324395433851,11:45:24.395,414.5500,100
42324395532682,11:45:24.395,414.5500,100
42324426998603,11:45:24.426,414.6100,81
42324427224441,11:45:24.427,414.6500,8
42324427249991,11:45:24.427,414.6500,92
42331726213091,11:45:31.726,414.8400,5
42379672402051,11:46:19.672,415.0000,1
42379672402051,11:46:19.672,415.0000,5
42379672872461,11:46:19.672,415.1300,1
42389320520841,11:46:29.320,414.8700,6
42389321877889,11:46:29.321,414.8700,94
42389321918981,11:46:29.321,414.8600,12
42389321961765,11:46:29.321,414.9500,10
42389322504090,11:46:29.322,414.8700,10
42389333173217,11:46:29.333,414.8600,88
42389333173217,11:46:29.333,414.8600,100
42412280799730,11:46:52.280,415.1400,20
42415013737518,11:46:55.013,414.8000,19
42432866618903,11:47:12.866,415.1500,5
42432866618903,11:47:12.866,415.1500,95
42463596278521,11:47:43.596,415.1900,5
42496461809488,11:48:16.461,414.9900,2
42507957224993,11:48:27.957,415.0000,10
42507957224993,11:48:27.957,414.9800,90
42507957257722,11:48:27.957,414.9800,10
42509673126677,11:48:29.673,414.8400,1
42619798420743,11:50:19.798,415.1200,10
42619798593815,11:50:19.798,415.1200,10
42619798593815,11:50:19.798,415.1500,5
42619798593815,11:50:19.798,415.1500,7
42620357891485,11:50:20.357,415.1500,100
42620357916905,11:50:20.357,415.1500,1
42620357916905,11:50:20.357,415.1500,1
42620357916905,11:50:20.357,415.1500,1
42620357916905,11:50:20.357,415.1500,5
42713031929653,11:51:53.031,415.0600,1
42796714671212,11:53:16.714,414.8500,1
42849740227961,11:54:09.740,415.2700,20
42898699058983,11:54:58.699,415.0000,10
42915050326569,11:55:15.050,415.1200,1
42915082185026,11:55:15.082,414.9600,5
42915082185026,11:55:15.082,414.9400,10
43016763877706,11:56:56.763,414.9600,100
43030001349824,11:57:10.001,414.9600,100
43030001349824,11:57:10.001,414.9600,5
43032064215748,11:57:12.064,414.9500,100
43032064215748,11:57:12.064,414.9500,75
43032064215748,11:57:12.064,414.9500,5
43032064248286,11:57:12.064,414.9400,1
43032064248286,11:57:12.064,414.9400,1
43032064248286,11:57:12.064,414.9400,100
43054016934621,11:57:34.016,414.7300,5
43069715267501,11:57:49.715,414.9000,15
43074422058726,11:57:54.422,414.7200,8
43074422064315,11:57:54.422,414.7200,8
43077422048837,11:57:57.422,414.7200,43
43077422048837,11:57:57.422,414.7100,8
43077422048837,11:57:57.422,414.7100,5
43077422048837,11:57:57.422,414.7000,44
43077422142203,11:57:57.422,414.7000,56
43078167784661,11:57:58.167,414.6600,23
43078167784661,11:57:58.167,414.6600,5
43084581638303,11:58:04.581,414.4800,2
43084581664791,11:58:04.581,414.4800,98
43084581664791,11:58:04.581,414.4800,5
43093275179825,11:58:13.275,414.2100,25
43096850934261,11:58:16.850,414.4900,1
43096850934261,11:58:16.850,414.5200,30
43096850934261,11:58:16.850,414.5300,100
43096851641371,11:58:16.851,414.5800,100
43096851641371,11:58:16.851,414.5800,100
43096851669278,11:58:16.851,414.5300,100
43096853235366,11:58:16.853,414.5300,100
43100797089801,11:58:20.797,414.6150,100
43107281187924,11:58:27.281,414.7000,100
43110513949541,11:58:30.513,414.7000,2
43314033133513,12:01:54.033,414.9200,1
43314033776083,12:01:54.033,414.8800,5
43356345992495,12:02:36.345,415.0500,10
43356345992495,12:02:36.345,415.0600,2
43356345992495,12:02:36.345,415.0600,91
43356346030301,12:02:36.346,415.0600,9
43356346030301,12:02:36.346,415.0600,1
43356346277337,12:02:36.346,415.0700,1
43356346277337,12:02:36.346,415.0700,1
43356668504287,12:02:36.668,415.2000,100
43356668915895,12:02:36.668,415.2100,100
43417456767922,12:03:37.456,415.2100,1
43417943673345,12:03:37.943,414.9500,66
43419669844030,12:03:39.669,414.9500,34
43419669844030,12:03:39.669,414.9500,3
43419670323573,12:03:39.670,414.9400,100
43419670361494,12:03:39.670,414.9400,1
43419972156517,12:03:39.972,414.8400,1
43420002241462,12:03:40.002,414.8300,1
43420002241462,12:03:40.002,414.8300,5
43421947751786,12:03:41.947,415.1300,28
43422201018285,12:03:42.201,415.1300,72
43422201018285,12:03:42.201,415.1300,28
43424889793027,12:03:44.889,415.0000,10
43434529580459,12:03:54.529,414.8400,2
43547576630588,12:05:47.576,414.8800,12
43547582104329,12:05:47.582,414.8800,88
43547582104329,12:05:47.582,414.8800,87
43547582134874,12:05:47.582,414.8800,13
43547582346833,12:05:47.582,414.8700,15
43547582398001,12:05:47.582,414.8700,85
43547582435806,12:05:47.582,414.8600,10
43547582481003,12:05:47.582,414.8600,1
43547654608306,12:05:47.654,414.8600,89
43551540578978,12:05:51.540,414.8100,1
43551540578978,12:05:51.540,414.8100,99
43551540605853,12:05:51.540,414.8100,1
43551540811261,12:05:51.540,414.7700,1
43552671327880,12:05:52.671,414.7400,1
43552671327880,12:05:52.671,414.7400,5
43552671341581,12:05:52.671,414.7100,1
43553096407942,12:05:53.096,414.7000,1
43553096407942,12:05:53.096,414.7000,5
43555229363227,12:05:55.229,414.6400,1
43555229363227,12:05:55.229,414.6400,5
43564083367405,12:06:04.083,414.6100,1
43564083367405,12:06:04.083,414.6100,5
43564088553002,12:06:04.088,414.5800,1
43564093057623,12:06:04.093,414.5400,30
43564096983381,12:06:04.096,414.5300,1
43564100176370,12:06:04.100,414.5200,1
43564103784020,12:06:04.103,414.4900,1
43564103784020,12:06:04.103,414.4900,100
43569584407517,12:06:09.584,414.4800,1
43569584407517,12:06:09.584,414.4800,5
43569584407517,12:06:09.584,414.4800,47
43569589527724,12:06:09.589,414.4500,1
43569594260181,12:06:09.594,414.4300,1
43569598341240,12:06:09.598,414.4100,1
43569602654982,12:06:09.602,414.3800,1
43569607278681,12:06:09.607,414.3700,1
43569615251812,12:06:09.615,414.3300,1
43569619782899,12:06:09.619,414.3200,1
43569624032649,12:06:09.624,414.3000,1
43569628595152,12:06:09.628,414.2800,1
43569632709201,12:06:09.632,414.2400,1
43569636613685,12:06:09.636,414.2200,1
43569640772389,12:06:09.640,414.1800,1
43569645641457,12:06:09.645,414.1700,100
43582327536302,12:06:22.327,414.3700,5
43582327905015,12:06:22.327,414.5100,3
43582327984579,12:06:22.327,414.3700,3
43668135406956,12:07:48.135,414.6400,20
43668135406956,12:07:48.135,414.6500,1
43668135406956,12:07:48.135,414.6500,82
43668136321379,12:07:48.136,414.6500,18
43668136321379,12:07:48.136,414.6500,1
43668136321379,12:07:48.136,414.6500,1
43685128905580,12:08:05.128,414.5200,9
43685128905580,12:08:05.128,414.5200,5
43685129157879,12:08:05.129,414.4900,9
43686095218968,12:08:06.095,414.2800,100
43686095271463,12:08:06.095,414.2500,100
43686095292662,12:08:06.095,414.2500,100
43686095352047,12:08:06.095,414.2500,5
43686095360772,12:08:06.095,414.2500,5
43686095743239,12:08:06.095,414.2400,5
43686095743239,12:08:06.095,414.2300,1
43686095743239,12:08:06.095,414.2100,1
43687880281400,12:08:07.880,414.1900,1
43687880281400,12:08:07.880,414.1900,5
43687886570231,12:08:07.886,414.1800,1
43687890525878,12:08:07.890,414.1600,1
43687894601960,12:08:07.894,414.1500,1
43687898820099,12:08:07.898,414.1300,1
43687903108543,12:08:07.903,414.1000,1
43687907390776,12:08:07.907,414.0900,2
43687911503541,12:08:07.911,414.0400,47
43687912534592,12:08:07.912,414.0400,100
43687918492328,12:08:07.918,414.0300,1
43687923050245,12:08:07.923,414.0100,1
43687923050245,12:08:07.923,414.0100,1
43693400289776,12:08:13.400,414.0400,47
43693400289776,12:08:13.400,414.0400,5
43693417838521,12:08:13.417,414.0000,1
43693417923449,12:08:13.417,413.9900,1
43693417944383,12:08:13.417,413.9800,1
43693418120683,12:08:13.418,413.9600,1
43693418304288,12:08:13.418,413.9500,1
43696133345293,12:08:16.133,413.9200,1
43696133345293,12:08:16.133,413.9200,5
43696138666757,12:08:16.138,413.9000,1
43696142950521,12:08:16.142,413.8800,1
43696147491676,12:08:16.147,413.8700,1
43696147491676,12:08:16.147,413.8700,9
43696152335578,12:08:16.152,413.8600,1
43696157033497,12:08:16.157,413.8300,1
43696191400699,12:08:16.191,413.8000,47
43696191477616,12:08:16.191,413.7900,1
43731034279960,12:08:51.034,413.8900,9
43731034279960,12:08:51.034,413.8900,91
43731041095116,12:08:51.041,413.8900,5
43731041442404,12:08:51.041,413.8700,3
43731041537834,12:08:51.041,413.8400,100
43731071212320,12:08:51.071,413.8800,47
43752520014198,12:09:12.520,413.7800,1
43752520014198,12:09:12.520,413.7800,5
43752520128061,12:09:12.520,413.7400,1
43752520128061,12:09:12.520,413.7400,9
43760679913007,12:09:20.679,413.7300,1
43760679913007,12:09:20.679,413.7300,5
43781359318433,12:09:41.359,413.7100,2
43781359318433,12:09:41.359,413.7100,1
43781359318433,12:09:41.359,413.7100,5
43781359318433,12:09:41.359,413.7000,1
43781359318433,12:09:41.359,413.6900,1
43781359318433,12:09:41.359,413.6800,1
43781359318433,12:09:41.359,413.6600,1
43781359318433,12:09:41.359,413.6400,1
43781359318433,12:09:41.359,413.6200,1
43781359318433,12:09:41.359,413.6000,2
43781359318433,12:09:41.359,413.5900,1
43781359318433,12:09:41.359,413.5900,283
43781360456401,12:09:41.360,413.5800,100
43781360456401,12:09:41.360,413.5800,1
43781360456401,12:09:41.360,413.5800,1
43781360456401,12:09:41.360,413.5800,44
43781360544648,12:09:41.360,413.5800,56
43781360579363,12:09:41.360,413.5700,1
43781360579363,12:09:41.360,413.5600,1
43781360579363,12:09:41.360,413.5300,1
43781360579363,12:09:41.360,413.5100,1
43781360579363,12:09:41.360,413.5000,25
43781360579363,12:09:41.360,413.4800,1
43781360579363,12:09:41.360,413.4800,70
43781360730921,12:09:41.360,413.4800,7
43781364416696,12:09:41.364,413.4800,23
43781364479715,12:09:41.364,413.4600,1
43781364479715,12:09:41.364,413.4500,1
43781364493403,12:09:41.364,413.4400,1
43781364759940,12:09:41.364,413.4300,1
43781364766553,12:09:41.364,413.4100,1
43782000239335,12:09:42.000,413.4000,2
43782000239335,12:09:42.000,413.4000,5
43785545621266,12:09:45.545,413.3900,9
43785545621266,12:09:45.545,413.3900,5
43792360030269,12:09:52.360,413.3800,2
43792360030269,12:09:52.360,413.3800,5
43792360161050,12:09:52.360,413.3600,1
43792360161050,12:09:52.360,413.3600,60
43792360161050,12:09:52.360,413.3600,9
43801350491298,12:10:01.350,413.3400,1
43832036422333,12:10:32.036,413.5800,1
43832036422333,12:10:32.036,413.5800,1
43832036422333,12:10:32.036,413.5800,100
43832036744879,12:10:32.036,413.6600,6
43832037303684,12:10:32.037,413.7200,100
43832037303684,12:10:32.037,413.7200,100
43868775590013,12:11:08.775,413.8550,20
43913045822750,12:11:53.045,414.0700,1
43913759830156,12:11:53.759,414.2200,80
43921349452617,12:12:01.349,414.0700,1
43928300100269,12:12:08.300,414.2200,88
43929298057143,12:12:09.298,414.2200,12
43929298057143,12:12:09.298,414.2200,51
43932099194523,12:12:12.099,413.9200,6
43948449773965,12:12:28.449,413.9100,5
43948449773965,12:12:28.449,413.9100,1
43948449798416,12:12:28.449,413.9000,20
43948455806199,12:12:28.455,413.8900,94
43948455862921,12:12:28.455,413.8900,100
43948456889690,12:12:28.456,413.8900,6
43948456889690,12:12:28.456,413.8800,94
44006724777981,12:13:26.724,413.6500,1
44006724777981,12:13:26.724,413.6500,1
44115597304067,12:15:15.597,414.0200,1
44115597304067,12:15:15.597,414.0200,5
44128496027378,12:15:28.496,413.8900,100
44165212906172,12:16:05.212,414.1700,1
44165212906172,12:16:05.212,414.1700,1
44165212906172,12:16:05.212,414.1700,10
44165212910285,12:16:05.212,414.1800,100
44165213357615,12:16:05.213,414.2300,24
44165213376613,12:16:05.213,414.2300,1
44165213898151,12:16:05.213,414.2300,2
44165215812695,12:16:05.215,414.2300,1
44165215859179,12:16:05.215,414.2300,72
44165215859179,12:16:05.215,414.2300,100
44165224249998,12:16:05.224,414.3200,100
44232994106684,12:17:12.994,414.2100,5
44232994696916,12:17:12.994,414.1900,99
44232994723392,12:17:12.994,414.1900,1
44232994723392,12:17:12.994,414.1900,1
44232994723392,12:17:12.994,414.1900,1
44278973403618,12:17:58.973,414.1200,1
44280134699830,12:18:00.134,414.4900,100
44280167682375,12:18:00.167,414.5000,100
44299863697201,12:18:19.863,414.5700,100
44299864193747,12:18:19.864,414.6400,100
44331563855453,12:18:51.563,414.7600,100
44331565043636,12:18:51.565,414.6300,44
44397599699746,12:19:57.599,414.7500,100
44397599731357,12:19:57.599,414.7400,1
44397916046514,12:19:57.916,414.6300,60
44406222289048,12:20:06.222,414.8700,100
44410450346802,12:20:10.450,414.9900,2
44410450346802,12:20:10.450,414.9900,5
44416038793982,12:20:16.038,415.2000,25
44416038908018,12:20:16.038,415.0200,100
44416041803159,12:20:16.041,415.1100,100
44416926244755,12:20:16.926,415.2000,26
44428172670312,12:20:28.172,415.2000,10
44433562434760,12:20:33.562,415.2100,100
44433562464808,12:20:33.562,415.2100,100
44473749982785,12:21:13.749,415.3600,100
44473750066713,12:21:13.750,415.5200,100
44473753221759,12:21:13.753,415.5900,100
44475017136502,12:21:15.017,415.6300,100
44475017182752,12:21:15.017,415.6300,5
44487234098984,12:21:27.234,415.5200,30
44487234098984,12:21:27.234,415.4800,46
44487234098984,12:21:27.234,415.4400,24
44497814792407,12:21:37.814,415.4400,7
44497814792407,12:21:37.814,415.4300,93
44497814824414,12:21:37.814,415.4300,7
44497814824414,12:21:37.814,415.4300,98
44497814824414,12:21:37.814,415.4300,1
44497814879912,12:21:37.814,415.4200,14
44497815055939,12:21:37.815,415.4200,31
44546923433139,12:22:26.923,415.7800,5
44546923433139,12:22:26.923,415.7800,1
44546923433139,12:22:26.923,415.8000,94
44546923520114,12:22:26.923,415.8000,6
44615022045995,12:23:35.022,415.4800,1
44615022045995,12:23:35.022,415.4300,92
44629392912060,12:23:49.392,415.6500,20
44629392912060,12:23:49.392,415.6600,80
44689067261968,12:24:49.067,415.4200,10
44689070031516,12:24:49.070,415.4200,10
44689072443145,12:24:49.072,415.4200,10
44702486167567,12:25:02.486,415.6600,100
44702486167567,12:25:02.486,415.6700,2
44702486197705,12:25:02.486,415.6700,98
44702486197705,12:25:02.486,415.6700,1
44702486197705,12:25:02.486,415.6700,1
44702488074109,12:25:02.488,415.6600,11
44702489267647,12:25:02.489,415.6600,89
44702489267647,12:25:02.489,415.6600,11
44702943847397,12:25:02.943,415.6600,100
44716325832476,12:25:16.325,415.5900,5
44737373871214,12:25:37.373,415.7800,100
44760304329181,12:26:00.304,415.4100,1
44760304329181,12:26:00.304,415.4100,5
44760304329181,12:26:00.304,415.3400,94
44803084319800,12:26:43.084,415.3400,5
44803084319800,12:26:43.084,415.2700,95
44803084424793,12:26:43.084,415.2700,5
44803084937291,12:26:43.084,415.2700,100
44803168559277,12:26:43.168,415.2600,1
44803208509858,12:26:43.208,415.1800,1
44803208509858,12:26:43.208,415.1700,5
44803208509858,12:26:43.208,415.1600,1
44803208509858,12:26:43.208,415.1600,1
44803208509858,12:26:43.208,415.1400,2
44803208509858,12:26:43.208,415.1300,1
44803208509858,12:26:43.208,415.1200,1
44803208509858,12:26:43.208,415.1200,88
44803208584079,12:26:43.208,415.1200,12
44803208814930,12:26:43.208,415.1100,1
44803208814930,12:26:43.208,415.1100,1
44803214755309,12:26:43.214,415.1000,1
44803215192725,12:26:43.215,415.0800,2
44803215715350,12:26:43.215,415.0600,1
44803320025337,12:26:43.320,415.0400,46
44803320124032,12:26:43.320,415.0000,12
44803320153265,12:26:43.320,415.0000,16
44803320379265,12:26:43.320,415.0000,72
44803320379265,12:26:43.320,415.0000,100
44803320507853,12:26:43.320,414.9900,1
44803320539332,12:26:43.320,414.9900,1
44803320552849,12:26:43.320,414.9800,1
44803320563656,12:26:43.320,414.9700,2
44803320578568,12:26:43.320,414.9600,1
44803320578568,12:26:43.320,414.9600,5
44803320589609,12:26:43.320,414.9600,1
44803320605719,12:26:43.320,414.9600,3
44803320635152,12:26:43.320,414.9900,30
44803320657137,12:26:43.320,415.0000,100
44803320657137,12:26:43.320,415.0000,54
44803320691061,12:26:43.320,414.9600,3
44809405115366,12:26:49.405,415.0100,100
44809405115366,12:26:49.405,415.0100,27
44809405115366,12:26:49.405,415.0100,5
44813934207245,12:26:53.934,414.9600,47
44813934207245,12:26:53.934,414.9600,5
44867029642661,12:27:47.029,414.9200,2
44867029642661,12:27:47.029,414.9200,100
44867029642661,12:27:47.029,414.9200,5
44867029692990,12:27:47.029,414.8900,2
44867029813446,12:27:47.029,414.8800,2
44867029882890,12:27:47.029,414.8700,2
44867029917686,12:27:47.029,414.8600,2
44867029976027,12:27:47.029,414.8500,100
44867030132372,12:27:47.030,414.8500,2
44873749617858,12:27:53.749,414.8500,10
44873749662233,12:27:53.749,414.8500,8
44873749662233,12:27:53.749,414.8500,13
44873749662233,12:27:53.749,414.8500,5
44873755149573,12:27:53.755,414.8200,2
44873755242713,12:27:53.755,414.8100,2
44873766566364,12:27:53.766,414.8000,1
44873766566364,12:27:53.766,414.8000,1
44880656955579,12:28:00.656,414.9100,59
44880657076573,12:28:00.657,414.9100,100
44880660025420,12:28:00.660,414.9200,100
44924407182794,12:28:44.407,415.0500,100
44924419085143,12:28:44.419,415.0600,100
44938005228963,12:28:58.005,415.0900,11
44938005255676,12:28:58.005,415.0900,89
44939805862621,12:28:59.805,415.1000,22
44939805873058,12:28:59.805,415.1000,9
44939805873058,12:28:59.805,415.1000,1
44939805888161,12:28:59.805,415.1000,99
44948581058214,12:29:08.581,414.8600,17
45011979153088,12:30:11.979,415.2100,1
45011979153088,12:30:11.979,415.2100,1
45011979793482,12:30:11.979,415.2100,5
45011979823357,12:30:11.979,415.2500,21
45015498342879,12:30:15.498,415.4400,25
45015498369982,12:30:15.498,415.4400,75
45022929328849,12:30:22.929,415.2600,70
45022929328849,12:30:22.929,415.2600,30
45038034767639,12:30:38.034,415.2400,100
45038034767639,12:30:38.034,415.2400,5
45038034767639,12:30:38.034,415.2400,1
45038034767639,12:30:38.034,415.2400,1
45054662017215,12:30:54.662,415.3700,9
45054662017215,12:30:54.662,415.4100,185
45111094257008,12:31:51.094,415.3200,100
45111094257008,12:31:51.094,415.3000,100
45168105458125,12:32:48.105,415.3800,60
45168105458125,12:32:48.105,415.3900,30
45168105458125,12:32:48.105,415.3900,10
45168105463039,12:32:48.105,415.3900,90
45168105463039,12:32:48.105,415.3900,4
45199266009127,12:33:19.266,414.9700,1
45215715518897,12:33:35.715,414.9700,5
45279246628048,12:34:39.246,414.9400,5
45279246628048,12:34:39.246,414.9400,3
45279872952989,12:34:39.872,414.9400,10
45287207553554,12:34:47.207,414.9400,7
45313428405819,12:35:13.428,414.9300,1
45318143185980,12:35:18.143,414.8700,1
45318143185980,12:35:18.143,414.8700,1
45318143185980,12:35:18.143,414.8700,5
45318143222039,12:35:18.143,414.8600,1
45318143298018,12:35:18.143,414.8500,1
45318143339733,12:35:18.143,414.8400,1
45318143376649,12:35:18.143,414.8300,1
45318567010331,12:35:18.567,414.8000,1
45319029058857,12:35:19.029,414.7900,1
45319029058857,12:35:19.029,414.7900,5
45328394305871,12:35:28.394,414.7800,1
45328394305871,12:35:28.394,414.7800,5
45330117139988,12:35:30.117,414.8300,4
45330119202414,12:35:30.119,414.8300,100
45330119434023,12:35:30.119,414.8300,36
45330120862197,12:35:30.120,414.8300,60
45330129006946,12:35:30.129,414.7600,1
45330129006946,12:35:30.129,414.7600,5
45330132078204,12:35:30.132,414.7500,1
45330135145772,12:35:30.135,414.7200,1
45330144221596,12:35:30.144,414.7100,1
45330250291492,12:35:30.250,414.7000,1
45330282361174,12:35:30.282,414.6900,1
45330283431254,12:35:30.283,414.6800,1
45330284493068,12:35:30.284,414.6700,1
45330285561243,12:35:30.285,414.6600,1
45330617463520,12:35:30.617,414.6400,1
45330618540168,12:35:30.618,414.6300,1
45330618624068,12:35:30.618,414.6200,1
45330618624068,12:35:30.618,414.6200,1
45330618677260,12:35:30.618,414.6100,1
45330889500194,12:35:30.889,414.6000,1
45330890567232,12:35:30.890,414.5900,1
45330894638167,12:35:30.894,414.5800,1
45330894638167,12:35:30.894,414.5800,1
45338724263539,12:35:38.724,414.5300,1
45338724263539,12:35:38.724,414.5300,5
45338724263539,12:35:38.724,414.5300,100
45338724263539,12:35:38.724,414.5100,1
45338724263539,12:35:38.724,414.5100,1
45338724263539,12:35:38.724,414.5100,100
45338745839884,12:35:38.745,414.5000,1
45338745908440,12:35:38.745,414.4900,1
45338745960266,12:35:38.745,414.4800,1
45420692642796,12:37:00.692,414.7600,6
45420692642796,12:37:00.692,414.7600,10
45420722949804,12:37:00.722,414.8200,100
45442714563970,12:37:22.714,414.8300,100
45442715815098,12:37:22.715,414.8500,1
45442715815098,12:37:22.715,414.9000,10
45442715911029,12:37:22.715,414.9600,1
45442715911029,12:37:22.715,414.9600,1
45470492406768,12:37:50.492,415.1300,100
45470492441016,12:37:50.492,415.1700,100
45473426095858,12:37:53.426,414.9800,20
45473426095858,12:37:53.426,414.9800,5
45494301471370,12:38:14.301,414.8500,8
45494301555984,12:38:14.301,414.8500,92
45494301555984,12:38:14.301,414.8500,1
45505810268576,12:38:25.810,414.9850,400
45505810294469,12:38:25.810,414.8400,1
45505810294469,12:38:25.810,414.8400,100
45505810294469,12:38:25.810,414.8400,5
45557978582259,12:39:17.978,414.6400,1
45557978582259,12:39:17.978,414.6400,1
45557978820531,12:39:17.978,414.6200,2
45557978832720,12:39:17.978,414.6100,1
45569159268510,12:39:29.159,414.7800,63
45569159268510,12:39:29.159,414.7800,100
45569166874944,12:39:29.166,414.9100,100
45569167296447,12:39:29.167,414.9300,100
45569167354637,12:39:29.167,414.9500,25
45596646546917,12:39:56.646,414.6200,13
45681224460441,12:41:21.224,414.9800,97
45710041547227,12:41:50.041,414.6100,10
45735042456020,12:42:15.042,414.7500,34
45737042603549,12:42:17.042,414.7500,34
45737042685018,12:42:17.042,414.7500,32
45764997262210,12:42:44.997,414.9100,1
45764997289639,12:42:44.997,414.9100,99
45785580260121,12:43:05.580,414.8600,100
45853951403209,12:44:13.951,414.6600,5
45853951403209,12:44:13.951,414.6600,1
45853951403209,12:44:13.951,414.6500,1
45853951476284,12:44:13.951,414.6600,19
45853951500507,12:44:13.951,414.6600,81
45853951946048,12:44:13.951,414.6100,10
45864443267332,12:44:24.443,414.6000,1
45864443267332,12:44:24.443,414.6000,5
45868286503738,12:44:28.286,414.9000,20
45882872981868,12:44:42.872,414.5800,1
45913807689678,12:45:13.807,414.9100,100
45913807716264,12:45:13.807,414.9100,1
45913807716264,12:45:13.807,414.9100,1
45913807981978,12:45:13.807,414.8200,10
45913819307928,12:45:13.819,414.9100,10
45920001095400,12:45:20.001,414.8800,1
45930892246257,12:45:30.892,414.7500,100
45997459141839,12:46:37.459,414.7300,4
45997459148599,12:46:37.459,414.7300,9
45997459204080,12:46:37.459,414.7300,87
46096624506990,12:48:16.624,414.6100,2
46115047937700,12:48:35.047,414.9600,100
46115048427391,12:48:35.048,414.9700,10
46115048438353,12:48:35.048,414.9700,10
46115048453237,12:48:35.048,414.9700,80
46115048597325,12:48:35.048,414.8700,15
46115049638038,12:48:35.049,414.8000,1
46146789724038,12:49:06.789,414.7100,60
46146789724038,12:49:06.789,414.7100,40
46189389093458,12:49:49.389,414.9900,85
46189389118500,12:49:49.389,414.9900,15
46189390220220,12:49:49.390,415.0000,100
46208508274842,12:50:08.508,415.2200,20
46264738692110,12:51:04.738,414.9800,39
46266739088918,12:51:06.739,414.9800,1
46266739088918,12:51:06.739,414.9700,38
46266739120997,12:51:06.739,414.9700,362
46266739120997,12:51:06.739,414.9700,100
46266739120997,12:51:06.739,414.9700,1
46268760508146,12:51:08.760,414.9800,2
46268936747146,12:51:08.936,414.9700,2
46268936772919,12:51:08.936,414.9700,398
46268936833510,12:51:08.936,414.9700,398
46268936871202,12:51:08.936,414.9700,2
46289415072671,12:51:29.415,415.1600,1
46289415072671,12:51:29.415,415.1600,1
46289415072671,12:51:29.415,415.1600,2
46309500900331,12:51:49.500,414.8700,1
46310319301917,12:51:50.319,415.0500,3
46310319305498,12:51:50.319,415.0500,2
46317588602653,12:51:57.588,415.1900,7
46323192116060,12:52:03.192,415.0000,100
46323195841504,12:52:03.195,414.9400,100
46323195893092,12:52:03.195,414.9000,18
46327001810447,12:52:07.001,415.1300,6
46335075869726,12:52:15.075,415.2100,3
46335075936466,12:52:15.075,415.2100,2
46337948690466,12:52:17.948,415.2300,2
46337948690466,12:52:17.948,415.2300,5
46337948722116,12:52:17.948,415.2400,100
46337949812700,12:52:17.949,415.2500,100
46339803916890,12:52:19.803,415.2600,100
46339810300253,12:52:19.810,415.2600,10
46339810383470,12:52:19.810,415.2000,15
46339810453620,12:52:19.810,415.2000,10
46350094570661,12:52:30.094,415.1600,10
46350094570661,12:52:30.094,415.1000,100
46350094570661,12:52:30.094,415.0900,100
46350094603718,12:52:30.094,415.0900,2
46350094621041,12:52:30.094,415.0900,14
46398258416764,12:53:18.258,415.0800,1
46461403566537,12:54:21.403,415.1100,5
46461403566537,12:54:21.403,415.1000,95
46470992669402,12:54:30.992,415.1000,5
46470992669402,12:54:30.992,415.1000,1
46470992669402,12:54:30.992,415.1000,5
46513065515597,12:55:13.065,415.2600,1
46518001311449,12:55:18.001,415.0800,100
46520711041988,12:55:20.711,414.9000,1
46520711084866,12:55:20.711,414.8900,1
46520711129601,12:55:20.711,414.8800,1
46520711164749,12:55:20.711,414.8700,1
46526042382687,12:55:26.042,414.8700,19
46526042382687,12:55:26.042,414.8500,1
46526042477184,12:55:26.042,414.8300,1
46530025472866,12:55:30.025,414.9400,90
46530025472866,12:55:30.025,414.9500,10
46536645480352,12:55:36.645,414.8200,1
46536645903421,12:55:36.645,414.8100,1
46536645958109,12:55:36.645,414.8000,1
46539032364567,12:55:39.032,414.7900,1
46539032437367,12:55:39.032,414.7800,1
46548383701416,12:55:48.383,414.7700,1
46590018449371,12:56:30.018,414.9400,100
46673812269307,12:57:53.812,414.7500,1
46673812269307,12:57:53.812,414.7500,5
46673812269307,12:57:53.812,414.7400,1
46673812269307,12:57:53.812,414.7200,1
46673812269307,12:57:53.812,414.7100,1
46673812269307,12:57:53.812,414.7000,1
46673812269307,12:57:53.812,414.6900,1
46673812269307,12:57:53.812,414.6700,1
46673812269307,12:57:53.812,414.6600,1
46673812269307,12:57:53.812,414.6500,1
46673812269307,12:57:53.812,414.6500,1
46673812965691,12:57:53.812,414.6500,99
46673812965691,12:57:53.812,414.6500,1
46720111149490,12:58:40.111,414.6400,2
46758309663347,12:59:18.309,414.6400,12
46758309734695,12:59:18.309,414.6300,5
46758309820400,12:59:18.309,414.6200,1
46758310230860,12:59:18.310,414.6100,1
46758310304183,12:59:18.310,414.6000,1
46758311372571,12:59:18.311,414.5900,1
46758311436845,12:59:18.311,414.5800,1
46758340268640,12:59:18.340,414.5700,1
46758340268640,12:59:18.340,414.5700,19
46900527494323,13:01:40.527,414.7600,100
46900528012643,13:01:40.528,414.7600,75
46900528067897,13:01:40.528,414.7600,9
46900528101655,13:01:40.528,414.7600,16
46900558255635,13:01:40.558,414.7600,6
46918066892307,13:01:58.066,414.6300,1
46918066892307,13:01:58.066,414.6200,5
46918066892307,13:01:58.066,414.6200,1
46918066892307,13:01:58.066,414.5700,1
46918066892307,13:01:58.066,414.5600,1
46918066892307,13:01:58.066,414.5600,21
46918067272792,13:01:58.067,414.5600,1
46918067816919,13:01:58.067,414.5600,40
46918067841180,13:01:58.067,414.5600,60
46918067933444,13:01:58.067,414.5600,94
46923425184296,13:02:03.425,414.5500,1
46923425184296,13:02:03.425,414.5500,5
46923425184296,13:02:03.425,414.5500,10
46923425401378,13:02:03.425,414.5500,10
46923425401378,13:02:03.425,414.5400,1
46923425401378,13:02:03.425,414.5200,1
46923425409790,13:02:03.425,414.5100,1
46923425409790,13:02:03.425,414.5100,1
46923425409790,13:02:03.425,414.5000,2
46928626771837,13:02:08.626,414.4500,1
46928626771837,13:02:08.626,414.4500,5
46934628761661,13:02:14.628,414.4400,1
46934628761661,13:02:14.628,414.4400,1
46934628761661,13:02:14.628,414.4400,5
46963040175811,13:02:43.040,414.4300,1
46963040175811,13:02:43.040,414.4300,5
46963040175811,13:02:43.040,414.4100,1
46963040175811,13:02:43.040,414.4000,1
46963040175811,13:02:43.040,414.3900,2
46963040175811,13:02:43.040,414.3800,1
46963040175811,13:02:43.040,414.3800,1
46963040175811,13:02:43.040,414.3700,1
46963040175811,13:02:43.040,414.3600,1
46963041306434,13:02:43.041,414.3500,1
46963041306434,13:02:43.041,414.3300,1
46963041306434,13:02:43.041,414.3300,1
46963041306434,13:02:43.041,414.3100,1
46963041306434,13:02:43.041,414.3100,1
46963041306434,13:02:43.041,414.3000,1
46963041306434,13:02:43.041,414.3000,1
46963041306434,13:02:43.041,414.2900,1
46963041306434,13:02:43.041,414.2800,1
46963041306434,13:02:43.041,414.2700,1
46963041306434,13:02:43.041,414.2600,2
46963277966477,13:02:43.277,414.2500,1
46975478678127,13:02:55.478,414.2400,1
46975478678127,13:02:55.478,414.2400,5
46975478678127,13:02:55.478,414.2200,1
46975478678127,13:02:55.478,414.2200,1
46975478678127,13:02:55.478,414.2100,1
46975478678127,13:02:55.478,414.2000,1
46975478678127,13:02:55.478,414.1600,1
46975478678127,13:02:55.478,414.1600,4
46975478678127,13:02:55.478,414.1400,2
46975478678127,13:02:55.478,414.1300,1
46975478678127,13:02:55.478,414.1200,1
46975478678127,13:02:55.478,414.1200,1
46975478678127,13:02:55.478,414.1100,1
46975478678127,13:02:55.478,414.1000,1
46975478678127,13:02:55.478,414.0900,1
46975478678127,13:02:55.478,414.0800,2
46975478678127,13:02:55.478,414.0700,35
46978256997336,13:02:58.256,414.0300,2
46978257021487,13:02:58.257,414.0300,5
46978257058150,13:02:58.257,414.0300,5
47016341452060,13:03:36.341,414.0200,1
47016341452060,13:03:36.341,414.0200,5
47039325631547,13:03:59.325,414.0100,1
47039325631547,13:03:59.325,414.0100,5
47039325631547,13:03:59.325,414.0100,2
47039325820168,13:03:59.325,414.0100,2
47039325997138,13:03:59.325,414.0000,1
47039325997138,13:03:59.325,414.0000,1
47039326192701,13:03:59.326,413.9900,1
47039326192701,13:03:59.326,413.9900,1
47040025736640,13:04:00.025,414.1500,13
47081709029542,13:04:41.709,414.0100,5
47081709029542,13:04:41.709,414.0100,95
47081709086482,13:04:41.709,414.0100,4
47081709941103,13:04:41.709,414.0000,100
47081710799781,13:04:41.710,414.0000,1
47081710799781,13:04:41.710,414.0000,99
47109184138891,13:05:09.184,414.1800,100
47109184138891,13:05:09.184,414.1800,98
47109184148246,13:05:09.184,414.1800,54
47109184148246,13:05:09.184,414.1800,100
47109184148246,13:05:09.184,414.1800,1
47109184148246,13:05:09.184,414.1800,1
47110754707987,13:05:10.754,414.2500,94
47110754732049,13:05:10.754,414.2500,6
47116628427534,13:05:16.628,414.3800,46
47150877848243,13:05:50.877,414.2100,100
47150877848243,13:05:50.877,414.2100,100
47150877848243,13:05:50.877,414.2100,1
47150878214274,13:05:50.878,414.2000,100
47157317615667,13:05:57.317,413.9800,1
47157317615667,13:05:57.317,413.9800,5
47221199381968,13:07:01.199,413.9600,2
47221199381968,13:07:01.199,413.9600,5
47221199381968,13:07:01.199,413.9500,1
47221199381968,13:07:01.199,413.9500,1
47221199381968,13:07:01.199,413.9400,1
47221199381968,13:07:01.199,413.9400,4
47221199381968,13:07:01.199,413.9300,1
47221199381968,13:07:01.199,413.9300,1
47221199381968,13:07:01.199,413.9100,2
47221199381968,13:07:01.199,413.8900,1
47221199381968,13:07:01.199,413.8900,1
47221199381968,13:07:01.199,413.8900,1
47221199381968,13:07:01.199,413.8900,1
47221199381968,13:07:01.199,413.8700,1
47256421185403,13:07:36.421,413.8600,1
47256421185403,13:07:36.421,413.8600,5
47256421219049,13:07:36.421,413.8500,1
47256421219049,13:07:36.421,413.8500,4
47256421532449,13:07:36.421,413.8400,1
47256421532449,13:07:36.421,413.8400,1
47256422628810,13:07:36.422,413.8300,1
47256422717902,13:07:36.422,413.8200,1
47256422717902,13:07:36.422,413.8200,1
47256422772869,13:07:36.422,413.8100,1
47256422772869,13:07:36.422,413.8100,1
47257102181748,13:07:37.102,413.8000,1
47257102181748,13:07:37.102,413.8000,5
47257102272810,13:07:37.102,413.7900,10
47257102272810,13:07:37.102,413.7900,1
47257102272810,13:07:37.102,413.7900,1
47257103343004,13:07:37.103,413.7800,1
47257103758911,13:07:37.103,413.7700,1
47257103758911,13:07:37.103,413.7700,1
47257103815827,13:07:37.103,413.7600,1
47257103815827,13:07:37.103,413.7600,1
47257103815827,13:07:37.103,413.7600,1
47257103815827,13:07:37.103,413.7600,14
47257104275925,13:07:37.104,413.7400,1
47257104275925,13:07:37.104,413.7400,9
47257104332864,13:07:37.104,413.7300,1
47257104332864,13:07:37.104,413.7300,4
47257132612921,13:07:37.132,413.7200,1
47257132612921,13:07:37.132,413.7200,4
47257137317387,13:07:37.137,413.7000,2
47257142587999,13:07:37.142,413.7700,10
47260445637348,13:07:40.445,413.7000,10
47260445637348,13:07:40.445,413.7000,5
47260480420091,13:07:40.480,413.6900,2
47260480420091,13:07:40.480,413.6800,2
47295720339746,13:08:15.720,413.6800,1
47319376752025,13:08:39.376,413.9400,10
47319376756547,13:08:39.376,413.9400,90
47319376756547,13:08:39.376,413.9500,12
47319376781049,13:08:39.376,413.9500,32
47319376807383,13:08:39.376,413.9500,20
47319376837484,13:08:39.376,413.9500,36
47319376837484,13:08:39.376,413.9500,1
47319376837484,13:08:39.376,413.9500,1
47333752501729,13:08:53.752,413.8500,1
47333752501729,13:08:53.752,413.8500,118
47333770212442,13:08:53.770,413.8400,14
47333770212442,13:08:53.770,413.8400,5
47333770212442,13:08:53.770,413.8400,81
47333770267931,13:08:53.770,413.8400,19
47369108737135,13:09:29.108,413.7900,5
47369108737135,13:09:29.108,413.7400,9
47513048862406,13:11:53.048,413.9000,1
47545549959567,13:12:25.549,413.7900,2
47586896746058,13:13:06.896,413.8000,3
47656704814189,13:14:16.704,413.8100,99
47658708875724,13:14:18.708,413.8100,1
47658708875724,13:14:18.708,413.8100,14
47658708875724,13:14:18.708,413.7900,85
47658708910355,13:14:18.708,413.7900,15
47658708910355,13:14:18.708,413.7900,1
47658708910355,13:14:18.708,413.7900,1
47658708910355,13:14:18.708,413.7900,5
47751200604632,13:15:51.200,413.9300,4
47762257874104,13:16:02.257,413.7600,20
47762257874104,13:16:02.257,413.7200,60
47762257874104,13:16:02.257,413.6900,100
47762257874104,13:16:02.257,413.6700,8
47904064049933,13:18:24.064,413.6600,1
47927367831039,13:18:47.367,413.9400,2
47927367972491,13:18:47.367,413.8700,10
47927370206943,13:18:47.370,413.8700,100
47928061673515,13:18:48.061,413.8800,1
47930025321018,13:18:50.025,413.9400,10
47930025321018,13:18:50.025,413.9400,5
47950395016255,13:19:10.395,413.9600,100
47950395040414,13:19:10.395,413.9600,100
47950395416966,13:19:10.395,413.8800,10
47950395420016,13:19:10.395,413.9900,4
47977866310569,13:19:37.866,413.8400,30
47978181039275,13:19:38.181,413.8300,5
47978181120171,13:19:38.181,413.8200,100
47978181120171,13:19:38.181,413.8200,100
47978181120171,13:19:38.181,413.8200,1
47978181781053,13:19:38.181,413.8100,46
47978181806446,13:19:38.181,413.8100,44
48021492284497,13:20:21.492,413.6900,5
48021492284497,13:20:21.492,413.6500,1
48021492284497,13:20:21.492,413.6500,75
48021492284497,13:20:21.492,413.6400,2
48021492284497,13:20:21.492,413.6400,3
48040112653197,13:20:40.112,413.6300,1
48040112653197,13:20:40.112,413.6300,1
48040112653197,13:20:40.112,413.6300,5
48045752558602,13:20:45.752,413.6200,1
48045752558602,13:20:45.752,413.6200,1
48045752558602,13:20:45.752,413.6200,5
48045758869245,13:20:45.758,413.6100,2
