timestamp,time,price,volume
27312547082387,07:35:12.547,73.4000,10
32111474351185,08:55:11.474,73.2200,4
33020938215602,09:10:20.938,73.2200,16
33638518802286,09:20:38.518,73.1600,11
34200955982331,09:30:00.955,0.0000,0
34201987198423,09:30:01.987,73.4500,50
34201987198423,09:30:01.987,73.4600,50
34214786752630,09:30:14.786,73.4100,6
34214786752630,09:30:14.786,73.4100,65
34226531700292,09:30:26.531,73.3600,2
34229868037127,09:30:29.868,73.3600,137
34229868037127,09:30:29.868,73.3600,100
34229868037127,09:30:29.868,73.3600,100
34229868037127,09:30:29.868,73.3600,63
34229869045550,09:30:29.869,73.3600,37
34236185969281,09:30:36.185,73.3600,100
34236307149449,09:30:36.307,73.3350,100
34239214981630,09:30:39.214,73.3500,100
34239214981630,09:30:39.214,73.3500,100
34239214981630,09:30:39.214,73.3500,100
34239215077585,09:30:39.215,73.3400,100
34239215573276,09:30:39.215,73.3400,10
34239215605143,09:30:39.215,73.3400,10
34239215974408,09:30:39.215,73.3400,60
34239216637896,09:30:39.216,73.3400,30
34240252000142,09:30:40.252,73.3400,100
34245219877101,09:30:45.219,73.3400,100
34245219877101,09:30:45.219,73.3300,100
34245219877101,09:30:45.219,73.3300,100
34245219904952,09:30:45.219,73.3300,100
34245219927483,09:30:45.219,73.3300,100
34245220658121,09:30:45.220,73.3300,100
34245220840909,09:30:45.220,73.3200,100
34245220840909,09:30:45.220,73.3200,100
34245233100441,09:30:45.233,73.3100,100
34245233100441,09:30:45.233,73.3100,100
34245237643972,09:30:45.237,73.3100,1
34245797845737,09:30:45.797,73.2800,200
34252784589751,09:30:52.784,73.2600,200
34252785571513,09:30:52.785,73.2500,100
34252785571513,09:30:52.785,73.2500,100
34252785597704,09:30:52.785,73.2500,35
34252785693581,09:30:52.785,73.2700,200
34252786036161,09:30:52.786,73.2700,100
34252786036161,09:30:52.786,73.2700,10
34252786417752,09:30:52.786,73.2600,14
34252786417752,09:30:52.786,73.2600,10
34255859244323,09:30:55.859,73.2600,24
34255859244323,09:30:55.859,73.2600,10
34255859244323,09:30:55.859,73.2700,100
34255859244323,09:30:55.859,73.2700,66
34255859635534,09:30:55.859,73.2700,34
34255860025073,09:30:55.860,73.2700,100
34256012353704,09:30:56.012,73.2600,66
34271631477386,09:31:11.631,73.2850,100
34273664382656,09:31:13.664,73.3200,10
34285774087184,09:31:25.774,73.3700,100
34288876207950,09:31:28.876,73.3500,100
34294820251962,09:31:34.820,73.3100,100
34307795716655,09:31:47.795,73.2300,100
34307795716655,09:31:47.795,73.2300,55
34307795716655,09:31:47.795,73.2300,10
34307795716655,09:31:47.795,73.2300,35
34307854790744,09:31:47.854,73.2700,200
34317051909631,09:31:57.051,73.2400,100
34317079892726,09:31:57.079,73.2600,100
34320173207955,09:32:00.173,73.2400,100
34320173207955,09:32:00.173,73.2400,100
34330028141903,09:32:10.028,73.2600,100
34330028167337,09:32:10.028,73.2600,100
34330028167337,09:32:10.028,73.2600,100
34337613662715,09:32:17.613,73.2900,100
34340176965823,09:32:20.176,73.3000,86
34340177943542,09:32:20.177,73.3000,14
34371840117736,09:32:51.840,73.3700,100
34371863651647,09:32:51.863,73.3700,41
34372569067877,09:32:52.569,73.3700,100
34372569131268,09:32:52.569,73.3700,19
34372569131268,09:32:52.569,73.3700,81
34372569187243,09:32:52.569,73.3700,100
34372569236274,09:32:52.569,73.3700,100
34372569287378,09:32:52.569,73.3700,59
34373428745740,09:32:53.428,73.3700,100
34373534251968,09:32:53.534,73.3700,2
34381347199903,09:33:01.347,73.3700,98
34381347267207,09:33:01.347,73.3700,3
34381348806415,09:33:01.348,73.3700,99
34382039436285,09:33:02.039,73.3900,2
34383099453567,09:33:03.099,73.3900,98
34383099453567,09:33:03.099,73.4000,2
34383242234110,09:33:03.242,73.4000,98
34385117530578,09:33:05.117,73.4000,100
34385118186697,09:33:05.118,73.4000,100
34385143310961,09:33:05.143,73.4000,100
34385145182589,09:33:05.145,73.4000,100
34385834923364,09:33:05.834,73.4100,100
34387510790503,09:33:07.510,73.4100,100
34387510790503,09:33:07.510,73.4100,100
34387513018473,09:33:07.513,73.4200,100
34387513325491,09:33:07.513,73.4200,100
34387513326986,09:33:07.513,73.4200,100
34387842211568,09:33:07.842,73.4100,200
34387842211568,09:33:07.842,73.4100,100
34395911641603,09:33:15.911,73.4200,59
34395911673106,09:33:15.911,73.4200,41
34405079040532,09:33:25.079,73.4300,200
34410156335472,09:33:30.156,73.4200,300
34411420239839,09:33:31.420,73.4200,100
34411420239839,09:33:31.420,73.4200,100
34411805398236,09:33:31.805,73.4300,100
34411877423361,09:33:31.877,73.4400,100
34411877423361,09:33:31.877,73.4400,100
34411877423361,09:33:31.877,73.4400,100
34411877423361,09:33:31.877,73.4400,100
34411885174978,09:33:31.885,73.4400,100
34412398597843,09:33:32.398,73.4400,100
34413053443480,09:33:33.053,73.4300,100
34413495698631,09:33:33.495,73.4300,25
34415143656010,09:33:35.143,73.4300,100
34415143731139,09:33:35.143,73.4300,100
34415284021347,09:33:35.284,73.4400,100
34423625435583,09:33:43.625,73.4400,7
34425152652701,09:33:45.152,73.4500,100
34425152685281,09:33:45.152,73.4500,59
34425153297953,09:33:45.153,73.4500,100
34428205090941,09:33:48.205,73.4600,100
34428205325214,09:33:48.205,73.4600,100
34428206301483,09:33:48.206,73.4700,100
34428958226122,09:33:48.958,73.4800,100
34428958226122,09:33:48.958,73.4800,100
34431886873254,09:33:51.886,73.4850,100
34431886873254,09:33:51.886,73.4800,200
34431886880671,09:33:51.886,73.4800,100
34431888211568,09:33:51.888,73.4700,100
34431891416303,09:33:51.891,73.4500,100
34431891416303,09:33:51.891,73.4500,7
34433905515929,09:33:53.905,73.4500,83
34433905560710,09:33:53.905,73.4500,100
34433905560710,09:33:53.905,73.4500,100
34436538886436,09:33:56.538,73.4600,100
34445361909447,09:34:05.361,73.4800,100
34447573901724,09:34:07.573,73.4700,100
34449329318591,09:34:09.329,73.4700,100
34449329318591,09:34:09.329,73.4700,100
34449329318591,09:34:09.329,73.4700,100
34449329318591,09:34:09.329,73.4700,100
34450869192528,09:34:10.869,73.4800,100
34450869192528,09:34:10.869,73.4800,100
34450869192528,09:34:10.869,73.4800,100
34450869811273,09:34:10.869,73.4700,100
34452763255579,09:34:12.763,73.4600,100
34452763353211,09:34:12.763,73.4600,100
34452763353211,09:34:12.763,73.4600,100
34452763663640,09:34:12.763,73.4600,100
34452763663640,09:34:12.763,73.4600,100
34452763663640,09:34:12.763,73.4600,100
34452771519537,09:34:12.771,73.4500,100
34452777285869,09:34:12.777,73.4500,100
34452777285869,09:34:12.777,73.4500,100
34454796649608,09:34:14.796,73.4500,70
34454796679016,09:34:14.796,73.4500,30
34458810071192,09:34:18.810,73.4900,100
34465841152431,09:34:25.841,73.5000,33
34465841152431,09:34:25.841,73.5000,100
34465844596819,09:34:25.844,73.5200,100
34479121563537,09:34:39.121,73.5300,100
34479129956253,09:34:39.129,73.5300,100
34487765882017,09:34:47.765,73.5500,100
34487765911025,09:34:47.765,73.5500,100
34487766526227,09:34:47.766,73.5500,100
34487766526227,09:34:47.766,73.5500,100
34491977811038,09:34:51.977,73.5600,200
34491977811038,09:34:51.977,73.5600,100
34491979851255,09:34:51.979,73.5600,16
34491979875963,09:34:51.979,73.5600,184
34491980504780,09:34:51.980,73.5600,200
34491980504780,09:34:51.980,73.5600,100
34491980504780,09:34:51.980,73.5600,100
34491980504780,09:34:51.980,73.5600,100
34494336818325,09:34:54.336,73.5500,100
34494337010755,09:34:54.337,73.5500,100
34494586952548,09:34:54.586,73.5500,200
34494586952548,09:34:54.586,73.5500,100
34494586952548,09:34:54.586,73.5500,100
34494586952548,09:34:54.586,73.5500,100
34496444414739,09:34:56.444,73.5600,100
34496454833983,09:34:56.454,73.5600,100
34496496912505,09:34:56.496,73.5600,100
34496568606079,09:34:56.568,73.5600,100
34496789729614,09:34:56.789,73.5700,100
34497863186018,09:34:57.863,73.5700,100
34497864019756,09:34:57.864,73.5700,100
34498060233965,09:34:58.060,73.5600,100
34498060233965,09:34:58.060,73.5600,100
34498060233965,09:34:58.060,73.5600,100
34501960601174,09:35:01.960,73.5600,100
34502074614744,09:35:02.074,73.5700,100
34502865340712,09:35:02.865,73.5750,200
34504596949131,09:35:04.596,73.6000,100
34504596949131,09:35:04.596,73.6000,100
34509987111101,09:35:09.987,73.6000,100
34509988414222,09:35:09.988,73.6000,65
34509988496778,09:35:09.988,73.6000,35
34510109831831,09:35:10.109,73.6000,100
34510216220297,09:35:10.216,73.6200,100
34511437407593,09:35:11.437,73.6300,200
34512118383165,09:35:12.118,73.6400,17
34515026311523,09:35:15.026,73.6400,100
34515026311523,09:35:15.026,73.6400,100
34518234998702,09:35:18.234,73.6400,100
34518234998702,09:35:18.234,73.6400,43
34519072946542,09:35:19.072,73.6400,100
34520680597904,09:35:20.680,73.6500,100
34522569940661,09:35:22.569,73.6400,100
34528208667227,09:35:28.208,73.6500,100
34532231072902,09:35:32.231,73.6600,89
34534532464228,09:35:34.532,73.6900,100
34539551913363,09:35:39.551,73.6900,100
34539552783873,09:35:39.552,73.6800,200
34539552783873,09:35:39.552,73.6800,100
34539552998851,09:35:39.552,73.6800,100
34539552998851,09:35:39.552,73.6800,100
34539553375460,09:35:39.553,73.6800,100
34539553375460,09:35:39.553,73.6800,100
34539885322426,09:35:39.885,73.6700,100
34542170465752,09:35:42.170,73.6800,100
34543599314388,09:35:43.599,73.6800,100
34545172081019,09:35:45.172,73.6900,8
34548699610858,09:35:48.699,73.6800,100
34552467368297,09:35:52.467,73.6800,28
34552467368297,09:35:52.467,73.6900,100
34552467368297,09:35:52.467,73.6900,100
34552498378009,09:35:52.498,73.7000,100
34552498378009,09:35:52.498,73.7000,100
34552511492111,09:35:52.511,73.7100,100
34552511492111,09:35:52.511,73.7100,74
34552512496825,09:35:52.512,73.7100,26
34553811442981,09:35:53.811,73.7100,100
34553811442981,09:35:53.811,73.7100,100
34553811442981,09:35:53.811,73.7100,100
34553812195086,09:35:53.812,73.7100,100
34556674739401,09:35:56.674,73.7200,20
34556674739401,09:35:56.674,73.7200,39
34557289791846,09:35:57.289,73.7000,100
34557451418996,09:35:57.451,73.6900,100
34557451418996,09:35:57.451,73.6900,100
34559170405660,09:35:59.170,73.6800,100
34563389079483,09:36:03.389,73.6800,100
34563389079483,09:36:03.389,73.6800,100
34565748230843,09:36:05.748,73.6800,100
34565748230843,09:36:05.748,73.6800,100
34573051109341,09:36:13.051,73.7200,200
34573051109341,09:36:13.051,73.7200,100
34575023828234,09:36:15.023,73.7400,100
34576014931629,09:36:16.014,73.7400,100
34577448443492,09:36:17.448,73.7300,100
34577448443492,09:36:17.448,73.7300,100
34578500782357,09:36:18.500,73.7200,100
34578500782357,09:36:18.500,73.7200,100
34578500782357,09:36:18.500,73.7200,100
34578500782357,09:36:18.500,73.7200,100
34578501976747,09:36:18.501,73.7100,70
34579229237596,09:36:19.229,73.7200,6
34580823306483,09:36:20.823,73.7200,100
34580823306483,09:36:20.823,73.7200,100
34581817471041,09:36:21.817,73.7400,100
34583462282486,09:36:23.462,73.7400,100
34584543212065,09:36:24.543,73.7300,100
34584543212065,09:36:24.543,73.7300,61
34584543238743,09:36:24.543,73.7300,139
34584544022501,09:36:24.544,73.7300,200
34584544022501,09:36:24.544,73.7300,200
34584544090278,09:36:24.544,73.7300,100
34590122223053,09:36:30.122,73.7500,10
34590122223053,09:36:30.122,73.7500,100
34590124189735,09:36:30.124,73.7600,100
34590124189735,09:36:30.124,73.7600,100
34590124189735,09:36:30.124,73.7600,200
34590124671573,09:36:30.124,73.7700,100
34590125566615,09:36:30.125,73.7800,100
34590126752960,09:36:30.126,73.7900,27
34590126752960,09:36:30.126,73.7900,100
34590140530998,09:36:30.140,73.8000,300
34590140537233,09:36:30.140,73.8000,300
34590140553474,09:36:30.140,73.8000,300
34590140613888,09:36:30.140,73.8000,100
34590140635274,09:36:30.140,73.8000,200
34590140635274,09:36:30.140,73.8000,100
34590140638355,09:36:30.140,73.8000,200
34590140639849,09:36:30.140,73.8000,300
34593848950300,09:36:33.848,73.8000,100
34593848950300,09:36:33.848,73.8000,100
34593848950300,09:36:33.848,73.8000,200
34593851241369,09:36:33.851,73.7900,200
34593998535774,09:36:33.998,73.7800,100
34594522739609,09:36:34.522,73.7800,100
34594522739609,09:36:34.522,73.7800,13
34594525864957,09:36:34.525,73.7800,200
34594526269769,09:36:34.526,73.7800,100
34594526269769,09:36:34.526,73.7900,100
34594526269769,09:36:34.526,73.7900,100
34594527692021,09:36:34.527,73.8000,100
34594528891238,09:36:34.528,73.7900,100
34594529322252,09:36:34.529,73.7900,100
34594529398229,09:36:34.529,73.7900,100
34594529423339,09:36:34.529,73.7900,100
34594529423884,09:36:34.529,73.7900,100
34594529475253,09:36:34.529,73.7900,100
34594529475253,09:36:34.529,73.7900,100
34595516894967,09:36:35.516,73.7800,100
34596620635987,09:36:36.620,73.7700,100
34598606044420,09:36:38.606,73.7700,100
34598606044420,09:36:38.606,73.7700,63
34598606065562,09:36:38.606,73.7700,37
34602474174568,09:36:42.474,73.7600,200
34602474174568,09:36:42.474,73.7600,100
34603474185749,09:36:43.474,73.7500,100
34603474185749,09:36:43.474,73.7500,2
34603474609153,09:36:43.474,73.7500,77
34603474636511,09:36:43.474,73.7500,23
34607967528627,09:36:47.967,73.7400,100
34607968446173,09:36:47.968,73.7300,100
34607968446173,09:36:47.968,73.7300,100
34610152368690,09:36:50.152,73.7400,100
34610152368690,09:36:50.152,73.7400,200
34613231857205,09:36:53.231,73.7300,100
34613231857205,09:36:53.231,73.7300,100
34620907683547,09:37:00.907,73.7300,32
34621674946407,09:37:01.674,73.7300,68
34621674946407,09:37:01.674,73.7300,100
34621674946407,09:37:01.674,73.7300,100
34621674946407,09:37:01.674,73.7300,100
34626315695738,09:37:06.315,73.7200,200
34626315695738,09:37:06.315,73.7200,100
34626321603551,09:37:06.321,73.7100,12
34626321695244,09:37:06.321,73.7100,118
34626321695244,09:37:06.321,73.7100,100
34626321695244,09:37:06.321,73.7100,100
34626330218023,09:37:06.330,73.7000,100
34626331508570,09:37:06.331,73.7100,200
34626331508570,09:37:06.331,73.7100,100
34631366731272,09:37:11.366,73.7200,100
34632683932915,09:37:12.683,73.7400,100
34632683932915,09:37:12.683,73.7400,100
34634155320224,09:37:14.155,73.7500,100
34637556467472,09:37:17.556,73.7500,200
34651666218963,09:37:31.666,73.7400,200
34651666218963,09:37:31.666,73.7400,100
34652930920590,09:37:32.930,73.7400,100
34652930920590,09:37:32.930,73.7400,100
34652930920590,09:37:32.930,73.7400,47
34652931726732,09:37:32.931,73.7400,100
34652931726732,09:37:32.931,73.7400,100
34652931726732,09:37:32.931,73.7300,100
34652931726732,09:37:32.931,73.7300,3
34652931726732,09:37:32.931,73.7300,100
34652931726732,09:37:32.931,73.7300,100
34652931726732,09:37:32.931,73.7300,100
34652933435790,09:37:32.933,73.7300,100
34652933435790,09:37:32.933,73.7300,71
34652933435790,09:37:32.933,73.7300,100
34660151655922,09:37:40.151,73.7500,100
34662874396865,09:37:42.874,73.7400,200
34665004198955,09:37:45.004,73.7300,100
34665004198955,09:37:45.004,73.7300,100
34665004247069,09:37:45.004,73.7300,100
34666004262565,09:37:46.004,73.7200,100
34671420676485,09:37:51.420,73.7100,100
34672113345589,09:37:52.113,73.7200,100
34672113366906,09:37:52.113,73.7200,100
34672113387840,09:37:52.113,73.7200,100
34672813096659,09:37:52.813,73.7200,100
34672844305587,09:37:52.844,73.7200,100
34677185387132,09:37:57.185,73.7200,5
34677646940275,09:37:57.646,73.7200,95
34678722882014,09:37:58.722,73.7100,100
34678722882014,09:37:58.722,73.7100,10
34678722913391,09:37:58.722,73.7100,90
34678722913391,09:37:58.722,73.7100,100
34678725246339,09:37:58.725,73.7000,100
34678725246339,09:37:58.725,73.7000,35
34678725280844,09:37:58.725,73.7000,65
34678725317809,09:37:58.725,73.7000,100
34678730594122,09:37:58.730,73.6900,100
34679441314320,09:37:59.441,73.7000,100
34687134884768,09:38:07.134,73.6900,100
34687134884768,09:38:07.134,73.6900,100
34687311201336,09:38:07.311,73.6900,100
34693963086135,09:38:13.963,73.7000,100
34698815188411,09:38:18.815,73.7000,100
34701097317581,09:38:21.097,73.6900,100
34701098149257,09:38:21.098,73.6900,100
34709205279058,09:38:29.205,73.7000,2
34709205279058,09:38:29.205,73.7000,98
34711773296779,09:38:31.773,73.7000,100
34711773296779,09:38:31.773,73.7000,100
34711773296779,09:38:31.773,73.7000,300
34711773296779,09:38:31.773,73.7000,100
34711775100553,09:38:31.775,73.6900,100
34711775100553,09:38:31.775,73.6900,100
34711781599872,09:38:31.781,73.6900,100
34711781669142,09:38:31.781,73.6900,100
34711781669142,09:38:31.781,73.6900,100
34721241996432,09:38:41.241,73.6800,200
34721241996432,09:38:41.241,73.6800,100
34721242838674,09:38:41.242,73.6700,86
34721242843546,09:38:41.242,73.6700,14
34721255076933,09:38:41.255,73.6550,27
34721255512368,09:38:41.255,73.6550,27
34721255645091,09:38:41.255,73.6500,27
34725610185033,09:38:45.610,73.6600,100
34725611215115,09:38:45.611,73.6600,100
34741742597529,09:39:01.742,73.6700,100
34741742597529,09:39:01.742,73.6700,100
34741742597529,09:39:01.742,73.6700,100
34744854561672,09:39:04.854,73.6600,100
34746353140939,09:39:06.353,73.6500,100
34746353140939,09:39:06.353,73.6500,100
34746391666137,09:39:06.391,73.6400,100
34748439440515,09:39:08.439,73.6500,200
34748439440515,09:39:08.439,73.6500,100
34756105083687,09:39:16.105,73.6500,2
34756105083687,09:39:16.105,73.6500,98
34757008034211,09:39:17.008,73.6500,100
34757016199767,09:39:17.016,73.6400,200
34757016199767,09:39:17.016,73.6400,100
34760007041896,09:39:20.007,73.6400,100
34760028453110,09:39:20.028,73.6300,100
34760028453110,09:39:20.028,73.6300,100
34760028453110,09:39:20.028,73.6300,100
34760028453110,09:39:20.028,73.6300,100
34760047834398,09:39:20.047,73.6300,100
34760047834398,09:39:20.047,73.6300,1
34768218376149,09:39:28.218,73.6300,100
34773798635767,09:39:33.798,73.6400,2
34773798662628,09:39:33.798,73.6400,98
34773798662628,09:39:33.798,73.6400,100
34773798662628,09:39:33.798,73.6400,2
34774097311920,09:39:34.097,73.6400,100
34774492642207,09:39:34.492,73.6400,100
34786605008220,09:39:46.605,73.6500,100
34796623708116,09:39:56.623,73.6500,100
34800347588749,09:40:00.347,73.6400,200
34803454337849,09:40:03.454,73.6250,100
34808695619020,09:40:08.695,73.6200,100
34808695619020,09:40:08.695,73.6200,200
34808696779083,09:40:08.696,73.6100,100
34808697602478,09:40:08.697,73.6100,200
34808697602478,09:40:08.697,73.6100,100
34808707081270,09:40:08.707,73.6100,100
34808791331543,09:40:08.791,73.6100,100
34816761600013,09:40:16.761,73.6050,100
34819865601797,09:40:19.865,73.6100,1
34819865601797,09:40:19.865,73.6100,99
34819878591874,09:40:19.878,73.6100,100
34819918533331,09:40:19.918,73.6100,1
34820748848616,09:40:20.748,73.6100,99
34821145304842,09:40:21.145,73.6100,1
34821399553801,09:40:21.399,73.6100,100
34826163396408,09:40:26.163,73.6200,200
34826163396408,09:40:26.163,73.6200,100
34827514441418,09:40:27.514,73.6200,100
34829435018521,09:40:29.435,73.6200,100
34836461363590,09:40:36.461,73.6150,100
34836461732768,09:40:36.461,73.6100,100
34836466555853,09:40:36.466,73.6000,100
34836466640057,09:40:36.466,73.6000,200
34836466640057,09:40:36.466,73.6000,100
34836466640057,09:40:36.466,73.6000,77
34836466686120,09:40:36.466,73.6000,23
34836466687611,09:40:36.466,73.6000,23
34836466693032,09:40:36.466,73.6000,23
34836466823215,09:40:36.466,73.6000,54
34839153224959,09:40:39.153,73.5900,100
34844932806323,09:40:44.932,73.5900,100
34844932806323,09:40:44.932,73.5900,100
34847853826327,09:40:47.853,73.5800,100
34848955212303,09:40:48.955,73.5800,100
34853152714203,09:40:53.152,73.5900,100
34853469650966,09:40:53.469,73.6000,1
34853933683717,09:40:53.933,73.6000,100
34860004654634,09:41:00.004,73.6100,200
34862348190647,09:41:02.348,73.6000,100
34862348190647,09:41:02.348,73.6000,100
34863869456448,09:41:03.869,73.5900,100
34863869456448,09:41:03.869,73.5900,100
34867630643859,09:41:07.630,73.5800,100
34867995753206,09:41:07.995,73.5700,100
34867995753206,09:41:07.995,73.5700,100
34868325783119,09:41:08.325,73.5600,100
34868325783119,09:41:08.325,73.5600,100
34868325783119,09:41:08.325,73.5600,100
34868339852719,09:41:08.339,73.5400,100
34868455185585,09:41:08.455,73.5400,1
34870008880900,09:41:10.008,73.5600,100
34870008880900,09:41:10.008,73.5600,100
34870012499176,09:41:10.012,73.5600,100
34870421232294,09:41:10.421,73.5500,100
34871052610014,09:41:11.052,73.5500,100
34876058364225,09:41:16.058,73.5600,100
34876058796548,09:41:16.058,73.5600,100
34876062659149,09:41:16.062,73.5600,100
34876062659149,09:41:16.062,73.5600,59
34876062690068,09:41:16.062,73.5600,41
34876063223394,09:41:16.063,73.5600,100
34876063223394,09:41:16.063,73.5600,100
34876063223394,09:41:16.063,73.5600,100
34876065036158,09:41:16.065,73.5600,100
34876065042963,09:41:16.065,73.5600,100
34876065042963,09:41:16.065,73.5600,100
34881394788235,09:41:21.394,73.5700,100
34883982956392,09:41:23.982,73.5800,100
34885635190964,09:41:25.635,73.5900,100
34885635219534,09:41:25.635,73.5900,100
34885635219534,09:41:25.635,73.5900,100
34885635219534,09:41:25.635,73.5900,100
34885635587481,09:41:25.635,73.5900,100
34885635587481,09:41:25.635,73.5900,100
34885635590223,09:41:25.635,73.5900,100
34885635733472,09:41:25.635,73.5900,100
34885635794811,09:41:25.635,73.5900,100
34885636199601,09:41:25.636,73.5900,100
34885682126626,09:41:25.682,73.5800,200
34885682126626,09:41:25.682,73.5800,100
34885682126626,09:41:25.682,73.5800,100
34886589683438,09:41:26.589,73.5700,100
34886596801876,09:41:26.596,73.5600,15
34889027796998,09:41:29.027,73.5600,14
34889034228447,09:41:29.034,73.5600,120
34889034257760,09:41:29.034,73.5600,51
34893863962986,09:41:33.863,73.5500,100
34893863962986,09:41:33.863,73.5500,100
34898105379501,09:41:38.105,73.5400,100
34898105379501,09:41:38.105,73.5400,100
34898105379501,09:41:38.105,73.5400,100
34898111059707,09:41:38.111,73.5400,100
34898111534295,09:41:38.111,73.5400,100
34898111534295,09:41:38.111,73.5400,100
34898111534295,09:41:38.111,73.5400,79
34898111560976,09:41:38.111,73.5400,21
34899245126073,09:41:39.245,73.5500,100
34900171476053,09:41:40.171,73.5600,100
34900171860060,09:41:40.171,73.5600,93
34900171889460,09:41:40.171,73.5600,7
34900171889460,09:41:40.171,73.5600,100
34900172283307,09:41:40.172,73.5600,100
34900172283307,09:41:40.172,73.5600,100
34900172630708,09:41:40.172,73.5600,100
34900632366407,09:41:40.632,73.5600,100
34900632801500,09:41:40.632,73.5600,100
34900632801500,09:41:40.632,73.5600,100
34902290390383,09:41:42.290,73.5600,100
34902290390383,09:41:42.290,73.5600,100
34902290566443,09:41:42.290,73.5600,100
34902290566443,09:41:42.290,73.5600,100
34902290566443,09:41:42.290,73.5600,100
34902290566443,09:41:42.290,73.5600,100
34902291389083,09:41:42.291,73.5600,100
34902793686123,09:41:42.793,73.5600,100
34902793686123,09:41:42.793,73.5600,100
34902793686123,09:41:42.793,73.5600,200
34902793686123,09:41:42.793,73.5600,200
34902913331829,09:41:42.913,73.5500,100
34902913331829,09:41:42.913,73.5500,210
34902913350352,09:41:42.913,73.5500,90
34902921947736,09:41:42.921,73.5400,100
34903214329889,09:41:43.214,73.5400,90
34903350647441,09:41:43.350,73.5400,10
34903350647441,09:41:43.350,73.5400,100
34903350647441,09:41:43.350,73.5400,100
34903419809389,09:41:43.419,73.5300,100
34903424543730,09:41:43.424,73.5200,200
34903424543730,09:41:43.424,73.5200,100
34903424570900,09:41:43.424,73.5200,100
34903424570900,09:41:43.424,73.5200,100
34903424570900,09:41:43.424,73.5200,100
34908661720237,09:41:48.661,73.5300,100
34909005709254,09:41:49.005,73.5400,200
34909005709254,09:41:49.005,73.5400,100
34909619550620,09:41:49.619,73.5500,100
34911692823559,09:41:51.692,73.5600,11
34911831946020,09:41:51.831,73.5600,100
34913069756612,09:41:53.069,73.5400,100
34916621273006,09:41:56.621,73.5600,100
34916621273006,09:41:56.621,73.5600,100
34918669449556,09:41:58.669,73.5600,100
34918669449556,09:41:58.669,73.5600,100
34918669449556,09:41:58.669,73.5600,100
34918671357636,09:41:58.671,73.5500,100
34922184640204,09:42:02.184,73.5600,100
34922184640204,09:42:02.184,73.5600,100
34922185092555,09:42:02.185,73.5600,100
34922185092555,09:42:02.185,73.5600,100
34922185677833,09:42:02.185,73.5600,100
34923039806010,09:42:03.039,73.5500,200
34923039806010,09:42:03.039,73.5500,100
34923039806010,09:42:03.039,73.5500,100
34923039806010,09:42:03.039,73.5500,100
34930651600233,09:42:10.651,73.5500,200
34930651600233,09:42:10.651,73.5500,200
34930929020102,09:42:10.929,73.5400,8
34930929728614,09:42:10.929,73.5400,92
34931055620131,09:42:11.055,73.5400,100
34931764621690,09:42:11.764,73.5400,100
34931765388149,09:42:11.765,73.5300,100
34932855639723,09:42:12.855,73.5300,100
34932855639723,09:42:12.855,73.5300,100
34947842631106,09:42:27.842,73.5500,100
34948346327328,09:42:28.346,73.5500,100
34948346620446,09:42:28.346,73.5500,100
34948759602379,09:42:28.759,73.5600,100
34948761835583,09:42:28.761,73.5600,100
34948761835583,09:42:28.761,73.5600,100
34948761835583,09:42:28.761,73.5600,100
34948762633448,09:42:28.762,73.5600,100
34950887422364,09:42:30.887,73.5600,17
34950887665216,09:42:30.887,73.5600,83
34950887665216,09:42:30.887,73.5600,100
34950889903425,09:42:30.889,73.5600,100
34953821732857,09:42:33.821,73.5500,100
34953826555079,09:42:33.826,73.5400,100
34953826555079,09:42:33.826,73.5400,100
34953826555079,09:42:33.826,73.5400,100
34953826555079,09:42:33.826,73.5400,100
34953826555079,09:42:33.826,73.5400,100
34953826555079,09:42:33.826,73.5400,100
34953925288908,09:42:33.925,73.5400,100
34953925288908,09:42:33.925,73.5400,65
34953925325452,09:42:33.925,73.5400,35
34953925325452,09:42:33.925,73.5400,100
34954465043412,09:42:34.465,73.5400,100
34958843954933,09:42:38.843,73.5600,100
34959005810642,09:42:39.005,73.5700,100
34963346336664,09:42:43.346,73.5800,100
34965173739299,09:42:45.173,73.6000,100
34965173739299,09:42:45.173,73.6000,100
34965175446596,09:42:45.175,73.6000,100
34965175446596,09:42:45.175,73.6000,100
34965175790110,09:42:45.175,73.6000,100
34969631760961,09:42:49.631,73.5900,2
34969631760961,09:42:49.631,73.5900,98
34969631791193,09:42:49.631,73.5900,2
34969631839092,09:42:49.631,73.5900,2
34969631856991,09:42:49.631,73.5900,98
34970002683032,09:42:50.002,73.5800,100
34970002683032,09:42:50.002,73.5800,100
34970101532714,09:42:50.101,73.5700,100
34970640255489,09:42:50.640,73.5600,100
34970640255489,09:42:50.640,73.5600,100
34970642481308,09:42:50.642,73.5600,26
34970911371680,09:42:50.911,73.5400,100
34975159124721,09:42:55.159,73.5300,100
34979677331968,09:42:59.677,73.5400,100
34980659957436,09:43:00.659,73.5500,100
34980660704339,09:43:00.660,73.5500,100
34980660704339,09:43:00.660,73.5500,100
34980660704339,09:43:00.660,73.5500,100
34980668404656,09:43:00.668,73.5500,100
34980668422300,09:43:00.668,73.5500,10
34980668422300,09:43:00.668,73.5500,100
34984104232802,09:43:04.104,73.5600,100
34989926653791,09:43:09.926,73.5400,100
34989945336532,09:43:09.945,73.5300,100
34989945336532,09:43:09.945,73.5300,100
34989999133769,09:43:09.999,73.5200,100
34989999133769,09:43:09.999,73.5200,100
34990220380825,09:43:10.220,73.5100,100
34995241199767,09:43:15.241,73.4900,100
34996042850084,09:43:16.042,73.5000,100
34997247537968,09:43:17.247,73.5200,77
34997247568293,09:43:17.247,73.5200,23
35000502092987,09:43:20.502,73.5100,100
35002437929172,09:43:22.437,73.5000,54
35002438294260,09:43:22.438,73.5000,46
35002438294260,09:43:22.438,73.5000,8
35002438348582,09:43:22.438,73.5000,92
35002440205284,09:43:22.440,73.4900,54
35002629575714,09:43:22.629,73.4900,200
35002629575714,09:43:22.629,73.4900,100
35003062809327,09:43:23.062,73.4900,100
35012056480111,09:43:32.056,73.4900,100
35012056480111,09:43:32.056,73.4900,100
35012062127657,09:43:32.062,73.4900,100
35024245670357,09:43:44.245,73.4900,100
35025046468942,09:43:45.046,73.4850,100
35025046468942,09:43:45.046,73.4800,200
35025799402342,09:43:45.799,73.4900,100
35025800357475,09:43:45.800,73.4900,100
35025802570857,09:43:45.802,73.4900,100
35025802570857,09:43:45.802,73.4900,100
35026671459711,09:43:46.671,73.4900,54
35026676826227,09:43:46.676,73.4900,46
35026676826227,09:43:46.676,73.4900,8
35026676858207,09:43:46.676,73.4900,92
35026676858207,09:43:46.676,73.4900,54
35026676984446,09:43:46.676,73.4900,46
35026679631286,09:43:46.679,73.4800,40
35026679703371,09:43:46.679,73.4800,60
35026679703371,09:43:46.679,73.4800,100
35026953551403,09:43:46.953,73.4800,100
35028944165378,09:43:48.944,73.4800,78
35028944240260,09:43:48.944,73.4800,122
35028944240260,09:43:48.944,73.4800,94
35028944415948,09:43:48.944,73.4800,6
35028944464278,09:43:48.944,73.4800,20
35028946525340,09:43:48.946,73.4750,54
35028949226256,09:43:48.949,73.4750,26
35028949226256,09:43:48.949,73.4700,6
35034603490329,09:43:54.603,73.4800,100
35034603490329,09:43:54.603,73.4800,100
35034603853056,09:43:54.603,73.4800,8
35034603877773,09:43:54.603,73.4800,92
35034604522853,09:43:54.604,73.4800,100
35034604552090,09:43:54.604,73.4800,100
35034604638456,09:43:54.604,73.4800,100
35034658527222,09:43:54.658,73.4800,200
35034658527222,09:43:54.658,73.4800,100
35034878814685,09:43:54.878,73.4800,100
35044439373942,09:44:04.439,73.5000,100
35044724310683,09:44:04.724,73.5100,8
35044724339051,09:44:04.724,73.5100,92
35044724339051,09:44:04.724,73.5100,100
35044931148285,09:44:04.931,73.5100,8
35044931360408,09:44:04.931,73.5100,100
35044932026276,09:44:04.932,73.5100,54
35045006416881,09:44:05.006,73.5200,100
35045247915413,09:44:05.247,73.5200,100
35045247915413,09:44:05.247,73.5200,100
35045441884298,09:44:05.441,73.5100,38
35045441884298,09:44:05.441,73.5100,100
35045441907213,09:44:05.441,73.5100,100
35045725173286,09:44:05.725,73.5100,7
35047173322258,09:44:07.173,73.5100,93
35047801888404,09:44:07.801,73.5200,100
35047802316044,09:44:07.802,73.5100,100
35047805786442,09:44:07.805,73.5000,24
35047806022550,09:44:07.806,73.5000,54
35047806465757,09:44:07.806,73.5000,54
35047807185990,09:44:07.807,73.5000,100
35047818264330,09:44:07.818,73.5000,9
35051905183463,09:44:11.905,73.5300,100
35059419556343,09:44:19.419,73.5250,100
35065048825947,09:44:25.048,73.5200,200
35065048825947,09:44:25.048,73.5200,72
35065048825947,09:44:25.048,73.5200,100
35065050435399,09:44:25.050,73.5000,54
35065375903920,09:44:25.375,73.5000,46
35065375903920,09:44:25.375,73.5000,100
35066246577316,09:44:26.246,73.4900,100
35070004921352,09:44:30.004,73.4800,100
35071581152802,09:44:31.581,73.4700,100
35071581152802,09:44:31.581,73.4700,11
35074060347857,09:44:34.060,73.4700,100
35076552881225,09:44:36.552,73.4800,20
35078150618417,09:44:38.150,73.4900,100
35078150618417,09:44:38.150,73.4900,100
35078169098338,09:44:38.169,73.5000,100
35083811823217,09:44:43.811,73.4900,100
35083811823217,09:44:43.811,73.4900,100
35083813996879,09:44:43.813,73.4800,100
35083813996879,09:44:43.813,73.4800,100
35084569975065,09:44:44.569,73.4800,100
35084570644854,09:44:44.570,73.4800,100
35084570644854,09:44:44.570,73.4800,100
35084570644854,09:44:44.570,73.4800,100
35085059403954,09:44:45.059,73.4800,100
35088257171029,09:44:48.257,73.4800,100
35088257171029,09:44:48.257,73.4800,100
35096677741572,09:44:56.677,73.4700,100
35096677741572,09:44:56.677,73.4700,2
35097519193330,09:44:57.519,73.4600,100
35101481113547,09:45:01.481,73.4500,100
35102078625151,09:45:02.078,73.4400,93
35104143414343,09:45:04.143,73.4350,100
35104151605567,09:45:04.151,73.4300,100
35104151605567,09:45:04.151,73.4300,100
35104151605567,09:45:04.151,73.4300,94
35104151705603,09:45:04.151,73.4300,206
35114731464450,09:45:14.731,73.4200,100
35114731464450,09:45:14.731,73.4200,100
35116723094082,09:45:16.723,73.4200,100
35116723094082,09:45:16.723,73.4200,100
35116725122865,09:45:16.725,73.4200,200
35116725122865,09:45:16.725,73.4200,100
35116725122865,09:45:16.725,73.4200,100
35116725122865,09:45:16.725,73.4200,100
35116725897718,09:45:16.725,73.4200,100
35116725970425,09:45:16.725,73.4200,100
35119432333879,09:45:19.432,73.4200,100
35119432333879,09:45:19.432,73.4200,100
35119750188564,09:45:19.750,73.4150,100
35119750188564,09:45:19.750,73.4100,100
35119750188564,09:45:19.750,73.4100,100
35119750188564,09:45:19.750,73.4100,200
35119750188564,09:45:19.750,73.4000,100
35119750188564,09:45:19.750,73.4000,1000
35119750188564,09:45:19.750,73.4000,1000
35119750188564,09:45:19.750,73.4000,100
35119750188564,09:45:19.750,73.4000,100
35119750188564,09:45:19.750,73.4000,100
35119935108214,09:45:19.935,73.3950,100
35119935108214,09:45:19.935,73.3900,100
35119935149694,09:45:19.935,73.3900,81
35119935176685,09:45:19.935,73.3900,19
35120287851446,09:45:20.287,73.3800,100
35120287851446,09:45:20.287,73.3800,100
35120287851446,09:45:20.287,73.3800,100
35127830093180,09:45:27.830,73.3650,100
35127839897278,09:45:27.839,73.3600,100
35127839897278,09:45:27.839,73.3600,100
35127839897278,09:45:27.839,73.3600,100
35127839897278,09:45:27.839,73.3600,100
35127846400447,09:45:27.846,73.3600,100
35128027633260,09:45:28.027,73.3700,100
35128251305515,09:45:28.251,73.3800,100
35129053964217,09:45:29.053,73.3900,19
35132373138061,09:45:32.373,73.3800,54
35132373987611,09:45:32.373,73.3800,46
35137245096759,09:45:37.245,73.3800,8
35137245307846,09:45:37.245,73.3800,8
35137245896682,09:45:37.245,73.3800,54
35137246607578,09:45:37.246,73.3800,54
35138923082529,09:45:38.923,73.3800,54
35140638123531,09:45:40.638,73.3800,22
35140638123531,09:45:40.638,73.3800,40
35140638183324,09:45:40.638,73.3800,60
35140638183324,09:45:40.638,73.3800,100
35140638183324,09:45:40.638,73.3800,100
35141497761404,09:45:41.497,73.3700,100
35145349576297,09:45:45.349,73.3700,100
35146622040671,09:45:46.622,73.3600,100
35146622040671,09:45:46.622,73.3600,100
35146622663707,09:45:46.622,73.3600,100
35146836767447,09:45:46.836,73.3500,100
35148526077382,09:45:48.526,73.3500,100
35151363473262,09:45:51.363,73.3600,100
35151363473262,09:45:51.363,73.3600,100
35165318201978,09:46:05.318,73.3800,100
35170613905963,09:46:10.613,73.3700,300
35170614608555,09:46:10.614,73.3600,100
35170614608555,09:46:10.614,73.3600,100
35171179612177,09:46:11.179,73.3500,100
35176121547726,09:46:16.121,73.3600,100
35183127813322,09:46:23.127,73.3800,100
35183138615318,09:46:23.138,73.3900,3
35184559377199,09:46:24.559,73.3900,97
35184559377199,09:46:24.559,73.3900,100
35184608804920,09:46:24.608,73.4000,100
35184637437242,09:46:24.637,73.4200,2
35188639538495,09:46:28.639,73.4100,100
35188639538495,09:46:28.639,73.4100,100
35191183740032,09:46:31.183,73.4000,100
35194166858426,09:46:34.166,73.4000,100
35194166858426,09:46:34.166,73.4000,100
35202134296032,09:46:42.134,73.3900,100
35202134296032,09:46:42.134,73.3900,200
35202134296032,09:46:42.134,73.3900,100
35202134296032,09:46:42.134,73.3900,100
35202551515069,09:46:42.551,73.3900,100
35202551543129,09:46:42.551,73.3900,100
35203278843136,09:46:43.278,73.3900,100
35203278843136,09:46:43.278,73.3900,100
35204072957181,09:46:44.072,73.3900,100
35204073145832,09:46:44.073,73.3900,100
35204895161466,09:46:44.895,73.3900,8
35204970827060,09:46:44.970,73.3900,100
35213570834364,09:46:53.570,73.4100,69
35213570860652,09:46:53.570,73.4100,131
35216459488378,09:46:56.459,73.4400,9
35220009616947,09:47:00.009,73.4500,100
35220016958600,09:47:00.016,73.4500,100
35221040208583,09:47:01.040,73.4600,100
35232572286018,09:47:12.572,73.4600,100
35233238219532,09:47:13.238,73.4400,100
35233238219532,09:47:13.238,73.4400,100
35233247300419,09:47:13.247,73.4400,100
35233247300419,09:47:13.247,73.4400,100
35233254221355,09:47:13.254,73.4500,25
35243749181878,09:47:23.749,73.4400,100
35243749181878,09:47:23.749,73.4400,100
35243749181878,09:47:23.749,73.4400,100
35243751477455,09:47:23.751,73.4300,100
35243751477455,09:47:23.751,73.4300,100
35244230293157,09:47:24.230,73.4200,100
35244230293157,09:47:24.230,73.4200,200
35252805818253,09:47:32.805,73.4300,20
35270186586916,09:47:50.186,73.4600,100
35270186611938,09:47:50.186,73.4600,400
35280604100147,09:48:00.604,73.4800,100
35281884549699,09:48:01.884,73.4700,100
35281884549699,09:48:01.884,73.4700,100
35284140218787,09:48:04.140,73.4700,100
35286551497942,09:48:06.551,73.4800,100
35286912598101,09:48:06.912,73.4800,100
35287886109095,09:48:07.886,73.4800,100
35287886109095,09:48:07.886,73.4800,100
35287889817145,09:48:07.889,73.4700,100
35287890596446,09:48:07.890,73.4700,100
35287890596446,09:48:07.890,73.4700,100
35287890596446,09:48:07.890,73.4700,100
35287892236155,09:48:07.892,73.4800,100
35287892236155,09:48:07.892,73.4800,100
35287892236155,09:48:07.892,73.4800,100
35287897426689,09:48:07.897,73.4800,100
35287898440065,09:48:07.898,73.4800,100
35287898440065,09:48:07.898,73.4800,100
35287898440065,09:48:07.898,73.4800,100
35287898440065,09:48:07.898,73.4800,100
35287898440065,09:48:07.898,73.4800,100
35287902456674,09:48:07.902,73.4800,100
35287902482115,09:48:07.902,73.4800,100
35287906462942,09:48:07.906,73.4800,100
35287906462942,09:48:07.906,73.4800,100
35290387675647,09:48:10.387,73.4900,100
35291247193004,09:48:11.247,73.4950,100
35291247193004,09:48:11.247,73.4900,100
35291247223611,09:48:11.247,73.4900,100
35292167470153,09:48:12.167,73.4800,100
35292167476189,09:48:12.167,73.4800,2
35292167476189,09:48:12.167,73.4800,98
35292167504004,09:48:12.167,73.4800,102
35292602604863,09:48:12.602,73.4800,100
35292602604863,09:48:12.602,73.4800,100
35295949639919,09:48:15.949,73.4800,100
35295955420855,09:48:15.955,73.4700,100
35304917387612,09:48:24.917,73.4700,200
35304917387612,09:48:24.917,73.4700,100
35304917552469,09:48:24.917,73.4700,100
35315004425480,09:48:35.004,73.4600,200
35315004425480,09:48:35.004,73.4600,22
35316397971956,09:48:36.397,73.4600,100
35316399939141,09:48:36.399,73.4500,100
35316399939141,09:48:36.399,73.4500,100
35316399939141,09:48:36.399,73.4500,100
35317059570313,09:48:37.059,73.4400,100
35317799245841,09:48:37.799,73.4400,100
35318826792609,09:48:38.826,73.4400,100
35318979693345,09:48:38.979,73.4300,100
35318979693345,09:48:38.979,73.4300,100
35318979693345,09:48:38.979,73.4300,24
35318980375806,09:48:38.980,73.4300,100
35319918292382,09:48:39.918,73.4300,100
35319918292382,09:48:39.918,73.4300,100
35319918292382,09:48:39.918,73.4300,100
35319918379851,09:48:39.918,73.4300,100
35325920930934,09:48:45.920,73.4200,100
35325920930934,09:48:45.920,73.4200,45
35325921416951,09:48:45.921,73.4200,55
35325921416951,09:48:45.921,73.4200,100
35330634447474,09:48:50.634,73.4200,100
35330645314847,09:48:50.645,73.4100,100
35336340474776,09:48:56.340,73.4100,100
35338533227114,09:48:58.533,73.4200,100
35338533227114,09:48:58.533,73.4200,200
35338633225774,09:48:58.633,73.4100,60
35338633225774,09:48:58.633,73.4100,40
35338698689480,09:48:58.698,73.4100,100
35338698689480,09:48:58.698,73.4100,200
35338698689480,09:48:58.698,73.4100,100
35339009281734,09:48:59.009,73.4100,100
35339009281734,09:48:59.009,73.4100,100
35339219732687,09:48:59.219,73.4100,100
35339938318850,09:48:59.938,73.4100,100
35339938318850,09:48:59.938,73.4100,300
35346454816479,09:49:06.454,73.4100,100
35346454816479,09:49:06.454,73.4100,200
35358973171051,09:49:18.973,73.4000,100
35358973171051,09:49:18.973,73.4000,2
35358973171051,09:49:18.973,73.4000,9
35358973171051,09:49:18.973,73.4000,100
35358974979502,09:49:18.974,73.3900,100
35358974979502,09:49:18.974,73.3900,100
35358976707492,09:49:18.976,73.3900,100
35358976707492,09:49:18.976,73.3900,100
35358976720665,09:49:18.976,73.3800,100
35358976720665,09:49:18.976,73.3800,100
35358976720665,09:49:18.976,73.3800,300
35358976746775,09:49:18.976,73.3900,100
35358976774633,09:49:18.976,73.3800,100
35358978616632,09:49:18.978,73.3800,100
35358978616632,09:49:18.978,73.3800,100
35358979948030,09:49:18.979,73.3800,100
35358981318727,09:49:18.981,73.3800,200
35358981318727,09:49:18.981,73.3800,100
35358981318727,09:49:18.981,73.3800,100
35358981318727,09:49:18.981,73.3700,100
35358981318727,09:49:18.981,73.3700,100
35358981318727,09:49:18.981,73.3700,100
35358981318727,09:49:18.981,73.3700,100
35358981318727,09:49:18.981,73.3700,100
35358981318727,09:49:18.981,73.3700,100
35358983762479,09:49:18.983,73.3700,100
35358983762479,09:49:18.983,73.3600,100
35358983762479,09:49:18.983,73.3600,27
35358983762479,09:49:18.983,73.3600,100
35358983762479,09:49:18.983,73.3600,200
35358983762479,09:49:18.983,73.3600,100
35358983762479,09:49:18.983,73.3600,100
35358987296067,09:49:18.987,73.3600,100
35358987296067,09:49:18.987,73.3600,100
35359147349007,09:49:19.147,73.3500,100
35359147349007,09:49:19.147,73.3500,100
35359147349007,09:49:19.147,73.3500,100
35359148082421,09:49:19.148,73.3500,100
35359148082421,09:49:19.148,73.3500,100
35359425589927,09:49:19.425,73.3600,166
35359425615573,09:49:19.425,73.3600,34
35359425705578,09:49:19.425,73.3600,200
35359425906161,09:49:19.425,73.3600,100
35359425906161,09:49:19.425,73.3600,100
35359428479585,09:49:19.428,73.3600,100
35359437407590,09:49:19.437,73.3500,192
35359762798009,09:49:19.762,73.3300,100
35359770435164,09:49:19.770,73.3200,200
35359770435164,09:49:19.770,73.3200,19
35359770435164,09:49:19.770,73.3200,100
35359770435164,09:49:19.770,73.3200,100
35359955261426,09:49:19.955,73.3400,100
35359955261426,09:49:19.955,73.3400,47
35360022389805,09:49:20.022,73.3400,100
35360022389805,09:49:20.022,73.3400,47
35360022448532,09:49:20.022,73.3400,53
35360426541735,09:49:20.426,73.3300,100
35363684453397,09:49:23.684,73.3200,100
35363684453397,09:49:23.684,73.3200,100
35365004615092,09:49:25.004,73.3000,100
35365004615092,09:49:25.004,73.3000,100
35367780888825,09:49:27.780,73.2900,100
35368845718179,09:49:28.845,73.2900,100
35368845718179,09:49:28.845,73.2900,100
35368845980306,09:49:28.845,73.2900,7
35368885113891,09:49:28.885,73.2900,100
35368885113891,09:49:28.885,73.2900,100
35368885113891,09:49:28.885,73.2900,100
35368885113891,09:49:28.885,73.2900,100
35372669719574,09:49:32.669,73.3000,98
35372776219114,09:49:32.776,73.3100,100
35374697788090,09:49:34.697,73.3200,400
35374698596314,09:49:34.698,73.3300,43
35374698746105,09:49:34.698,73.3300,57
35374698765090,09:49:34.698,73.3300,184
35374698798823,09:49:34.698,73.3300,78
35375258438424,09:49:35.258,73.3300,100
35375393639420,09:49:35.393,73.3300,28
35376574008578,09:49:36.574,73.3400,200
35378512063310,09:49:38.512,73.3500,100
35378512063310,09:49:38.512,73.3500,100
35378512063310,09:49:38.512,73.3500,100
35385105683731,09:49:45.105,73.3500,7
35385105714163,09:49:45.105,73.3500,7
35385194473016,09:49:45.194,73.3600,100
35385194473016,09:49:45.194,73.3600,100
35385194899034,09:49:45.194,73.3600,100
35385195742853,09:49:45.195,73.3600,100
35385195742853,09:49:45.195,73.3600,200
35385405655547,09:49:45.405,73.3500,8
35385405655547,09:49:45.405,73.3500,192
35389494566391,09:49:49.494,73.3500,200
35389494592275,09:49:49.494,73.3500,8
35389503687547,09:49:49.503,73.3400,100
35389503687547,09:49:49.503,73.3400,100
35389504254207,09:49:49.504,73.3400,37
35389510236665,09:49:49.510,73.3400,200
35389510236665,09:49:49.510,73.3400,100
35389510236665,09:49:49.510,73.3400,100
35398194367064,09:49:58.194,73.3500,57
35399863463671,09:49:59.863,73.3400,100
35399863463671,09:49:59.863,73.3400,100
35399863463671,09:49:59.863,73.3400,43
35410724425621,09:50:10.724,73.3400,100
35410724425621,09:50:10.724,73.3400,100
35412048817531,09:50:12.048,73.3500,100
35422054754345,09:50:22.054,73.3500,100
35429938798326,09:50:29.938,73.3500,100
35429938798326,09:50:29.938,73.3500,200
35434975822045,09:50:34.975,73.3400,100
35434975822045,09:50:34.975,73.3400,100
35435004570335,09:50:35.004,73.3300,100
35435004570335,09:50:35.004,73.3300,100
35440100840749,09:50:40.100,73.3200,100
35440100870542,09:50:40.100,73.3200,100
35440100870542,09:50:40.100,73.3200,100
35440100870542,09:50:40.100,73.3200,100
35440101500029,09:50:40.101,73.3200,46
35447064081708,09:50:47.064,73.3200,200
35447064081708,09:50:47.064,73.3200,100
35449917670589,09:50:49.917,73.3400,100
35450740799474,09:50:50.740,73.3500,100
35450761218375,09:50:50.761,73.3500,200
35450761218375,09:50:50.761,73.3500,100
35450762748996,09:50:50.762,73.3600,200
35450762748996,09:50:50.762,73.3600,100
35451604810978,09:50:51.604,73.3500,100
35451843810016,09:50:51.843,73.3600,102
35452844059410,09:50:52.844,73.3600,18
35453860781527,09:50:53.860,73.3600,10
35454879079795,09:50:54.879,73.3600,5
35455495060088,09:50:55.495,73.3600,65
35455495060088,09:50:55.495,73.3600,200
35455495060088,09:50:55.495,73.3600,335
35456457255820,09:50:56.457,73.3500,23
35479703787435,09:51:19.703,73.3500,100
35479703787435,09:51:19.703,73.3500,100
35488046971793,09:51:28.046,73.3600,59
35499961137994,09:51:39.961,73.3600,141
35499961137994,09:51:39.961,73.3600,100
35499961137994,09:51:39.961,73.3600,159
35499961183647,09:51:39.961,73.3600,41
35499961223035,09:51:39.961,73.3600,41
35499961276703,09:51:39.961,73.3600,159
35499961577184,09:51:39.961,73.3600,200
35499961730928,09:51:39.961,73.3600,200
35499962166826,09:51:39.962,73.3600,200
35500400485919,09:51:40.400,73.3550,100
35500400485919,09:51:40.400,73.3500,100
35500400485919,09:51:40.400,73.3500,100
35500400485919,09:51:40.400,73.3500,100
35500400485919,09:51:40.400,73.3500,600
35500400485919,09:51:40.400,73.3500,100
35500400506312,09:51:40.400,73.3500,100
35500400748513,09:51:40.400,73.3500,82
35500430529090,09:51:40.430,73.3500,82
35500430529090,09:51:40.430,73.3500,100
35500431086803,09:51:40.431,73.3500,3
35505419535753,09:51:45.419,73.3600,200
35505419535753,09:51:45.419,73.3600,100
35505419552917,09:51:45.419,73.3600,300
35505420855671,09:51:45.420,73.3600,15
35505423615782,09:51:45.423,73.3600,200
35505423615782,09:51:45.423,73.3600,700
35505548049280,09:51:45.548,73.3600,200
35505548049280,09:51:45.548,73.3600,100
35506574832177,09:51:46.574,73.3600,200
35506574832177,09:51:46.574,73.3600,100
35506574832177,09:51:46.574,73.3600,100
35506575019657,09:51:46.575,73.3600,200
35506576555764,09:51:46.576,73.3600,200
35506691031097,09:51:46.691,73.3600,100
35507574360516,09:51:47.574,73.3600,100
35508592582302,09:51:48.592,73.3600,3
35510767612293,09:51:50.767,73.3600,11
35512067366770,09:51:52.067,73.3600,2
35516819037802,09:51:56.819,73.3600,2
35516872678891,09:51:56.872,73.3600,82
35516872678891,09:51:56.872,73.3600,16
35521819400559,09:52:01.819,73.4000,100
35523268754070,09:52:03.268,73.4100,1
35523268781719,09:52:03.268,73.4100,199
35523268781719,09:52:03.268,73.4100,100
35523271406432,09:52:03.271,73.4200,100
35523271406432,09:52:03.271,73.4200,100
35523620427433,09:52:03.620,73.4400,100
35523620427433,09:52:03.620,73.4400,100
35523620427433,09:52:03.620,73.4400,100
35523626876055,09:52:03.626,73.4400,100
35525621591129,09:52:05.621,73.4300,100
35525621591129,09:52:05.621,73.4300,100
35525621591129,09:52:05.621,73.4300,20
35526387563203,09:52:06.387,73.4500,1
35526387590532,09:52:06.387,73.4500,99
35526387590532,09:52:06.387,73.4500,100
35526392235712,09:52:06.392,73.4500,12
35526751872975,09:52:06.751,73.4400,100
35526751872975,09:52:06.751,73.4400,100
35527895478983,09:52:07.895,73.4500,1
35527990086618,09:52:07.990,73.4500,1
35562553053472,09:52:42.553,73.4500,200
35562553053472,09:52:42.553,73.4500,200
35562553053472,09:52:42.553,73.4500,100
35562553053472,09:52:42.553,73.4500,100
35562553159078,09:52:42.553,73.4500,100
35562553159078,09:52:42.553,73.4500,100
35562555282780,09:52:42.555,73.4500,100
35562555282780,09:52:42.555,73.4500,100
35562555282780,09:52:42.555,73.4500,100
35562709030364,09:52:42.709,73.4500,100
35562761734050,09:52:42.761,73.4500,100
35562857298539,09:52:42.857,73.4500,100
35562857298539,09:52:42.857,73.4500,100
35562857298539,09:52:42.857,73.4500,100
35562857298539,09:52:42.857,73.4500,100
35564847866930,09:52:44.847,73.4500,100
35564847866930,09:52:44.847,73.4500,100
35565144842724,09:52:45.144,73.4500,100
35565144842724,09:52:45.144,73.4500,100
35565830339396,09:52:45.830,73.4500,100
35565830339396,09:52:45.830,73.4500,3
35565831724159,09:52:45.831,73.4500,200
35566160452758,09:52:46.160,73.4500,100
35567618802300,09:52:47.618,73.4500,100
35567687303227,09:52:47.687,73.4500,100
35572149091576,09:52:52.149,73.4500,100
35572149091576,09:52:52.149,73.4500,200
35572149091576,09:52:52.149,73.4500,100
35572149091576,09:52:52.149,73.4500,100
35572149091576,09:52:52.149,73.4500,100
35572149091576,09:52:52.149,73.4500,100
35572152452366,09:52:52.152,73.4500,200
35572153002696,09:52:52.153,73.4500,6
35572660226042,09:52:52.660,73.4500,100
35572702262630,09:52:52.702,73.4550,100
35572702262630,09:52:52.702,73.4600,100
35572702262630,09:52:52.702,73.4600,100
35574764434981,09:52:54.764,73.4550,100
35575483031795,09:52:55.483,73.4500,100
35575483031795,09:52:55.483,73.4500,1
35576006931817,09:52:56.006,73.4500,29
35576006959170,09:52:56.006,73.4500,186
35576011502519,09:52:56.011,73.4500,62
35576232604770,09:52:56.232,73.4550,100
35576232604770,09:52:56.232,73.4600,100
35576232604770,09:52:56.232,73.4600,14
35576232604770,09:52:56.232,73.4600,86
35576232634290,09:52:56.232,73.4600,85
35576232811079,09:52:56.232,73.4600,15
35579190769299,09:52:59.190,73.4650,82
35579190901808,09:52:59.190,73.4650,18
35579190901808,09:52:59.190,73.4700,14
35579190901808,09:52:59.190,73.4700,171
35579190901808,09:52:59.190,73.4700,15
35579190901808,09:52:59.190,73.4700,382
35579191264014,09:52:59.191,73.4700,8
35582757789155,09:53:02.757,73.4600,100
35582757789155,09:53:02.757,73.4600,100
35582757789155,09:53:02.757,73.4600,100
35582757819071,09:53:02.757,73.4600,100
35582758418658,09:53:02.758,73.4600,75
35582768038189,09:53:02.768,73.4550,15
35584037743108,09:53:04.037,73.4550,10
35587732844466,09:53:07.732,73.4500,100
35587732844466,09:53:07.732,73.4500,100
35587732844466,09:53:07.732,73.4500,23
35588243204848,09:53:08.243,73.4400,300
35588243204848,09:53:08.243,73.4400,100
35588243204848,09:53:08.243,73.4400,200
35588243204848,09:53:08.243,73.4400,100
35588909289817,09:53:08.909,73.4400,1
35588909822256,09:53:08.909,73.4400,3
35589320009004,09:53:09.320,73.4400,3
35591675101101,09:53:11.675,73.4300,100
35591675101101,09:53:11.675,73.4300,100
35591675101101,09:53:11.675,73.4300,100
35596805274596,09:53:16.805,73.4300,100
35596805274596,09:53:16.805,73.4300,100
35596805274596,09:53:16.805,73.4300,100
35597617316282,09:53:17.617,73.4300,100
35597653936004,09:53:17.653,73.4300,200
35597654684477,09:53:17.654,73.4400,100
35597654684477,09:53:17.654,73.4400,100
35597654684477,09:53:17.654,73.4400,100
35597654684477,09:53:17.654,73.4400,100
35604560918507,09:53:24.560,73.4300,100
35604560918507,09:53:24.560,73.4300,500
35604560918507,09:53:24.560,73.4300,100
35604560918507,09:53:24.560,73.4300,200
35604561245052,09:53:24.561,73.4300,500
35604561377711,09:53:24.561,73.4300,57
35604561404081,09:53:24.561,73.4300,100
35604561677055,09:53:24.561,73.4300,147
35604562363604,09:53:24.562,73.4300,100
35604562387880,09:53:24.562,73.4300,80
35611082288056,09:53:31.082,73.4400,3
35625003872056,09:53:45.003,73.4300,100
35625003872056,09:53:45.003,73.4300,500
35625003872056,09:53:45.003,73.4300,100
35625004328349,09:53:45.004,73.4300,100
35625004447889,09:53:45.004,73.4300,96
35626642070750,09:53:46.642,73.4200,100
35627304552681,09:53:47.304,73.4200,100
35627304577880,09:53:47.304,73.4200,2
35627304627668,09:53:47.304,73.4200,98
35627304726581,09:53:47.304,73.4200,100
35627308205952,09:53:47.308,73.4200,100
35632768959381,09:53:52.768,73.4200,2
35632768959381,09:53:52.768,73.4200,41
35632770503163,09:53:52.770,73.4200,57
35632770503163,09:53:52.770,73.4200,100
35632770503163,09:53:52.770,73.4200,100
35636096692849,09:53:56.096,73.4300,50
35636096735508,09:53:56.096,73.4300,50
35636097680284,09:53:56.097,73.4300,100
35644262385741,09:54:04.262,73.4300,100
35644975680453,09:54:04.975,73.4300,100
35644975680453,09:54:04.975,73.4300,100
35647763047037,09:54:07.763,73.4200,100
35657959812729,09:54:17.959,73.4100,20
35657959812729,09:54:17.959,73.4100,2
35657959812729,09:54:17.959,73.4100,228
35657959828491,09:54:17.959,73.4100,172
35657959828491,09:54:17.959,73.4100,78
35657959918859,09:54:17.959,73.4100,22
35657959918859,09:54:17.959,73.4100,78
35657959950545,09:54:17.959,73.4100,22
35657959950545,09:54:17.959,73.4100,100
35657959950545,09:54:17.959,73.4100,100
35657959950545,09:54:17.959,73.4100,37
35657959982619,09:54:17.959,73.4100,63
35657959990782,09:54:17.959,73.4100,63
35657960047039,09:54:17.960,73.4100,37
35657978624544,09:54:17.978,73.4000,100
35657980573591,09:54:17.980,73.4000,100
35657980573591,09:54:17.980,73.4000,100
35657980613152,09:54:17.980,73.4000,26
35657980613152,09:54:17.980,73.4000,100
35659768383344,09:54:19.768,73.3900,21
35659768383344,09:54:19.768,73.3900,100
35662249227041,09:54:22.249,73.3800,100
35662797387267,09:54:22.797,73.3800,100
35666562706958,09:54:26.562,73.3900,41
35666562733185,09:54:26.562,73.3900,26
35667971137948,09:54:27.971,73.3700,100
35675099473178,09:54:35.099,73.3750,100
35677916958105,09:54:37.916,73.3800,100
35677916958105,09:54:37.916,73.3800,46
35677917452484,09:54:37.917,73.3800,54
35677917452484,09:54:37.917,73.3800,100
35677917452484,09:54:37.917,73.3800,38
35681209825691,09:54:41.209,73.3800,139
35685258456082,09:54:45.258,73.3800,100
35685258456082,09:54:45.258,73.3800,100
35685437965058,09:54:45.437,73.3900,100
35685437965058,09:54:45.437,73.3900,100
35685437965058,09:54:45.437,73.3900,100
35685857035210,09:54:45.857,73.3900,200
35685857035210,09:54:45.857,73.3900,100
35687500410035,09:54:47.500,73.3900,100
35688527660149,09:54:48.527,73.3800,100
35689049032629,09:54:49.049,73.3800,100
35690702400414,09:54:50.702,73.3800,100
35693152221097,09:54:53.152,73.3800,100
35699186060405,09:54:59.186,73.3900,100
35701595697313,09:55:01.595,73.4100,200
35704002828902,09:55:04.002,73.4200,100
35704002828902,09:55:04.002,73.4200,300
35704002856142,09:55:04.002,73.4200,200
35704003462486,09:55:04.003,73.4300,100
35704003462486,09:55:04.003,73.4300,100
35704003462486,09:55:04.003,73.4300,99
35704004366020,09:55:04.004,73.4300,200
35707245211456,09:55:07.245,73.4200,100
35710481241280,09:55:10.481,73.4300,100
35715429869481,09:55:15.429,73.4400,100
35715429869481,09:55:15.429,73.4400,100
35715429869481,09:55:15.429,73.4400,100
35721978513611,09:55:21.978,73.4300,100
35721978542700,09:55:21.978,73.4300,35
35721978571156,09:55:21.978,73.4300,65
35721978571156,09:55:21.978,73.4300,2
35721978571156,09:55:21.978,73.4300,100
35721980720480,09:55:21.980,73.4200,100
35727093492136,09:55:27.093,73.4200,7
35730597246872,09:55:30.597,73.4100,100
35730597246872,09:55:30.597,73.4100,100
35730597246872,09:55:30.597,73.4100,200
35730620495966,09:55:30.620,73.4000,100
35731226662625,09:55:31.226,73.4000,100
35731227088331,09:55:31.227,73.4000,100
35731227088331,09:55:31.227,73.4000,100
35731227088331,09:55:31.227,73.4000,100
35731974591961,09:55:31.974,73.3900,100
35731974591961,09:55:31.974,73.3900,100
35745027360910,09:55:45.027,73.3900,24
35746466005155,09:55:46.466,73.3900,2
35746849857499,09:55:46.849,73.4000,200
35747189916879,09:55:47.189,73.4200,24
35747189954971,09:55:47.189,73.4200,76
35749426348843,09:55:49.426,73.4100,24
35755740355986,09:55:55.740,73.4200,100
35764325050659,09:56:04.325,73.4300,100
35764325050659,09:56:04.325,73.4300,100
35768437473861,09:56:08.437,73.4100,76
35768437473861,09:56:08.437,73.4100,100
35773351235987,09:56:13.351,73.4000,100
35773351235987,09:56:13.351,73.4000,100
35773351829374,09:56:13.351,73.4000,100
35777248368019,09:56:17.248,73.4000,100
35777248368019,09:56:17.248,73.4000,100
35784564489703,09:56:24.564,73.4000,100
35787592579203,09:56:27.592,73.4100,100
35787592579203,09:56:27.592,73.4100,23
35787593434691,09:56:27.593,73.4100,77
35787593434691,09:56:27.593,73.4100,100
35787593434691,09:56:27.593,73.4100,100
35787593434691,09:56:27.593,73.4100,100
35794627283910,09:56:34.627,73.4300,100
35794627283910,09:56:34.627,73.4300,100
35794627283910,09:56:34.627,73.4300,100
35794633888255,09:56:34.633,73.4400,200
35795829447577,09:56:35.829,73.4300,100
35801127559478,09:56:41.127,73.4200,100
35801688186300,09:56:41.688,73.4100,100
35801688186300,09:56:41.688,73.4100,200
35820288217179,09:57:00.288,73.4000,100
35820288217179,09:57:00.288,73.4000,2
35820290344632,09:57:00.290,73.3900,100
35821150580743,09:57:01.150,73.3900,100
35822104923938,09:57:02.104,73.3900,100
35822104923938,09:57:02.104,73.3900,24
35822297195822,09:57:02.297,73.3800,100
35823172714191,09:57:03.172,73.3750,51
35826234899921,09:57:06.234,73.3650,49
35826234899921,09:57:06.234,73.3600,51
35828981435082,09:57:08.981,73.3500,100
35829811608103,09:57:09.811,73.3400,100
35832564487693,09:57:12.564,73.3200,100
35832564487693,09:57:12.564,73.3200,100
35832566198871,09:57:12.566,73.3100,100
35832802340929,09:57:12.802,73.3100,100
35832939183592,09:57:12.939,73.3100,100
35835011608445,09:57:15.011,73.3050,100
35836335404503,09:57:16.335,73.3100,100
35837556107406,09:57:17.556,73.3100,100
35839202757399,09:57:19.202,73.3200,100
35840459489642,09:57:20.459,73.3300,58
35840459496352,09:57:20.459,73.3300,42
35840459496352,09:57:20.459,73.3300,100
35842300010582,09:57:22.300,73.3400,100
35850215625218,09:57:30.215,73.3300,46
35860349927604,09:57:40.349,73.3300,100
35862897269927,09:57:42.897,73.3200,100
35862897269927,09:57:42.897,73.3200,200
35862897269927,09:57:42.897,73.3200,100
35862957077043,09:57:42.957,73.3100,100
35871550389710,09:57:51.550,73.3000,100
35876434846874,09:57:56.434,73.2900,100
35876998496296,09:57:56.998,73.2900,100
35876998496296,09:57:56.998,73.2900,82
35876998550895,09:57:56.998,73.2900,18
35876998550895,09:57:56.998,73.2900,79
35876999001045,09:57:56.999,73.2900,21
35878551739395,09:57:58.551,73.2900,100
35878767870964,09:57:58.767,73.3000,100
35880860067463,09:58:00.860,73.3000,100
35881736180985,09:58:01.736,73.3000,100
35886281090130,09:58:06.281,73.3100,100
35886281090130,09:58:06.281,73.3100,100
35886281090130,09:58:06.281,73.3100,100
35886281090130,09:58:06.281,73.3100,100
35888750819601,09:58:08.750,73.3100,100
35888750819601,09:58:08.750,73.3100,100
35888765360088,09:58:08.765,73.3000,100
35889614040809,09:58:09.614,73.3000,100
35893978471420,09:58:13.978,73.3100,100
35899185183394,09:58:19.185,73.3100,100
35899185255384,09:58:19.185,73.3100,24
35900004363539,09:58:20.004,73.3000,100
35909800296585,09:58:29.800,73.3000,100
35914292741770,09:58:34.292,73.3000,100
35914293035825,09:58:34.293,73.3000,100
35917510203197,09:58:37.510,73.2900,100
35920005272005,09:58:40.005,73.2900,100
35921742130486,09:58:41.742,73.2900,100
35925924966017,09:58:45.924,73.2800,100
35929860114659,09:58:49.860,73.2850,1
35930004598226,09:58:50.004,73.2850,99
35930004598226,09:58:50.004,73.2800,1
35930004626181,09:58:50.004,73.2800,99
35930713315359,09:58:50.713,73.2800,100
35935328116607,09:58:55.328,73.2800,100
35937532283041,09:58:57.532,73.2800,100
35937532283041,09:58:57.532,73.2900,100
35937532283041,09:58:57.532,73.2900,100
35937532349005,09:58:57.532,73.2900,100
35937551559908,09:58:57.551,73.2900,100
35941222037946,09:59:01.222,73.2800,100
35941229251412,09:59:01.229,73.2800,100
35941229251412,09:59:01.229,73.2800,100
35948603294081,09:59:08.603,73.2700,7
35948603294081,09:59:08.603,73.2700,200
35948603294081,09:59:08.603,73.2700,200
35948603294081,09:59:08.603,73.2700,93
35948603324238,09:59:08.603,73.2700,7
35954084730687,09:59:14.084,73.2800,100
35954084730687,09:59:14.084,73.2800,100
35954191108463,09:59:14.191,73.2800,100
35954426313860,09:59:14.426,73.2800,100
35955762218698,09:59:15.762,73.2800,100
35957000665880,09:59:17.000,73.2800,100
35961798930245,09:59:21.798,73.2800,100
35964448614511,09:59:24.448,73.2800,100
35964451930639,09:59:24.451,73.2800,100
35964527988924,09:59:24.527,73.2800,100
35965563055475,09:59:25.563,73.2800,100
35967758369577,09:59:27.758,73.2800,100
35969800825027,09:59:29.800,73.2800,100
35969804061752,09:59:29.804,73.2800,300
35969822665513,09:59:29.822,73.2700,100
35969822708426,09:59:29.822,73.2700,100
35969823146647,09:59:29.823,73.2700,83
35969833913555,09:59:29.833,73.2700,100
35969833950211,09:59:29.833,73.2700,17
35970187851924,09:59:30.187,73.2600,100
35970260482181,09:59:30.260,73.2600,130
35970260488001,09:59:30.260,73.2600,100
35970260550713,09:59:30.260,73.2600,70
35970261242036,09:59:30.261,73.2500,30
35970261242036,09:59:30.261,73.2500,100
35975613434355,09:59:35.613,73.2500,100
35978215099793,09:59:38.215,73.2550,100
35978215124230,09:59:38.215,73.2500,100
35978215125674,09:59:38.215,73.2500,100
35987981336527,09:59:47.981,73.2600,100
35987982251268,09:59:47.982,73.2600,100
35987982251268,09:59:47.982,73.2600,100
35987982251268,09:59:47.982,73.2600,100
35987982251268,09:59:47.982,73.2600,100
35987982251268,09:59:47.982,73.2600,109
35987989581689,09:59:47.989,73.2600,100
35987989581689,09:59:47.989,73.2600,100
35988439381161,09:59:48.439,73.2600,100
35988527382133,09:59:48.527,73.2600,100
35988527382133,09:59:48.527,73.2600,6
35989113390790,09:59:49.113,73.2600,100
35989535759012,09:59:49.535,73.2600,100
35989538000818,09:59:49.538,73.2500,100
35989556437348,09:59:49.556,73.2500,100
35989556934477,09:59:49.556,73.2500,100
35989557088836,09:59:49.557,73.2500,100
35990016089949,09:59:50.016,73.2500,100
35990414674376,09:59:50.414,73.2400,100
35991750910063,09:59:51.750,73.2300,100
35991750910063,09:59:51.750,73.2300,100
35992322064945,09:59:52.322,73.2300,100
35994950327715,09:59:54.950,73.2300,100
35998125955429,09:59:58.125,73.2300,100
35998125999912,09:59:58.125,73.2300,100
35998135618339,09:59:58.135,73.2400,100
35999314654866,09:59:59.314,73.2400,100
36000600924632,10:00:00.600,73.2400,98
36000601185473,10:00:00.601,73.2400,102
36000601185473,10:00:00.601,73.2400,98
36000609841203,10:00:00.609,73.2400,100
36004573833997,10:00:04.573,73.2400,2
36004573833997,10:00:04.573,73.2400,100
36010095946479,10:00:10.095,73.2400,100
36010095973672,10:00:10.095,73.2400,100
36010095973672,10:00:10.095,73.2400,100
36010122914965,10:00:10.122,73.2500,86
36010123266861,10:00:10.123,73.2500,14
36010123266861,10:00:10.123,73.2500,200
36010866603021,10:00:10.866,73.2600,100
36012585311303,10:00:12.585,73.2700,100
36014118457232,10:00:14.118,73.2800,100
36014541896848,10:00:14.541,73.2900,100
36021575284677,10:00:21.575,73.3200,100
36024637688564,10:00:24.637,73.3200,15
36024637688564,10:00:24.637,73.3200,100
36024637688564,10:00:24.637,73.3200,100
36029191883432,10:00:29.191,73.3100,100
36029191883432,10:00:29.191,73.3100,200
36029516029464,10:00:29.516,73.3000,100
36029516029464,10:00:29.516,73.3000,100
36033518799079,10:00:33.518,73.2900,100
36033518840935,10:00:33.518,73.2900,100
36044551529905,10:00:44.551,73.2900,100
36051411080702,10:00:51.411,73.2800,28
36051411106141,10:00:51.411,73.2800,72
36051411106141,10:00:51.411,73.2800,100
36051411106141,10:00:51.411,73.2800,100
36054498541867,10:00:54.498,73.2800,100
36054498541867,10:00:54.498,73.2800,200
36054498541867,10:00:54.498,73.2800,100
36054498541867,10:00:54.498,73.2800,100
36065035829442,10:01:05.035,73.2800,200
36065035829442,10:01:05.035,73.2800,100
36066182824564,10:01:06.182,73.2800,100
36070223095052,10:01:10.223,73.2700,300
36070223095052,10:01:10.223,73.2700,100
36071243643395,10:01:11.243,73.2500,100
36071243643395,10:01:11.243,73.2500,100
36071243643395,10:01:11.243,73.2500,19
36071243643395,10:01:11.243,73.2500,2
36075022745094,10:01:15.022,73.2400,92
36075022774394,10:01:15.022,73.2400,8
36078815992004,10:01:18.815,73.2500,100
36078816348943,10:01:18.816,73.2500,33
36078816748669,10:01:18.816,73.2500,67
36078816748669,10:01:18.816,73.2500,100
36078819336370,10:01:18.819,73.2500,100
36078865065201,10:01:18.865,73.2500,100
36079390719396,10:01:19.390,73.2400,100
36079390719396,10:01:19.390,73.2400,8
36080354598810,10:01:20.354,73.2300,100
36080365069480,10:01:20.365,73.2300,100
36080365076568,10:01:20.365,73.2300,100
36080507748147,10:01:20.507,73.2300,54
36080507897324,10:01:20.507,73.2300,46
36084876487996,10:01:24.876,73.2300,100
36084876487996,10:01:24.876,73.2300,100
36084876487996,10:01:24.876,73.2300,200
36086785928676,10:01:26.785,73.2400,100
36086785928676,10:01:26.785,73.2400,300
36086785928676,10:01:26.785,73.2400,100
36090457817913,10:01:30.457,73.2500,100
36090457817913,10:01:30.457,73.2500,256
36090457845093,10:01:30.457,73.2500,44
36097008086817,10:01:37.008,73.2500,44
36097008086817,10:01:37.008,73.2500,256
36097008086817,10:01:37.008,73.2500,100
36105773288754,10:01:45.773,73.2400,100
36109640469286,10:01:49.640,73.2400,100
36109640469286,10:01:49.640,73.2400,200
36109640469286,10:01:49.640,73.2400,100
36111355168721,10:01:51.355,73.2400,100
36111355168721,10:01:51.355,73.2400,100
36112232423356,10:01:52.232,73.2400,100
36112274614662,10:01:52.274,73.2300,100
36112274614662,10:01:52.274,73.2300,100
36113961364486,10:01:53.961,73.2300,15
36113961364486,10:01:53.961,73.2300,100
36113961364486,10:01:53.961,73.2300,15
36113961364486,10:01:53.961,73.2300,85
36114099180117,10:01:54.099,73.2300,100
36114099180117,10:01:54.099,73.2300,100
36116229902150,10:01:56.229,73.2400,100
36119358789317,10:01:59.358,73.2400,100
36121225059338,10:02:01.225,73.2400,54
36121229979962,10:02:01.229,73.2400,46
36121229979962,10:02:01.229,73.2400,8
36121302009462,10:02:01.302,73.2400,54
36121302265724,10:02:01.302,73.2400,38
36121303335656,10:02:01.303,73.2400,54
36121303840595,10:02:01.303,73.2400,40
36126763228436,10:02:06.763,73.2400,100
36126764804121,10:02:06.764,73.2400,38
36126764821240,10:02:06.764,73.2400,68
36128765328977,10:02:08.765,73.2400,100
36128765328977,10:02:08.765,73.2400,100
36130565519264,10:02:10.565,73.2500,100
36130565581919,10:02:10.565,73.2500,5
36131959938584,10:02:11.959,73.2400,54
36131960113854,10:02:11.960,73.2400,68
36131960236599,10:02:11.960,73.2400,78
36131960236599,10:02:11.960,73.2400,30
36131960523100,10:02:11.960,73.2400,54
36131962631852,10:02:11.962,73.2400,54
36131962959703,10:02:11.962,73.2400,54
36134299754836,10:02:14.299,73.2400,100
36134299754836,10:02:14.299,73.2400,8
36134299949638,10:02:14.299,73.2400,62
36134300047880,10:02:14.300,73.2400,30
36134300047880,10:02:14.300,73.2400,24
36134300074371,10:02:14.300,73.2400,76
36134302009026,10:02:14.302,73.2300,28
36134304357203,10:02:14.304,73.2300,26
36134304949738,10:02:14.304,73.2300,46
36134304949738,10:02:14.304,73.2300,8
36134306518871,10:02:14.306,73.2300,32
36134307290834,10:02:14.307,73.2300,62
36138533728726,10:02:18.533,73.2400,200
36141177922931,10:02:21.177,73.2500,100
36141178330015,10:02:21.178,73.2500,100
36141179092935,10:02:21.179,73.2500,100
36141943392014,10:02:21.943,73.2500,100
36141943392014,10:02:21.943,73.2500,100
36141943392014,10:02:21.943,73.2500,100
36147455878262,10:02:27.455,73.2400,100
36147462447157,10:02:27.462,73.2400,100
36147462447157,10:02:27.462,73.2400,100
36158254485728,10:02:38.254,73.2700,100
36158254647691,10:02:38.254,73.2700,100
36158254647691,10:02:38.254,73.2700,200
36158257651193,10:02:38.257,73.2700,100
36158257651193,10:02:38.257,73.2700,100
36159653863408,10:02:39.653,73.2700,114
36159899695181,10:02:39.899,73.2600,17
36159899695181,10:02:39.899,73.2600,83
36159900029154,10:02:39.900,73.2600,17
36159900029154,10:02:39.900,73.2600,43
36161873823891,10:02:41.873,73.2600,100
36166679435944,10:02:46.679,73.2500,100
36166679435944,10:02:46.679,73.2500,100
36166679435944,10:02:46.679,73.2500,200
36166686771200,10:02:46.686,73.2400,200
36166689379776,10:02:46.689,73.2300,98
36166689379776,10:02:46.689,73.2300,200
36166689379776,10:02:46.689,73.2300,100
36166691046391,10:02:46.691,73.2400,100
36166699256606,10:02:46.699,73.2200,4
36166701332052,10:02:46.701,73.2200,16
36166701332052,10:02:46.701,73.2200,34
36166730615846,10:02:46.730,73.2300,100
36166740854411,10:02:46.740,73.2200,26
36166765717669,10:02:46.765,73.2200,74
36166765717669,10:02:46.765,73.2200,26
36166905198712,10:02:46.905,73.2200,100
36168175801817,10:02:48.175,73.2100,35
36172285654087,10:02:52.285,73.2200,100
36172285654087,10:02:52.285,73.2200,100
36172285654087,10:02:52.285,73.2200,4
36172285682748,10:02:52.285,73.2200,96
36177747357405,10:02:57.747,73.2600,100
36178134464331,10:02:58.134,73.2600,38
36178134515771,10:02:58.134,73.2600,162
36178134515771,10:02:58.134,73.2600,30
36187498005625,10:03:07.498,73.2600,100
36187498077358,10:03:07.498,73.2600,100
36187847980909,10:03:07.847,73.2600,200
36189644012307,10:03:09.644,73.2500,60
36189644012307,10:03:09.644,73.2500,100
36189644012307,10:03:09.644,73.2500,2
36189644012307,10:03:09.644,73.2500,100
36189657055290,10:03:09.657,73.2500,100
36189657055290,10:03:09.657,73.2500,100
36189657055290,10:03:09.657,73.2500,100
36189657982965,10:03:09.657,73.2500,67
36189667129663,10:03:09.667,73.2500,100
36189667129663,10:03:09.667,73.2500,100
36193449681900,10:03:13.449,73.2500,200
36196699636408,10:03:16.699,73.2600,100
36198110215668,10:03:18.110,73.2700,100
36198969161207,10:03:18.969,73.2800,100
36203230005452,10:03:23.230,73.2800,100
36203241578775,10:03:23.241,73.2800,100
36204475497271,10:03:24.475,73.2900,100
36207718363953,10:03:27.718,73.3100,200
36207718363953,10:03:27.718,73.3100,100
36213482000877,10:03:33.482,73.3200,100
36217250690320,10:03:37.250,73.3200,100
36227142029014,10:03:47.142,73.3300,100
36227143637850,10:03:47.143,73.3300,100
36237334323959,10:03:57.334,73.3300,100
36237334323959,10:03:57.334,73.3300,100
36238118244310,10:03:58.118,73.3200,100
36239400201966,10:03:59.400,73.3200,200
36239400201966,10:03:59.400,73.3200,100
36239400201966,10:03:59.400,73.3200,100
36244175368834,10:04:04.175,73.3200,140
36244175377977,10:04:04.175,73.3200,60
36244175377977,10:04:04.175,73.3200,200
36244175377977,10:04:04.175,73.3200,7
36246119377781,10:04:06.119,73.3300,100
36246119377781,10:04:06.119,73.3300,100
36249203430862,10:04:09.203,73.3400,100
36261669212074,10:04:21.669,73.3500,20
36267845035245,10:04:27.845,73.3500,1
36267845035245,10:04:27.845,73.3500,100
36267845035245,10:04:27.845,73.3500,100
36267845220649,10:04:27.845,73.3500,34
36267845385004,10:04:27.845,73.3500,100
36267845480758,10:04:27.845,73.3500,166
36267862801830,10:04:27.862,73.3500,100
36267862801830,10:04:27.862,73.3500,100
36270791822485,10:04:30.791,73.3500,100
36270791822485,10:04:30.791,73.3500,100
36270791822485,10:04:30.791,73.3500,300
36270791822485,10:04:30.791,73.3500,100
36270791822485,10:04:30.791,73.3500,100
36280180841424,10:04:40.180,73.3500,100
36280180841424,10:04:40.180,73.3500,200
36280194247268,10:04:40.194,73.3500,100
36280404920927,10:04:40.404,73.3500,100
36280405051812,10:04:40.405,73.3500,200
36280405058442,10:04:40.405,73.3500,100
36280405070437,10:04:40.405,73.3500,90
36280405100493,10:04:40.405,73.3500,10
36280406189984,10:04:40.406,73.3400,100
36280406468491,10:04:40.406,73.3400,100
36283317554228,10:04:43.317,73.3300,100
36284640556146,10:04:44.640,73.3200,100
36290095108413,10:04:50.095,73.3150,100
36290095108413,10:04:50.095,73.3200,100
36290095108413,10:04:50.095,73.3200,400
36290095108413,10:04:50.095,73.3200,100
36290095108413,10:04:50.095,73.3200,200
36290298599998,10:04:50.298,73.3100,300
36291447349730,10:04:51.447,73.3000,100
36291447398203,10:04:51.447,73.3000,100
36291447398203,10:04:51.447,73.3000,100
36292502424028,10:04:52.502,73.2900,100
36292503494304,10:04:52.503,73.2850,100
36292503494304,10:04:52.503,73.2900,100
36292503494304,10:04:52.503,73.2900,100
36292503494304,10:04:52.503,73.2900,100
36292503494304,10:04:52.503,73.2900,100
36292531968391,10:04:52.531,73.2900,100
36292532477418,10:04:52.532,73.2900,100
36292532566382,10:04:52.532,73.2900,100
36292532728137,10:04:52.532,73.2900,100
36292532728137,10:04:52.532,73.2900,100
36292532728137,10:04:52.532,73.2900,100
36292532728137,10:04:52.532,73.2900,100
36292532728137,10:04:52.532,73.2900,100
36292577530996,10:04:52.577,73.2900,100
36292577530996,10:04:52.577,73.2900,100
36292611422600,10:04:52.611,73.2900,100
36292612506608,10:04:52.612,73.2800,100
36292612506608,10:04:52.612,73.2800,100
36292612506608,10:04:52.612,73.2800,100
36294625487776,10:04:54.625,73.2750,100
36294625487776,10:04:54.625,73.2800,100
36294625487776,10:04:54.625,73.2800,100
36294625487776,10:04:54.625,73.2800,100
36294625487776,10:04:54.625,73.2800,400
36294625557276,10:04:54.625,73.2800,100
36294627415222,10:04:54.627,73.2800,100
36294631113847,10:04:54.631,73.2800,46
36294853564405,10:04:54.853,73.2700,18
36294853564405,10:04:54.853,73.2700,4
36294856816581,10:04:54.856,73.2700,84
36294857515914,10:04:54.857,73.2700,16
36294857515914,10:04:54.857,73.2700,42
36304447621628,10:05:04.447,73.2750,100
36304474473411,10:05:04.474,73.2750,100
36304474473411,10:05:04.474,73.2800,72
36304474487098,10:05:04.474,73.2800,28
36304474487098,10:05:04.474,73.2800,54
36304474487098,10:05:04.474,73.2800,100
36304474487098,10:05:04.474,73.2800,68
36305131095657,10:05:05.131,73.2750,100
36305131095657,10:05:05.131,73.2800,32
36305131095657,10:05:05.131,73.2800,100
36305131549238,10:05:05.131,73.2800,100
36305140994534,10:05:05.140,73.2850,26
36305157243167,10:05:05.157,73.2850,74
36307206674161,10:05:07.206,73.2850,100
36309221985410,10:05:09.221,73.2850,100
36313276441099,10:05:13.276,73.2850,100
36315404670049,10:05:15.404,73.2850,100
36317335949552,10:05:17.335,73.2800,200
36317346850748,10:05:17.346,73.2750,49
36321601098076,10:05:21.601,73.2750,51
36321601098076,10:05:21.601,73.2800,100
36321601098076,10:05:21.601,73.2800,100
36321601098076,10:05:21.601,73.2800,100
36321601098076,10:05:21.601,73.2800,4
36321601577345,10:05:21.601,73.2800,96
36321601577345,10:05:21.601,73.2800,100
36321601577345,10:05:21.601,73.2800,100
36322532384439,10:05:22.532,73.2800,200
36322532384439,10:05:22.532,73.2800,100
36331003569601,10:05:31.003,73.2750,1
36332152303541,10:05:32.152,73.2750,99
36332152303541,10:05:32.152,73.2750,1
36334479213465,10:05:34.479,73.2750,100
36336510792627,10:05:36.510,73.2750,100
36338602618726,10:05:38.602,73.2750,100
36338602618726,10:05:38.602,73.2800,100
36338603081099,10:05:38.603,73.2800,100
36344271199812,10:05:44.271,73.2800,10
36344271289043,10:05:44.271,73.2800,190
36344271289043,10:05:44.271,73.2800,10
36344271348631,10:05:44.271,73.2800,190
36345063652342,10:05:45.063,73.2750,100
36345063652342,10:05:45.063,73.2800,24
36345377988818,10:05:45.377,73.2750,35
36356953825135,10:05:56.953,73.2700,300
36356953825135,10:05:56.953,73.2700,100
36356963771795,10:05:56.963,73.2600,21
36356963798560,10:05:56.963,73.2600,33
36356964554918,10:05:56.964,73.2600,100
36357531290805,10:05:57.531,73.2500,100
36366939120336,10:06:06.939,73.2300,50
36366939136766,10:06:06.939,73.2300,150
36366939136766,10:06:06.939,73.2300,100
36366939151274,10:06:06.939,73.2300,100
36366939151274,10:06:06.939,73.2300,250
36366939160433,10:06:06.939,73.2300,50
36366940844429,10:06:06.940,73.2200,8
36366941155085,10:06:06.941,73.2200,5
36366941155085,10:06:06.941,73.2200,49
36366941489398,10:06:06.941,73.2200,16
36366941502035,10:06:06.941,73.2200,5
36367166479884,10:06:07.166,73.2100,200
36367166479884,10:06:07.166,73.2100,100
36367941008800,10:06:07.941,73.2150,100
36371196682091,10:06:11.196,73.2200,100
36371196682091,10:06:11.196,73.2200,100
36371196682091,10:06:11.196,73.2200,100
36371196682091,10:06:11.196,73.2200,100
36371196682091,10:06:11.196,73.2200,100
36371196682091,10:06:11.196,73.2200,5
36373082575307,10:06:13.082,73.2300,100
36373082575307,10:06:13.082,73.2300,100
36373082575307,10:06:13.082,73.2300,100
36373082588120,10:06:13.082,73.2300,100
36373087527304,10:06:13.087,73.2400,2
36374603238732,10:06:14.603,73.2500,100
36381140106940,10:06:21.140,73.2600,100
36381140106940,10:06:21.140,73.2600,100
36381140106940,10:06:21.140,73.2600,100
36381901535949,10:06:21.901,73.2550,100
36383495909607,10:06:23.495,73.2650,100
36386158037026,10:06:26.158,73.2600,100
36386158037026,10:06:26.158,73.2600,100
36386160052976,10:06:26.160,73.2500,100
36386160052976,10:06:26.160,73.2500,100
36386162869757,10:06:26.162,73.2400,100
36386169415709,10:06:26.169,73.2400,30
36386169415709,10:06:26.169,73.2400,100
36386169415709,10:06:26.169,73.2400,100
36386169415709,10:06:26.169,73.2400,100
36395007809523,10:06:35.007,73.2400,100
36395007809523,10:06:35.007,73.2400,100
36395008002267,10:06:35.008,73.2400,70
36403854234482,10:06:43.854,73.2500,100
36403854272056,10:06:43.854,73.2500,100
36403854277628,10:06:43.854,73.2500,60
36403854290896,10:06:43.854,73.2500,40
36408368381759,10:06:48.368,73.2600,200
36408368410115,10:06:48.368,73.2600,100
36408368410115,10:06:48.368,73.2600,100
36408714162990,10:06:48.714,73.2700,100
36411580755498,10:06:51.580,73.2900,100
36412593586773,10:06:52.593,73.2900,100
36412593586773,10:06:52.593,73.2900,100
36413089759515,10:06:53.089,73.2800,100
36413092710454,10:06:53.092,73.2600,100
36413095744757,10:06:53.095,73.2700,100
36413109245557,10:06:53.109,73.2700,100
36413109245557,10:06:53.109,73.2700,100
36413109290500,10:06:53.109,73.2700,100
36413109290500,10:06:53.109,73.2700,50
36413109426784,10:06:53.109,73.2700,50
36413109426784,10:06:53.109,73.2700,100
36413114378183,10:06:53.114,73.2800,100
36413114378183,10:06:53.114,73.2800,100
36413151311557,10:06:53.151,73.2800,100
36414500370579,10:06:54.500,73.2900,100
36414500370579,10:06:54.500,73.2900,100
36414500370579,10:06:54.500,73.2900,100
36414500370579,10:06:54.500,73.2900,200
36415447712970,10:06:55.447,73.2900,200
36415884703066,10:06:55.884,73.2900,100
36415884703066,10:06:55.884,73.2900,200
36415888728176,10:06:55.888,73.2900,100
36416211804714,10:06:56.211,73.2800,100
36416214570270,10:06:56.214,73.2800,100
36416214570270,10:06:56.214,73.2800,30
36416214570270,10:06:56.214,73.2800,70
36416234328500,10:06:56.234,73.2900,100
36416234328500,10:06:56.234,73.2900,100
36416240083508,10:06:56.240,73.2800,34
36416240083508,10:06:56.240,73.2800,100
36416240083508,10:06:56.240,73.2800,100
36416240083508,10:06:56.240,73.2800,100
36418155824606,10:06:58.155,73.2800,200
36418155824606,10:06:58.155,73.2800,100
36418155824606,10:06:58.155,73.2800,200
36419155905917,10:06:59.155,73.2800,100
36426913756719,10:07:06.913,73.2700,100
36426913756719,10:07:06.913,73.2700,100
36427642260483,10:07:07.642,73.2700,100
36428476414160,10:07:08.476,73.2700,100
36428476414160,10:07:08.476,73.2700,100
36429400855159,10:07:09.400,73.2800,100
36429400855159,10:07:09.400,73.2800,100
36429893395826,10:07:09.893,73.2900,100
36431803994364,10:07:11.803,73.3000,100
36431803994364,10:07:11.803,73.3000,300
36431804022098,10:07:11.804,73.3000,200
36432268039198,10:07:12.268,73.3100,100
36437159587354,10:07:17.159,73.3200,100
36437159587354,10:07:17.159,73.3200,100
36437159587354,10:07:17.159,73.3200,100
36447869212821,10:07:27.869,73.3100,100
36447874862529,10:07:27.874,73.3000,100
36447875358925,10:07:27.875,73.3000,100
36447882666825,10:07:27.882,73.3000,31
36447882666825,10:07:27.882,73.3000,100
36447882666825,10:07:27.882,73.3000,21
36459206915827,10:07:39.206,73.3100,79
36459206915827,10:07:39.206,73.3100,21
36459206934470,10:07:39.206,73.3100,79
36459206934470,10:07:39.206,73.3100,100
36467508399085,10:07:47.508,73.3300,100
36467511201556,10:07:47.511,73.3300,200
36467511201556,10:07:47.511,73.3300,100
36467511201556,10:07:47.511,73.3300,34
36467511201556,10:07:47.511,73.3300,100
36467511201556,10:07:47.511,73.3300,100
36470896841525,10:07:50.896,73.3300,100
36470896841525,10:07:50.896,73.3300,100
36478459159545,10:07:58.459,73.3400,100
36496152449448,10:08:16.152,73.3500,200
36496152449448,10:08:16.152,73.3500,100
36496152449448,10:08:16.152,73.3500,6
36496152449448,10:08:16.152,73.3500,100
36496152449448,10:08:16.152,73.3500,100
36496154779299,10:08:16.154,73.3500,100
36496154779299,10:08:16.154,73.3500,31
36496154779299,10:08:16.154,73.3500,100
36496160709678,10:08:16.160,73.3500,100
36496160709678,10:08:16.160,73.3500,100
36496161057173,10:08:16.161,73.3500,32
36496161057173,10:08:16.161,73.3500,100
36496161057173,10:08:16.161,73.3500,100
36496161057173,10:08:16.161,73.3500,27
36508738044884,10:08:28.738,73.3400,1
36508738044884,10:08:28.738,73.3400,100
36508738044884,10:08:28.738,73.3400,100
36508752811260,10:08:28.752,73.3400,100
36508752811260,10:08:28.752,73.3400,34
36508752811260,10:08:28.752,73.3400,100
36508752811260,10:08:28.752,73.3400,100
36508752811260,10:08:28.752,73.3400,44
36508752811260,10:08:28.752,73.3400,100
36508752811260,10:08:28.752,73.3400,73
36508752811260,10:08:28.752,73.3400,100
36508752811260,10:08:28.752,73.3400,100
36510138207484,10:08:30.138,73.3500,100
36510138207484,10:08:30.138,73.3500,100
36510138207484,10:08:30.138,73.3500,100
36510138207484,10:08:30.138,73.3500,100
36510151418987,10:08:30.151,73.3500,98
36515411147610,10:08:35.411,73.3500,2
36515411147610,10:08:35.411,73.3500,98
36515411582826,10:08:35.411,73.3500,2
36517663572462,10:08:37.663,73.3600,100
36518896535317,10:08:38.896,73.3700,100
36518896535317,10:08:38.896,73.3700,100
36518899142387,10:08:38.899,73.3700,100
36518899142387,10:08:38.899,73.3700,100
36518899142387,10:08:38.899,73.3700,31
36518899142387,10:08:38.899,73.3700,100
36518899142387,10:08:38.899,73.3700,100
36519241322820,10:08:39.241,73.3700,35
36519241322820,10:08:39.241,73.3700,100
36519241322820,10:08:39.241,73.3700,100
36521759094873,10:08:41.759,73.3600,100
36537520776406,10:08:57.520,73.3700,200
36537520776406,10:08:57.520,73.3700,100
36537520776406,10:08:57.520,73.3700,100
36543612389430,10:09:03.612,73.3800,100
36543614849946,10:09:03.614,73.3800,100
36543614849946,10:09:03.614,73.3800,32
36543614849946,10:09:03.614,73.3800,200
36543614849946,10:09:03.614,73.3800,100
36543614849946,10:09:03.614,73.3800,200
36543680573119,10:09:03.680,73.3700,200
36544607211744,10:09:04.607,73.3600,200
36546720215990,10:09:06.720,73.3500,100
36546720241501,10:09:06.720,73.3500,100
36546720256833,10:09:06.720,73.3500,100
36546720299581,10:09:06.720,73.3500,100
36548670308065,10:09:08.670,73.3500,100
36553569647331,10:09:13.569,73.3400,100
36553569647331,10:09:13.569,73.3400,2
36561981703103,10:09:21.981,73.3300,100
36561981730104,10:09:21.981,73.3300,300
36561981730104,10:09:21.981,73.3300,200
36561982162089,10:09:21.982,73.3300,8
36567692559205,10:09:27.692,73.3200,100
36567692559205,10:09:27.692,73.3200,80
36574981903564,10:09:34.981,73.3200,200
36574983206290,10:09:34.983,73.3200,200
36580924974047,10:09:40.924,73.3200,100
36580924974047,10:09:40.924,73.3200,100
36580924974047,10:09:40.924,73.3200,100
36580924974047,10:09:40.924,73.3200,200
36588080977830,10:09:48.080,73.3300,100
36588080977830,10:09:48.080,73.3300,200
36588080977830,10:09:48.080,73.3300,100
36588080977830,10:09:48.080,73.3300,200
36588548418779,10:09:48.548,73.3300,100
36589900662778,10:09:49.900,73.3300,100
36589901427363,10:09:49.901,73.3300,200
36589901427363,10:09:49.901,73.3300,100
36589901427363,10:09:49.901,73.3300,100
36589901427363,10:09:49.901,73.3300,32
36589901427363,10:09:49.901,73.3300,100
36589901427363,10:09:49.901,73.3300,100
36590335863591,10:09:50.335,73.3300,100
36590344046355,10:09:50.344,73.3300,100
36591939707157,10:09:51.939,73.3300,100
36591939707157,10:09:51.939,73.3300,100
36591939707157,10:09:51.939,73.3300,100
36591943451680,10:09:51.943,73.3300,100
36591956020233,10:09:51.956,73.3300,37
36591956020233,10:09:51.956,73.3300,100
36591956020233,10:09:51.956,73.3300,100
36591956020233,10:09:51.956,73.3300,100
36593762170053,10:09:53.762,73.3300,100
36593762213925,10:09:53.762,73.3300,100
36593762252411,10:09:53.762,73.3300,100
36593762627475,10:09:53.762,73.3300,100
36593762759378,10:09:53.762,73.3300,100
36593768142257,10:09:53.768,73.3300,100
36603361072951,10:10:03.361,73.3400,100
36603361072951,10:10:03.361,73.3400,100
36603361243760,10:10:03.361,73.3400,6
36604180822936,10:10:04.180,73.3400,200
36604180822936,10:10:04.180,73.3400,100
36604180822936,10:10:04.180,73.3400,33
36604180822936,10:10:04.180,73.3400,100
36604180822936,10:10:04.180,73.3400,100
36604180822936,10:10:04.180,73.3400,100
36606760952005,10:10:06.760,73.3500,100
36610151708955,10:10:10.151,73.3600,100
36615005146789,10:10:15.005,73.3600,100
36615005172313,10:10:15.005,73.3600,200
36615005196875,10:10:15.005,73.3600,100
36615058472389,10:10:15.058,73.3600,100
36615058472389,10:10:15.058,73.3600,32
36615058472389,10:10:15.058,73.3600,100
36615058472389,10:10:15.058,73.3600,100
36615058472389,10:10:15.058,73.3600,45
36619644541790,10:10:19.644,73.3600,10
36622284108052,10:10:22.284,73.3500,1
36622284108052,10:10:22.284,73.3500,100
36624578378658,10:10:24.578,73.3400,100
36624578787095,10:10:24.578,73.3400,25
36624579626415,10:10:24.579,73.3400,100
36624579730240,10:10:24.579,73.3400,100
36624581458176,10:10:24.581,73.3400,100
36625045754838,10:10:25.045,73.3400,100
36625045754838,10:10:25.045,73.3400,100
36625045754838,10:10:25.045,73.3400,100
36625045754838,10:10:25.045,73.3400,100
36625076143931,10:10:25.076,73.3400,100
36625090799810,10:10:25.090,73.3300,10
36625090799810,10:10:25.090,73.3300,90
36625106156442,10:10:25.106,73.3300,40
36625106185293,10:10:25.106,73.3300,60
36625106222489,10:10:25.106,73.3300,38
36625106276859,10:10:25.106,73.3300,140
36625479385774,10:10:25.479,73.3300,100
36631015443444,10:10:31.015,73.3300,100
36637488187380,10:10:37.488,73.3300,100
36637488684457,10:10:37.488,73.3300,100
36637546974411,10:10:37.546,73.3400,100
36637547000848,10:10:37.547,73.3400,100
36642625593092,10:10:42.625,73.3400,100
36647750403402,10:10:47.750,73.3300,100
36647750403402,10:10:47.750,73.3300,100
36647774820903,10:10:47.774,73.3300,100
36647774820903,10:10:47.774,73.3300,100
36658761456574,10:10:58.761,73.3400,100
36661452630136,10:11:01.452,73.3600,100
36664152221023,10:11:04.152,73.3600,100
36667537540189,10:11:07.537,73.3700,100
36667540433209,10:11:07.540,73.3700,100
36667540433209,10:11:07.540,73.3700,36
36667540433209,10:11:07.540,73.3700,100
36667540433209,10:11:07.540,73.3700,200
36676458054649,10:11:16.458,73.3900,100
36681803507083,10:11:21.803,73.3800,400
36692854867368,10:11:32.854,73.3700,140
36692854893109,10:11:32.854,73.3700,60
36692855005425,10:11:32.855,73.3700,100
36692855096803,10:11:32.855,73.3700,60
36692855181235,10:11:32.855,73.3700,7
36697067326249,10:11:37.067,73.3700,23
36697067326249,10:11:37.067,73.3700,100
36701673312030,10:11:41.673,73.3600,100
36701673312030,10:11:41.673,73.3600,7
36702542565312,10:11:42.542,73.3600,100
36702543963840,10:11:42.543,73.3700,100
36705454161147,10:11:45.454,73.3700,300
36705454161147,10:11:45.454,73.3700,100
36705484364199,10:11:45.484,73.3600,22
36705484575807,10:11:45.484,73.3700,100
36705519497566,10:11:45.519,73.3700,100
36705519497566,10:11:45.519,73.3700,45
36705532485009,10:11:45.532,73.3700,100
36705539749627,10:11:45.539,73.3700,100
36707227958164,10:11:47.227,73.3700,100
36707227958164,10:11:47.227,73.3700,100
36708689065389,10:11:48.689,73.3800,100
36708689065389,10:11:48.689,73.3800,100
36708689065389,10:11:48.689,73.3800,100
36708689065389,10:11:48.689,73.3800,200
36708697768723,10:11:48.697,73.3900,100
36708697768723,10:11:48.697,73.3900,300
36708697768723,10:11:48.697,73.3900,100
36708697768723,10:11:48.697,73.3900,100
36708697768723,10:11:48.697,73.3900,7
36708699101642,10:11:48.699,73.3900,93
36708699101642,10:11:48.699,73.3900,100
36711339832149,10:11:51.339,73.3900,100
36711339832149,10:11:51.339,73.3900,100
36713367520359,10:11:53.367,73.3900,25
36715350858217,10:11:55.350,73.3900,100
36715351164124,10:11:55.351,73.3900,75
36717046489924,10:11:57.046,73.3900,100
36717046489924,10:11:57.046,73.3900,100
36717052461781,10:11:57.052,73.3900,200
36717052461781,10:11:57.052,73.3900,33
36717052461781,10:11:57.052,73.3900,67
36717052489719,10:11:57.052,73.3900,33
36726254633132,10:12:06.254,73.3900,34
36726254633132,10:12:06.254,73.3900,100
36726254633132,10:12:06.254,73.3900,7
36730274464837,10:12:10.274,73.3900,100
36730274464837,10:12:10.274,73.3900,100
36730274564793,10:12:10.274,73.3900,100
36730274693436,10:12:10.274,73.3900,100
36730274905585,10:12:10.274,73.3900,100
36738152214949,10:12:18.152,73.3900,15
36751003997018,10:12:31.003,73.4000,100
36752502698230,10:12:32.502,73.4000,100
36752850495396,10:12:32.850,73.4000,100
36754361941415,10:12:34.361,73.4000,27
36754361941415,10:12:34.361,73.4000,73
36756501212590,10:12:36.501,73.4000,28
36757001345616,10:12:37.001,73.3900,8
36757001576193,10:12:37.001,73.3900,92
36757001576193,10:12:37.001,73.3900,8
36757001582356,10:12:37.001,73.3900,92
36757001618554,10:12:37.001,73.3900,192
36757001623843,10:12:37.001,73.3900,92
36757001955184,10:12:37.001,73.3900,8
36757001958102,10:12:37.001,73.3900,8
36761645091537,10:12:41.645,73.3900,100
36762329696309,10:12:42.329,73.3800,100
36762329696309,10:12:42.329,73.3800,100
36762329696309,10:12:42.329,73.3800,100
36762329696309,10:12:42.329,73.3800,100
36762329696309,10:12:42.329,73.3800,100
36768028872111,10:12:48.028,73.3800,100
36768028872111,10:12:48.028,73.3800,100
36769582704288,10:12:49.582,73.3900,100
36772495000637,10:12:52.495,73.3900,1
36778542317400,10:12:58.542,73.3900,100
36785005502083,10:13:05.005,73.3900,100
36785005957057,10:13:05.005,73.3900,67
36792834959380,10:13:12.834,73.4000,100
36792834959380,10:13:12.834,73.4000,100
36792834959380,10:13:12.834,73.4000,100
36795607151230,10:13:15.607,73.3900,100
36795607451879,10:13:15.607,73.3900,100
36795790464434,10:13:15.790,73.3900,100
36795790464434,10:13:15.790,73.3900,44
36797335364542,10:13:17.335,73.3900,100
36798152781464,10:13:18.152,73.4000,56
36798155437391,10:13:18.155,73.4100,100
36798167224937,10:13:18.167,73.4100,100
36803653669174,10:13:23.653,73.4300,100
36803653669174,10:13:23.653,73.4300,16
36803654852984,10:13:23.654,73.4400,100
36803656260324,10:13:23.656,73.4400,100
36803944441063,10:13:23.944,73.4300,100
36803944441063,10:13:23.944,73.4300,100
36812872375987,10:13:32.872,73.4100,100
36827388285607,10:13:47.388,73.3900,100
36827388290036,10:13:47.388,73.3900,100
36828020981802,10:13:48.020,73.3900,100
36828020981802,10:13:48.020,73.3900,100
36830974000811,10:13:50.974,73.3900,100
36830974000811,10:13:50.974,73.3900,100
36830974000811,10:13:50.974,73.3900,100
36830974000811,10:13:50.974,73.3900,100
36830974000811,10:13:50.974,73.3900,46
36830974000811,10:13:50.974,73.3900,100
36830974000811,10:13:50.974,73.3900,100
36833873596194,10:13:53.873,73.3900,200
36845156785746,10:14:05.156,73.3800,100
36845156785746,10:14:05.156,73.3800,10
36882930249911,10:14:42.930,73.3700,100
36882930249911,10:14:42.930,73.3700,100
36882930249911,10:14:42.930,73.3700,50
36882930278898,10:14:42.930,73.3700,50
36882930278898,10:14:42.930,73.3700,100
36882930278898,10:14:42.930,73.3700,100
36883731758012,10:14:43.731,73.3500,100
36883731758012,10:14:43.731,73.3500,100
36886301666396,10:14:46.301,73.3300,24
36886301666396,10:14:46.301,73.3300,76
36886301695014,10:14:46.301,73.3300,24
36888664432618,10:14:48.664,73.3300,48
36888664432618,10:14:48.664,73.3300,100
36888664432618,10:14:48.664,73.3300,2
36888665124749,10:14:48.665,73.3300,98
36888665124749,10:14:48.665,73.3300,100
36888665124749,10:14:48.665,73.3300,100
36894152100677,10:14:54.152,73.3500,200
36894152100677,10:14:54.152,73.3500,8
36899610033640,10:14:59.610,73.3700,100
36899630564437,10:14:59.630,73.3750,100
36902652000753,10:15:02.652,73.3700,100
36902652000753,10:15:02.652,73.3700,100
36902652000753,10:15:02.652,73.3700,100
36906343728026,10:15:06.343,73.3800,83
36918553455445,10:15:18.553,73.3800,200
36929151472053,10:15:29.151,73.3900,100
36930654187181,10:15:30.654,73.4000,100
36937093891860,10:15:37.093,73.3900,100
36937093891860,10:15:37.093,73.3900,1
36940066189090,10:15:40.066,73.3800,100
36940066189090,10:15:40.066,73.3800,100
36940066189090,10:15:40.066,73.3800,11
36940066189090,10:15:40.066,73.3800,89
36940066220005,10:15:40.066,73.3800,11
36944241716139,10:15:44.241,73.3800,100
36944242005239,10:15:44.242,73.3800,100
36944243359324,10:15:44.243,73.3800,100
36946198102712,10:15:46.198,73.3800,38
36955127898625,10:15:55.127,73.3700,100
36955127898625,10:15:55.127,73.3700,100
36955127925373,10:15:55.127,73.3700,100
36958444694872,10:15:58.444,73.3600,100
36958444694872,10:15:58.444,73.3600,100
36965005363072,10:16:05.005,73.3500,200
36965005363072,10:16:05.005,73.3500,100
36965005363072,10:16:05.005,73.3500,200
36966926791450,10:16:06.926,73.3400,100
36966926791450,10:16:06.926,73.3400,100
36969437943533,10:16:09.437,73.3300,100
36969437943533,10:16:09.437,73.3300,100
36978228746833,10:16:18.228,73.3300,100
36978228746833,10:16:18.228,73.3300,100
36978228746833,10:16:18.228,73.3300,100
36979323520706,10:16:19.323,73.3300,100
36990004366028,10:16:30.004,73.3200,100
36996006410374,10:16:36.006,73.3200,100
36996006410374,10:16:36.006,73.3200,100
36996006410374,10:16:36.006,73.3200,7
36996006411608,10:16:36.006,73.3200,100
37005575906288,10:16:45.575,73.3150,100
37005575906288,10:16:45.575,73.3100,100
37005576139163,10:16:45.576,73.3100,100
37006011044936,10:16:46.011,73.3000,100
37006011044936,10:16:46.011,73.3000,1
37006011044936,10:16:46.011,73.3000,7
37006493849182,10:16:46.493,73.3000,100
37006493849182,10:16:46.493,73.3000,100
37011109626612,10:16:51.109,73.3000,100
37011109626612,10:16:51.109,73.3000,100
37011109626612,10:16:51.109,73.3000,100
37011109658319,10:16:51.109,73.3000,100
37012007091542,10:16:52.007,73.3000,100
37013970521307,10:16:53.970,73.3000,100
37020143250870,10:17:00.143,73.2800,100
37020143277057,10:17:00.143,73.2800,400
37020143277057,10:17:00.143,73.2800,200
37020143280762,10:17:00.143,73.2800,500
37020143280762,10:17:00.143,73.2800,100
37022171461243,10:17:02.171,73.2600,100
37022171461243,10:17:02.171,73.2600,100
37022171461243,10:17:02.171,73.2600,100
37033397411312,10:17:13.397,73.2550,100
37040005942956,10:17:20.005,73.2400,100
37040005942956,10:17:20.005,73.2400,51
37040006146846,10:17:20.006,73.2400,49
37044107748677,10:17:24.107,73.2400,71
37044107791537,10:17:24.107,73.2400,29
37044107791537,10:17:24.107,73.2400,100
37044743641322,10:17:24.743,73.2500,100
37044743641322,10:17:24.743,73.2500,100
37046214756932,10:17:26.214,73.2600,100
37046214756932,10:17:26.214,73.2600,100
37046214756932,10:17:26.214,73.2600,100
37046214870327,10:17:26.214,73.2600,100
37046215942716,10:17:26.215,73.2600,100
37048535784348,10:17:28.535,73.2700,100
37061066060590,10:17:41.066,73.2900,100
37061150813146,10:17:41.150,73.2900,36
37061150813146,10:17:41.150,73.2900,64
37061152438584,10:17:41.152,73.2900,23
37062152698880,10:17:42.152,73.2900,13
37062152698880,10:17:42.152,73.2900,87
37076154821210,10:17:56.154,73.2700,100
37086152537513,10:18:06.152,73.2700,7
37086152989559,10:18:06.152,73.2700,93
37086153562699,10:18:06.153,73.2700,28
37087342179690,10:18:07.342,73.2600,100
37087342179690,10:18:07.342,73.2600,100
37087385588085,10:18:07.385,73.2500,100
37088490972324,10:18:08.490,73.2500,8
37088633336932,10:18:08.633,73.2500,40
37088646411267,10:18:08.646,73.2500,52
37090913812566,10:18:10.913,73.2500,6
37093450972882,10:18:13.450,73.2600,14
37093451709474,10:18:13.451,73.2600,86
37093451709474,10:18:13.451,73.2600,100
37093451709474,10:18:13.451,73.2600,100
37093451709474,10:18:13.451,73.2600,72
37093958521324,10:18:13.958,73.2600,100
37099730817323,10:18:19.730,73.2600,100
37106215833250,10:18:26.215,73.2500,100
37106215833250,10:18:26.215,73.2500,100
37109171077606,10:18:29.171,73.2550,200
37109171077606,10:18:29.171,73.2600,100
37109171077606,10:18:29.171,73.2600,100
37109172182110,10:18:29.172,73.2600,100
37109172254139,10:18:29.172,73.2600,100
37109173071599,10:18:29.173,73.2600,100
37114746251122,10:18:34.746,73.2600,100
37114746251122,10:18:34.746,73.2600,200
37114746251122,10:18:34.746,73.2600,100
37114770043543,10:18:34.770,73.2600,35
37121608650354,10:18:41.608,73.2600,3
37127579464907,10:18:47.579,73.2600,100
37127579464907,10:18:47.579,73.2600,100
37130315139767,10:18:50.315,73.2500,1
37131588711137,10:18:51.588,73.2600,35
37131588711137,10:18:51.588,73.2600,100
37132151803378,10:18:52.151,73.2600,36
37142363507728,10:19:02.363,73.2900,1
37145004418021,10:19:05.004,73.2900,100
37145405413065,10:19:05.405,73.2900,100
37146624801020,10:19:06.624,73.2900,100
37151345806415,10:19:11.345,73.2900,100
37152151607522,10:19:12.151,73.2900,100
37157754698517,10:19:17.754,73.3000,73
37157758293050,10:19:17.758,73.3000,27
37158756692493,10:19:18.756,73.3000,73
37168094306603,10:19:28.094,73.3000,100
37170024376066,10:19:30.024,73.2900,100
37170024376066,10:19:30.024,73.2900,100
37173183734316,10:19:33.183,73.2900,100
37175441319469,10:19:35.441,73.3000,100
37175802398073,10:19:35.802,73.3000,100
37179188353313,10:19:39.188,73.3100,100
37189616582299,10:19:49.616,73.3100,100
37189616582299,10:19:49.616,73.3100,100
37189946813818,10:19:49.946,73.3100,100
37195225492833,10:19:55.225,73.3100,200
37196251457788,10:19:56.251,73.3100,100
37202589643426,10:20:02.589,73.3100,100
37207788010615,10:20:07.788,73.3000,100
37207788010615,10:20:07.788,73.3000,100
37211276659294,10:20:11.276,73.2900,7
37211941810114,10:20:11.941,73.3000,100
37211941810114,10:20:11.941,73.3000,61
37211941862006,10:20:11.941,73.3000,39
37211941862006,10:20:11.941,73.3000,100
37215373366332,10:20:15.373,73.3100,100
37221328466242,10:20:21.328,73.3200,100
37225004869329,10:20:25.004,73.3200,100
37230045843482,10:20:30.045,73.3200,100
37230255016075,10:20:30.255,73.3100,100
37234245366735,10:20:34.245,73.3000,2
37239222570711,10:20:39.222,73.3100,100
37240627808011,10:20:40.627,73.3000,98
37240627808011,10:20:40.627,73.3000,100
37240627808011,10:20:40.627,73.3000,2
37240627868370,10:20:40.627,73.3000,98
37241783952525,10:20:41.783,73.3000,100
37241783952525,10:20:41.783,73.3000,100
37241783952525,10:20:41.783,73.3000,100
37241783952525,10:20:41.783,73.3000,100
37241784010966,10:20:41.784,73.3000,100
37241787111597,10:20:41.787,73.3100,100
37241787111597,10:20:41.787,73.3100,100
37241787111597,10:20:41.787,73.3100,100
37241788375794,10:20:41.788,73.3100,100
37241788375794,10:20:41.788,73.3100,100
37241788375794,10:20:41.788,73.3100,100
37241788375794,10:20:41.788,73.3100,100
37245393974577,10:20:45.393,73.3100,200
37245393974577,10:20:45.393,73.3100,36
37245393974577,10:20:45.393,73.3100,75
37245394244920,10:20:45.394,73.3100,100
37245394244920,10:20:45.394,73.3100,100
37245394348807,10:20:45.394,73.3100,100
37245396153529,10:20:45.396,73.3100,37
37257813496273,10:20:57.813,73.3100,100
37273013528114,10:21:13.013,73.3200,100
37273305942286,10:21:13.305,73.3100,50
37273305953302,10:21:13.305,73.3100,50
37275005220015,10:21:15.005,73.3000,100
37282676233489,10:21:22.676,73.3000,100
37282676233489,10:21:22.676,73.3000,100
37288913782733,10:21:28.913,73.3100,100
37288913782733,10:21:28.913,73.3100,60
37288914220914,10:21:28.914,73.3100,40
37301464016218,10:21:41.464,73.3100,100
37301464016218,10:21:41.464,73.3100,100
37301464372370,10:21:41.464,73.3100,165
37302156450824,10:21:42.156,73.3000,7
37303583698175,10:21:43.583,73.3000,93
37307070973883,10:21:47.070,73.3000,100
37307070973883,10:21:47.070,73.3000,100
37307074920600,10:21:47.074,73.3000,100
37308550496135,10:21:48.550,73.3000,100
37308550496135,10:21:48.550,73.3000,200
37315183101083,10:21:55.183,73.3300,100
37315183101083,10:21:55.183,73.3300,100
37315183101083,10:21:55.183,73.3300,100
37315183101083,10:21:55.183,73.3300,100
37316550184985,10:21:56.550,73.3200,100
37316550184985,10:21:56.550,73.3200,100
37316550184985,10:21:56.550,73.3200,100
37319790873890,10:21:59.790,73.3200,44
37319790873890,10:21:59.790,73.3200,56
37319791142799,10:21:59.791,73.3200,44
37335153404216,10:22:15.153,73.3200,100
37335153404216,10:22:15.153,73.3200,7
37335153404216,10:22:15.153,73.3200,100
37338262538673,10:22:18.262,73.3200,100
37358091797616,10:22:38.091,73.3400,100
37361384961348,10:22:41.384,73.3400,200
37362336707104,10:22:42.336,73.3500,100
37362336707104,10:22:42.336,73.3500,300
37362336707104,10:22:42.336,73.3500,100
37363006809908,10:22:43.006,73.3500,100
37364886311582,10:22:44.886,73.3600,100
37367958596838,10:22:47.958,73.3600,100
37368321244054,10:22:48.321,73.3600,28
37383885887688,10:23:03.885,73.3800,100
37383885887688,10:23:03.885,73.3800,100
37383885887688,10:23:03.885,73.3800,100
37384005004200,10:23:04.005,73.3800,100
37398458117107,10:23:18.458,73.3800,100
37398458117107,10:23:18.458,73.3800,21
37404676772940,10:23:24.676,73.3800,100
37407224574050,10:23:27.224,73.3600,21
37407224620624,10:23:27.224,73.3600,36
37407224622603,10:23:27.224,73.3600,43
37407224622603,10:23:27.224,73.3600,100
37410005160397,10:23:30.005,73.3500,1
37410005259280,10:23:30.005,73.3500,1
37411088498649,10:23:31.088,73.3500,100
37411088498649,10:23:31.088,73.3500,100
37417784140495,10:23:37.784,73.3300,100
37417784140495,10:23:37.784,73.3300,20
37429814725830,10:23:49.814,73.3150,100
37430022684496,10:23:50.022,73.3000,100
37446531308724,10:24:06.531,73.3050,100
37446531308724,10:24:06.531,73.3000,100
37446531374630,10:24:06.531,73.3000,100
37446746523598,10:24:06.746,73.2900,47
37470004408921,10:24:30.004,73.2900,100
37470004408921,10:24:30.004,73.2900,200
37470004408921,10:24:30.004,73.2900,199
37479488687337,10:24:39.488,73.2800,100
37480005427305,10:24:40.005,73.2700,100
