timestamp,time,price,volume
34200783875843,09:30:00.783,0.0000,0
34227744157249,09:30:27.744,7.5500,200
34227744317769,09:30:27.744,7.5400,100
34227744505887,09:30:27.744,7.5400,100
34227744756456,09:30:27.744,7.5400,100
34233837748038,09:30:33.837,7.5500,60
34393246522331,09:33:13.246,7.5800,100
34411231092745,09:33:31.231,7.5700,100
34411231092745,09:33:31.231,7.5700,2100
34411231092745,09:33:31.231,7.5700,110
34418611952754,09:33:38.611,7.5500,100
34418612043509,09:33:38.612,7.5500,100
34418612043509,09:33:38.612,7.5500,100
34424886772673,09:33:44.886,7.5400,100
34428267773710,09:33:48.267,7.5300,99
34467795358852,09:34:27.795,7.5500,100
34482454411267,09:34:42.454,7.5550,200
34483801720911,09:34:43.801,7.5550,200
34483801746941,09:34:43.801,7.5500,100
34483801746941,09:34:43.801,7.5500,100
34483801858924,09:34:43.801,7.5500,300
34483801858924,09:34:43.801,7.5500,100
34483801858924,09:34:43.801,7.5500,100
34483801858924,09:34:43.801,7.5500,100
34483801858924,09:34:43.801,7.5500,100
34483801858924,09:34:43.801,7.5500,100
34483801858924,09:34:43.801,7.5500,100
34483803017136,09:34:43.803,7.5500,100
34483803017136,09:34:43.803,7.5500,100
34522244272621,09:35:22.244,7.5500,500
34581741535803,09:36:21.741,7.5200,100
34585124207330,09:36:25.124,7.5100,100
34592880243683,09:36:32.880,7.5000,400
34601884455486,09:36:41.884,7.5000,100
34601894518941,09:36:41.894,7.5100,100
34602840496842,09:36:42.840,7.5200,100
34602840496842,09:36:42.840,7.5200,400
34676113661215,09:37:56.113,7.5200,100
34718763941819,09:38:38.763,7.5200,100
34718763941819,09:38:38.763,7.5200,100
34742883127112,09:39:02.883,7.5400,100
34811509001667,09:40:11.509,7.5650,100
34812008998386,09:40:12.008,7.5650,100
34830644428534,09:40:30.644,7.5600,235
34830644658021,09:40:30.644,7.5600,165
34936323013969,09:42:16.323,7.5850,100
34936823003966,09:42:16.823,7.5850,100
34937323002972,09:42:17.323,7.5850,100
35228487797612,09:47:08.487,7.5900,55
35228487816341,09:47:08.487,7.5900,45
35228487816341,09:47:08.487,7.5900,53
35228487830577,09:47:08.487,7.5900,47
35228487830577,09:47:08.487,7.5900,100
35234952242181,09:47:14.952,7.6000,800
35234954975999,09:47:14.954,7.6000,3000
35234955003885,09:47:14.955,7.6000,280
35234955003885,09:47:14.955,7.6000,2000
35309239812971,09:48:29.239,7.6000,100
35364363795911,09:49:24.363,7.5900,200
35364363795911,09:49:24.363,7.5900,100
35588240088647,09:53:08.240,7.5800,100
35660616229001,09:54:20.616,7.5600,100
35729164658836,09:55:29.164,7.5550,100
35880951802830,09:58:00.951,7.5700,67
35880951867111,09:58:00.951,7.5700,33
36011170017249,10:00:11.170,7.6000,100
36039609260981,10:00:39.609,7.6000,100
36039609260981,10:00:39.609,7.6000,100
36057426640680,10:00:57.426,7.6200,10
36057426640680,10:00:57.426,7.6200,90
36057427055623,10:00:57.427,7.6200,10
36147195504774,10:02:27.195,7.6200,8
36147195977511,10:02:27.195,7.6200,92
36166664417889,10:02:46.664,7.6100,100
36166664417889,10:02:46.664,7.6100,100
36167233018229,10:02:47.233,7.6050,100
36360308283413,10:06:00.308,7.6100,200
36378877535239,10:06:18.877,7.6300,100
36623402005290,10:10:23.402,7.6350,100
36723269507207,10:12:03.269,7.6300,100
36723269507207,10:12:03.269,7.6300,100
36723269507207,10:12:03.269,7.6300,100
36723269507207,10:12:03.269,7.6300,100
36829218570128,10:13:49.218,7.6400,130
36829218570128,10:13:49.218,7.6400,100
37141559592536,10:19:01.559,7.6400,1
37141559592536,10:19:01.559,7.6400,147
37141559592536,10:19:01.559,7.6400,100
37467431989940,10:24:27.431,7.6550,100
37567785526880,10:26:07.785,7.6550,100
37701766339055,10:28:21.766,7.6550,100
37852427342168,10:30:52.427,7.6600,108
37852427342168,10:30:52.427,7.6600,100
37863483542282,10:31:03.483,7.6700,22
37863488813026,10:31:03.488,7.6700,22
37863489107200,10:31:03.489,7.6700,22
38015559270226,10:33:35.559,7.6700,34
38015559270226,10:33:35.559,7.6700,100
38041311225022,10:34:01.311,7.6750,100
38237750036893,10:37:17.750,7.6850,100
38238317037276,10:37:18.317,7.6850,100
38238926029583,10:37:18.926,7.6850,100
38239534034690,10:37:19.534,7.6850,100
38240143033045,10:37:20.143,7.6850,100
38240752035533,10:37:20.752,7.6850,100
38241360032317,10:37:21.360,7.6850,100
38292740894611,10:38:12.740,7.6850,100
38295932537160,10:38:15.932,7.6850,100
38480148994812,10:41:20.148,7.6800,100
38480148994812,10:41:20.148,7.6800,100
38483424312417,10:41:23.424,7.6700,100
38497192481315,10:41:37.192,7.6700,200
38497192481315,10:41:37.192,7.6700,100
38514639768699,10:41:54.639,7.6800,800
38514639768699,10:41:54.639,7.6800,100
38514639768699,10:41:54.639,7.6800,500
38514958325222,10:41:54.958,7.6900,100
38514958325222,10:41:54.958,7.6900,100
38514958325222,10:41:54.958,7.6900,100
38514958325222,10:41:54.958,7.6900,100
38514962508413,10:41:54.962,7.6950,112
38514963002470,10:41:54.963,7.6950,146
38514964023045,10:41:54.964,7.6950,100
38600572439132,10:43:20.572,7.6900,2
38695506867502,10:44:55.506,7.6900,100
38729470033734,10:45:29.470,7.6950,100
38766756035976,10:46:06.756,7.6950,100
38799777629174,10:46:39.777,7.6900,100
38800054361313,10:46:40.054,7.6800,100
38800058365527,10:46:40.058,7.6800,100
38800196542791,10:46:40.196,7.6750,100
38800332183674,10:46:40.332,7.6750,100
38800332673704,10:46:40.332,7.6750,178
38800484256681,10:46:40.484,7.6700,43
38800485804144,10:46:40.485,7.6700,57
38800485804144,10:46:40.485,7.6700,57
38801241465995,10:46:41.241,7.6700,100
38801241465995,10:46:41.241,7.6700,100
38801249818793,10:46:41.249,7.6600,100
38801249818793,10:46:41.249,7.6600,100
38801249818793,10:46:41.249,7.6600,100
38801249818793,10:46:41.249,7.6600,200
38801259244637,10:46:41.259,7.6500,700
38801259244637,10:46:41.259,7.6500,100
38801259244637,10:46:41.259,7.6500,100
38801270110724,10:46:41.270,7.6450,100
38801270110724,10:46:41.270,7.6400,258
38801270894919,10:46:41.270,7.6400,442
38801270894919,10:46:41.270,7.6400,500
38801270894919,10:46:41.270,7.6400,100
38801270894919,10:46:41.270,7.6400,100
38801270897128,10:46:41.270,7.6400,500
38801270897128,10:46:41.270,7.6400,642
38801270924856,10:46:41.270,7.6400,258
38801270924856,10:46:41.270,7.6400,500
38801270945431,10:46:41.270,7.6400,100
38801270993130,10:46:41.270,7.6400,143
38801271001918,10:46:41.271,7.6400,100
38801273902684,10:46:41.273,7.6400,100
38801273957969,10:46:41.273,7.6400,100
38801274016759,10:46:41.274,7.6400,100
38801274024987,10:46:41.274,7.6400,457
38801274024987,10:46:41.274,7.6400,200
38801274024987,10:46:41.274,7.6400,100
38801428263457,10:46:41.428,7.6600,1000
38801428524405,10:46:41.428,7.6600,100
38801428524405,10:46:41.428,7.6600,100
38803253002424,10:46:43.253,7.6650,400
38803255546736,10:46:43.255,7.6650,400
38803255546736,10:46:43.255,7.6700,100
38803427401911,10:46:43.427,7.6650,200
38803427654663,10:46:43.427,7.6650,150
38953772643307,10:49:13.772,7.6700,200
38953772643307,10:49:13.772,7.6700,100
38953772643307,10:49:13.772,7.6700,100
39052380300722,10:50:52.380,7.6800,100
39052380300722,10:50:52.380,7.6800,100
39052380300722,10:50:52.380,7.6800,500
39062389863322,10:51:02.389,7.6800,2
39362659290382,10:56:02.659,7.6800,156
39844281847725,11:04:04.281,7.6800,10
39844282113436,11:04:04.282,7.6800,134
39844282113436,11:04:04.282,7.6800,100
39844282113436,11:04:04.282,7.6800,78
39895476504591,11:04:55.476,7.6600,100
40022170803439,11:07:02.170,7.6500,100
40181714481940,11:09:41.714,7.6400,100
40181714481940,11:09:41.714,7.6400,2
40264559728528,11:11:04.559,7.6300,100
40319105014383,11:11:59.105,7.6250,100
40322128009588,11:12:02.128,7.6250,100
40322934011603,11:12:02.934,7.6250,100
40497322593415,11:14:57.322,7.6250,100
41128422681853,11:25:28.422,7.6200,27
41128422722163,11:25:28.422,7.6200,73
41128422722163,11:25:28.422,7.6200,21
41856973028115,11:37:36.973,7.6150,100
41992151381284,11:39:52.151,7.6150,100
42180606029772,11:43:00.606,7.6150,100
42181163017592,11:43:01.163,7.6150,100
42627869465594,11:50:27.869,7.6200,310
42627869465594,11:50:27.869,7.6200,100
42627869465594,11:50:27.869,7.6200,100
42632879107592,11:50:32.879,7.6400,100
42636113573441,11:50:36.113,7.6450,400
42650991041346,11:50:50.991,7.6450,100
42791074786709,11:53:11.074,7.6500,100
42815531031522,11:53:35.531,7.6550,100
42879605618925,11:54:39.605,7.6500,100
42879605618925,11:54:39.605,7.6500,90
42879605662582,11:54:39.605,7.6500,10
42879605662582,11:54:39.605,7.6500,100
42879605662582,11:54:39.605,7.6500,2
42882874083242,11:54:42.874,7.6400,100
42935482021057,11:55:35.482,7.6450,100
42958371011790,11:55:58.371,7.6450,100
43118028954570,11:58:38.028,7.6400,200
43140719118863,11:59:00.719,7.6300,100
43140719118863,11:59:00.719,7.6300,100
43140766166100,11:59:00.766,7.6300,100
43144759003873,11:59:04.759,7.6250,100
43243377859737,12:00:43.377,7.6250,400
43243377859737,12:00:43.377,7.6200,200
43243378404585,12:00:43.378,7.6200,200
43243378404585,12:00:43.378,7.6200,100
43243378404585,12:00:43.378,7.6200,100
43610254610504,12:06:50.254,7.6300,400
43774935397217,12:09:34.935,7.6500,100
43774935425966,12:09:34.935,7.6500,100
43808670010126,12:10:08.670,7.6650,100
43809692007299,12:10:09.692,7.6650,100
44042047857690,12:14:02.047,7.6700,2
44094397144588,12:14:54.397,7.6600,100
44094397624994,12:14:54.397,7.6600,100
44094397624994,12:14:54.397,7.6600,100
44094397624994,12:14:54.397,7.6600,100
44094397624994,12:14:54.397,7.6600,200
44094397624994,12:14:54.397,7.6600,100
44094397624994,12:14:54.397,7.6600,200
44094397624994,12:14:54.397,7.6600,100
44094397624994,12:14:54.397,7.6600,200
44094397624994,12:14:54.397,7.6600,100
44095375079658,12:14:55.375,7.6600,100
44095375079658,12:14:55.375,7.6600,36
44095375079658,12:14:55.375,7.6600,200
44095375079658,12:14:55.375,7.6600,200
44095375079658,12:14:55.375,7.6600,100
44095375079658,12:14:55.375,7.6600,200
44096375334620,12:14:56.375,7.6550,100
44096375334620,12:14:56.375,7.6500,100
44096375334620,12:14:56.375,7.6500,100
44096375334620,12:14:56.375,7.6500,100
44096375334620,12:14:56.375,7.6500,200
44096375334620,12:14:56.375,7.6500,200
44099411041303,12:14:59.411,7.6450,200
44107100724517,12:15:07.100,7.6400,100
44107100724517,12:15:07.100,7.6400,200
44107100724517,12:15:07.100,7.6400,100
44107100918265,12:15:07.100,7.6400,300
44108085620515,12:15:08.085,7.6400,100
44108085620515,12:15:08.085,7.6400,100
44109084518166,12:15:09.084,7.6350,400
44109084518166,12:15:09.084,7.6300,700
44109411203293,12:15:09.411,7.6300,100
44110084601353,12:15:10.084,7.6350,100
44110084601353,12:15:10.084,7.6300,100
44110084601353,12:15:10.084,7.6300,100
44110084601353,12:15:10.084,7.6300,31
44110084601353,12:15:10.084,7.6300,200
44110084601353,12:15:10.084,7.6300,100
44110084601353,12:15:10.084,7.6300,200
44110084601353,12:15:10.084,7.6300,100
44110084601353,12:15:10.084,7.6300,100
44110084601353,12:15:10.084,7.6300,100
44110099386985,12:15:10.099,7.6300,100
44115091853722,12:15:15.091,7.6350,100
44115091853722,12:15:15.091,7.6300,600
44115091853722,12:15:15.091,7.6300,100
44115091853722,12:15:15.091,7.6300,100
44115091853722,12:15:15.091,7.6300,100
44115092099909,12:15:15.092,7.6300,100
44124088941978,12:15:24.088,7.6300,500
44124088941978,12:15:24.088,7.6300,100
44124088941978,12:15:24.088,7.6300,100
44124088941978,12:15:24.088,7.6300,200
44124088941978,12:15:24.088,7.6300,100
44124088941978,12:15:24.088,7.6300,100
44165087704909,12:16:05.087,7.6350,100
44165087704909,12:16:05.087,7.6300,100
44165087704909,12:16:05.087,7.6300,25
44165087704909,12:16:05.087,7.6300,100
44165087704909,12:16:05.087,7.6300,100
44165120598490,12:16:05.120,7.6300,100
44169157731362,12:16:09.157,7.6300,100
44221386103893,12:17:01.386,7.6300,100
44221386103893,12:17:01.386,7.6300,100
44221386144799,12:17:01.386,7.6300,100
44405541263466,12:20:05.541,7.6400,100
44695472280697,12:24:55.472,7.6400,100
44695472280697,12:24:55.472,7.6400,100
44897512006833,12:28:17.512,7.6350,100
44916716197799,12:28:36.716,7.6200,100
45121701483913,12:32:01.701,7.6400,100
45148423460759,12:32:28.423,7.6300,2
45252558489051,12:34:12.558,7.6300,21
45347070831873,12:35:47.070,7.6300,100
45420054040757,12:37:00.054,7.6250,100
45534104228833,12:38:54.104,7.6300,16
45912921791332,12:45:12.921,7.6200,100
45912921791332,12:45:12.921,7.6200,100
46115819419959,12:48:35.819,7.6100,100
46116798004058,12:48:36.798,7.6000,100
46117029073913,12:48:37.029,7.6000,100
46117029073913,12:48:37.029,7.6000,100
46117796771937,12:48:37.796,7.6000,100
46117796771937,12:48:37.796,7.6000,100
46117796771937,12:48:37.796,7.6000,100
46118797533048,12:48:38.797,7.5900,500
46118797533048,12:48:38.797,7.5900,100
46119424042884,12:48:39.424,7.5900,100
46119797471660,12:48:39.797,7.5900,600
46119797471660,12:48:39.797,7.5900,21
46119797471660,12:48:39.797,7.5900,100
46119797471660,12:48:39.797,7.5900,100
46119797471660,12:48:39.797,7.5900,100
46119797471660,12:48:39.797,7.5900,100
46119797471660,12:48:39.797,7.5900,100
46119797471660,12:48:39.797,7.5900,100
46135561881346,12:48:55.561,7.5800,137
46136543437703,12:48:56.543,7.5700,100
46136543437703,12:48:56.543,7.5700,500
46136543437703,12:48:56.543,7.5700,100
46136552598580,12:48:56.552,7.5650,11
46136908965212,12:48:56.908,7.5700,100
46137543298541,12:48:57.543,7.5750,100
46137543298541,12:48:57.543,7.5700,700
46137543298541,12:48:57.543,7.5700,100
46137543298541,12:48:57.543,7.5700,100
46137544054451,12:48:57.544,7.5700,100
46137544054451,12:48:57.544,7.5700,100
46137544054451,12:48:57.544,7.5700,100
46137794896619,12:48:57.794,7.5650,222
46137795192275,12:48:57.795,7.5700,100
46139400812749,12:48:59.400,7.5700,100
46139425737670,12:48:59.425,7.5700,10
46139427100527,12:48:59.427,7.5700,23
46139427100527,12:48:59.427,7.5700,100
46139543316104,12:48:59.543,7.5700,100
46139543316104,12:48:59.543,7.5700,100
46139543316104,12:48:59.543,7.5700,100
46139543316104,12:48:59.543,7.5700,21
46139543316104,12:48:59.543,7.5700,100
46139543316104,12:48:59.543,7.5700,100
46140429288170,12:49:00.429,7.5700,100
46140429471555,12:49:00.429,7.5700,100
46144439284476,12:49:04.439,7.5750,200
46144543793542,12:49:04.543,7.5700,100
46144543793542,12:49:04.543,7.5700,100
46144543793542,12:49:04.543,7.5700,100
46205434763141,12:50:05.434,7.5650,100
46205437129699,12:50:05.437,7.5700,100
46205437129699,12:50:05.437,7.5700,100
46205437129699,12:50:05.437,7.5700,200
46205437129699,12:50:05.437,7.5700,100
46205437129699,12:50:05.437,7.5700,300
46205437301587,12:50:05.437,7.5700,100
46205548221638,12:50:05.548,7.5750,200
46206429104848,12:50:06.429,7.5700,200
46206543965543,12:50:06.543,7.5700,100
46206543965543,12:50:06.543,7.5700,100
46206543965543,12:50:06.543,7.5700,100
46255434778197,12:50:55.434,7.5700,400
46255547293752,12:50:55.547,7.5750,200
46255552568021,12:50:55.552,7.5700,100
46495324942368,12:54:55.324,7.5600,100
46523007313661,12:55:23.007,7.5450,400
46583714060627,12:56:23.714,7.5700,100
46800555904754,13:00:00.555,7.5900,100
46800555904754,13:00:00.555,7.5900,100
46912863611635,13:01:52.863,7.5800,100
46994200468051,13:03:14.200,7.5800,100
47459492321932,13:10:59.492,7.5800,94
47459492346966,13:10:59.492,7.5800,43
47562426879519,13:12:42.426,7.5900,200
47605022716932,13:13:25.022,7.5900,100
47605022716932,13:13:25.022,7.5900,500
47605022716932,13:13:25.022,7.5900,100
47697068367574,13:14:57.068,7.5850,100
47769038944327,13:16:09.038,7.5900,100
47918820419977,13:18:38.820,7.5750,100
47918820982850,13:18:38.820,7.5750,100
47918821865552,13:18:38.821,7.5750,100
47965481016526,13:19:25.481,7.5750,100
48011927998304,13:20:11.927,7.5750,100
48014034019076,13:20:14.034,7.5750,100
48015019999767,13:20:15.019,7.5750,100
48017980998461,13:20:17.980,7.5750,100
48018480995102,13:20:18.480,7.5750,100
48019108002360,13:20:19.108,7.5750,100
48172734733406,13:22:52.734,7.5700,100
48172734762194,13:22:52.734,7.5700,500
48172736259435,13:22:52.736,7.5600,100
48172737135639,13:22:52.737,7.5600,100
48241522907250,13:24:01.522,7.5500,400
48262588439000,13:24:22.588,7.5600,100
48281559242151,13:24:41.559,7.5600,100
48424568563302,13:27:04.568,7.5500,700
48424568563302,13:27:04.568,7.5500,100
48424568563302,13:27:04.568,7.5500,100
48424574218083,13:27:04.574,7.5400,100
48424574218083,13:27:04.574,7.5400,500
48435330654899,13:27:15.330,7.5300,50
48435330654899,13:27:15.330,7.5300,100
48437923007445,13:27:17.923,7.5350,300
48438428994599,13:27:18.428,7.5350,900
48488697516566,13:28:08.697,7.5300,100
48611757340424,13:30:11.757,7.5400,400
48809626272701,13:33:29.626,7.5450,400
48809633020551,13:33:29.633,7.5400,45
48809633102592,13:33:29.633,7.5400,55
48809635492049,13:33:29.635,7.5300,500
48809635583993,13:33:29.635,7.5300,100
48809635617606,13:33:29.635,7.5300,100
48809635617606,13:33:29.635,7.5300,100
48809635643134,13:33:29.635,7.5300,100
48809657597538,13:33:29.657,7.5200,500
48809657597538,13:33:29.657,7.5200,300
48809657650846,13:33:29.657,7.5200,100
48814796014604,13:33:34.796,7.5150,100
48927765259188,13:35:27.765,7.5350,100
48927766265889,13:35:27.766,7.5350,100
48959429609604,13:35:59.429,7.5400,10
48959429609604,13:35:59.429,7.5400,68
48959430974792,13:35:59.430,7.5400,232
48959430974792,13:35:59.430,7.5400,300
49080559152453,13:38:00.559,7.5500,325
49080559210134,13:38:00.559,7.5500,75
49080559210134,13:38:00.559,7.5500,100
49149738103524,13:39:09.738,7.5350,100
49402358131863,13:43:22.358,7.5500,300
49405185561695,13:43:25.185,7.5600,100
49771931637602,13:49:31.931,7.5450,100
49797654882455,13:49:57.654,7.5400,100
49799691015010,13:49:59.691,7.5450,100
49891075274180,13:51:31.075,7.5600,52
50056346078062,13:54:16.346,7.5600,100
50056350453446,13:54:16.350,7.5550,134
50056350951121,13:54:16.350,7.5550,208
50056354096860,13:54:16.354,7.5500,100
50158034369266,13:55:58.034,7.5400,100
50158034407551,13:55:58.034,7.5400,100
50232586715800,13:57:12.586,7.5350,100
50232591820044,13:57:12.591,7.5300,100
50232591820044,13:57:12.591,7.5300,500
50232599331627,13:57:12.599,7.5100,100
50232599331627,13:57:12.599,7.5100,496
50232599861247,13:57:12.599,7.5100,100
50232599861247,13:57:12.599,7.5100,100
50232599861247,13:57:12.599,7.5100,100
50232599861247,13:57:12.599,7.5100,154
50232600046004,13:57:12.600,7.5100,100
50232600046004,13:57:12.600,7.5100,100
50232600072620,13:57:12.600,7.5100,100
50232600072620,13:57:12.600,7.5100,400
50232600072620,13:57:12.600,7.5100,100
50232600072620,13:57:12.600,7.5100,100
50232600604655,13:57:12.600,7.5100,100
50232600604655,13:57:12.600,7.5100,200
50232600604655,13:57:12.600,7.5100,300
50232600604655,13:57:12.600,7.5100,200
50232600604655,13:57:12.600,7.5100,100
50232600604655,13:57:12.600,7.5100,100
50232600604655,13:57:12.600,7.5100,100
50232600604655,13:57:12.600,7.5100,100
50232600604655,13:57:12.600,7.5100,2063
50232600726039,13:57:12.600,7.5100,100
50232600726039,13:57:12.600,7.5100,100
50232600741828,13:57:12.600,7.5100,100
50232600741828,13:57:12.600,7.5100,100
50233134255373,13:57:13.134,7.5100,100
50233134255373,13:57:13.134,7.5100,100
50233134275807,13:57:13.134,7.5100,100
50233134275807,13:57:13.134,7.5100,100
50233590791365,13:57:13.590,7.5100,100
50233590791365,13:57:13.590,7.5100,100
50233590814695,13:57:13.590,7.5100,100
50233590814695,13:57:13.590,7.5100,100
50239054075074,13:57:19.054,7.5200,100
50294997424673,13:58:14.997,7.5200,100
50294997424673,13:58:14.997,7.5200,100
50355372825831,13:59:15.372,7.5200,100
50355372869980,13:59:15.372,7.5200,100
50402744743412,14:00:02.744,7.5300,200
50402744743412,14:00:02.744,7.5300,200
50410854681750,14:00:10.854,7.5400,100
50414292404892,14:00:14.292,7.5500,100
50415567207647,14:00:15.567,7.5500,100
50415567702775,14:00:15.567,7.5500,100
50415567702775,14:00:15.567,7.5500,100
50610139652271,14:03:30.139,7.5700,100
50645544114063,14:04:05.544,7.5800,100
50645544114063,14:04:05.544,7.5800,100
50651855492886,14:04:11.855,7.5700,100
50651855492886,14:04:11.855,7.5700,2
50657101333326,14:04:17.101,7.5700,100
50668371241057,14:04:28.371,7.5700,100
50701823779257,14:05:01.823,7.5700,100
50708667363742,14:05:08.667,7.5700,100
50781166588394,14:06:21.166,7.5800,39
50781166588394,14:06:21.166,7.5800,100
51000044007099,14:10:00.044,7.5700,100
51000044007099,14:10:00.044,7.5700,100
51000044007099,14:10:00.044,7.5700,100
51000044007099,14:10:00.044,7.5700,100
51000044226503,14:10:00.044,7.5700,100
51000045639768,14:10:00.045,7.5700,100
51000045639768,14:10:00.045,7.5700,100
51000045639768,14:10:00.045,7.5700,100
51000045639768,14:10:00.045,7.5700,100
51002161099344,14:10:02.161,7.5700,100
51002161099344,14:10:02.161,7.5700,100
51003050778588,14:10:03.050,7.5650,300
51006164578199,14:10:06.164,7.5700,100
51006164578199,14:10:06.164,7.5700,100
51021098758680,14:10:21.098,7.5600,100
51021101975913,14:10:21.101,7.5600,100
51021101975913,14:10:21.101,7.5600,100
51031163627941,14:10:31.163,7.5500,435
51031163632514,14:10:31.163,7.5500,65
51043455734069,14:10:43.455,7.5500,200
51085663857410,14:11:25.663,7.5700,100
51085663857410,14:11:25.663,7.5700,100
51147836292215,14:12:27.836,7.5800,24
51147837588307,14:12:27.837,7.5800,76
51306592647179,14:15:06.592,7.5800,100
51391142045882,14:16:31.142,7.5800,400
51391142045882,14:16:31.142,7.5800,100
51391142045882,14:16:31.142,7.5800,100
51503602074506,14:18:23.602,7.5800,100
51601182218889,14:20:01.182,7.5800,100
51661742020887,14:21:01.742,7.5750,100
51661772013956,14:21:01.772,7.5750,100
51662242012774,14:21:02.242,7.5750,100
51662742015234,14:21:02.742,7.5750,100
51735989568042,14:22:15.989,7.5800,182
51736593592056,14:22:16.593,7.5800,96
51736593620655,14:22:16.593,7.5800,4
51750662868353,14:22:30.662,7.5700,100
51750663005179,14:22:30.663,7.5700,79
51750663020296,14:22:30.663,7.5700,200
51750663042111,14:22:30.663,7.5700,100
51750663042111,14:22:30.663,7.5700,100
51750663063379,14:22:30.663,7.5700,300
51750663063379,14:22:30.663,7.5700,100
51750663063379,14:22:30.663,7.5700,100
51750663063379,14:22:30.663,7.5700,32
51750663063379,14:22:30.663,7.5700,100
51750663063379,14:22:30.663,7.5700,100
51750663063379,14:22:30.663,7.5700,200
51750663066517,14:22:30.663,7.5700,21
51750663071009,14:22:30.663,7.5700,100
51752434058048,14:22:32.434,7.5700,100
51752434058048,14:22:32.434,7.5700,100
51752434190141,14:22:32.434,7.5700,100
51752434190141,14:22:32.434,7.5700,100
51752434213150,14:22:32.434,7.5700,200
51752434213150,14:22:32.434,7.5700,100
51752434213150,14:22:32.434,7.5700,30
51752434213150,14:22:32.434,7.5700,100
51752434213150,14:22:32.434,7.5700,100
51752434213150,14:22:32.434,7.5700,100
51752434213150,14:22:32.434,7.5700,100
51752434213150,14:22:32.434,7.5700,100
51752434213150,14:22:32.434,7.5700,100
51752434213150,14:22:32.434,7.5700,100
51752434213150,14:22:32.434,7.5700,100
51835591882205,14:23:55.591,7.5700,100
51840592921933,14:24:00.592,7.5700,100
51882900425636,14:24:42.900,7.5700,100
51882900581252,14:24:42.900,7.5700,100
51882900581252,14:24:42.900,7.5700,100
51882900603481,14:24:42.900,7.5700,400
51882900603481,14:24:42.900,7.5700,400
51882900603481,14:24:42.900,7.5700,100
51882900603481,14:24:42.900,7.5700,100
51882900603481,14:24:42.900,7.5700,29
51882900603481,14:24:42.900,7.5700,100
51882900603481,14:24:42.900,7.5700,100
51882900603481,14:24:42.900,7.5700,100
51882900603481,14:24:42.900,7.5700,100
51898456743218,14:24:58.456,7.5700,100
51901456929605,14:25:01.456,7.5700,100
51903035319061,14:25:03.035,7.5700,100
51903035464241,14:25:03.035,7.5700,100
51903035464241,14:25:03.035,7.5700,100
51903035482451,14:25:03.035,7.5700,400
51903035482451,14:25:03.035,7.5700,100
51903035482451,14:25:03.035,7.5700,100
51903035482451,14:25:03.035,7.5700,200
51903035482451,14:25:03.035,7.5700,30
51903035482451,14:25:03.035,7.5700,100
51903035482451,14:25:03.035,7.5700,100
51903035482451,14:25:03.035,7.5700,100
51903035482451,14:25:03.035,7.5700,100
51903035482451,14:25:03.035,7.5700,100
51903035482451,14:25:03.035,7.5700,100
51903035482451,14:25:03.035,7.5700,100
51906456765116,14:25:06.456,7.5700,100
51906456765116,14:25:06.456,7.5700,100
51906456900102,14:25:06.456,7.5700,100
51906456900102,14:25:06.456,7.5700,100
51906456923756,14:25:06.456,7.5700,500
51906456923756,14:25:06.456,7.5700,100
51906456923756,14:25:06.456,7.5700,29
51906456923756,14:25:06.456,7.5700,100
51906456923756,14:25:06.456,7.5700,100
51906456923756,14:25:06.456,7.5700,100
51906456923756,14:25:06.456,7.5700,100
51906456923756,14:25:06.456,7.5700,100
51918456490059,14:25:18.456,7.5700,100
51918456631347,14:25:18.456,7.5700,100
51918456631347,14:25:18.456,7.5700,100
51918456657149,14:25:18.456,7.5700,500
51918456657149,14:25:18.456,7.5700,100
51918456657149,14:25:18.456,7.5700,29
51918456657149,14:25:18.456,7.5700,100
51918456657149,14:25:18.456,7.5700,100
51918456657149,14:25:18.456,7.5700,100
51918456657149,14:25:18.456,7.5700,100
51918456657149,14:25:18.456,7.5700,100
51918456657149,14:25:18.456,7.5700,100
51921456691632,14:25:21.456,7.5700,100
51924455997466,14:25:24.455,7.5700,100
51927455394631,14:25:27.455,7.5700,100
51927455525504,14:25:27.455,7.5700,100
51927455525504,14:25:27.455,7.5700,100
51927455549894,14:25:27.455,7.5700,512
52025537194225,14:27:05.537,7.5600,100
52025537194225,14:27:05.537,7.5600,300
52025537194225,14:27:05.537,7.5600,100
52025537194225,14:27:05.537,7.5600,70
52025537227292,14:27:05.537,7.5600,30
52089496462099,14:28:09.496,7.5500,100
52131053159369,14:28:51.053,7.5400,100
52131053159369,14:28:51.053,7.5400,100
52141262979163,14:29:01.262,7.5350,100
52141768971712,14:29:01.768,7.5350,300
52142269972238,14:29:02.269,7.5350,200
52142972420354,14:29:02.972,7.5350,100
52142973243670,14:29:02.973,7.5350,300
52142974752755,14:29:02.974,7.5350,100
52142974752755,14:29:02.974,7.5350,300
52193263419449,14:29:53.263,7.5350,100
52230312664584,14:30:30.312,7.5400,100
52230312710118,14:30:30.312,7.5400,75
52230312710687,14:30:30.312,7.5400,244
52230312726067,14:30:30.312,7.5400,81
52308044901095,14:31:48.044,7.5400,100
52331513166820,14:32:11.513,7.5300,100
52337301411000,14:32:17.301,7.5300,100
52526285060943,14:35:26.285,7.5200,2
52526285060943,14:35:26.285,7.5200,98
52546359395822,14:35:46.359,7.5200,100
52546360933027,14:35:46.360,7.5150,100
52546360933027,14:35:46.360,7.5200,100
52546360933027,14:35:46.360,7.5200,100
52546360933027,14:35:46.360,7.5200,45
52546360933027,14:35:46.360,7.5200,100
52546360933027,14:35:46.360,7.5200,100
52546360933027,14:35:46.360,7.5200,100
52546360933027,14:35:46.360,7.5200,100
52546360933027,14:35:46.360,7.5200,100
52546360933027,14:35:46.360,7.5200,100
52546360933027,14:35:46.360,7.5200,55
52546361040293,14:35:46.361,7.5200,100
52546361040293,14:35:46.361,7.5200,100
52546361040293,14:35:46.361,7.5200,700
52546361154998,14:35:46.361,7.5200,100
52546361177703,14:35:46.361,7.5200,100
52546362129697,14:35:46.362,7.5250,100
52555024939878,14:35:55.024,7.5200,55
52584962947917,14:36:24.962,7.5100,100
52824148308240,14:40:24.148,7.5150,100
52939653822235,14:42:19.653,7.5200,300
52939653822235,14:42:19.653,7.5200,200
52939653822235,14:42:19.653,7.5200,700
52939653822235,14:42:19.653,7.5200,200
52939653822235,14:42:19.653,7.5200,100
52939669786061,14:42:19.669,7.5300,100
52939669786061,14:42:19.669,7.5300,100
53067786010649,14:44:27.786,7.5350,100
53206070004698,14:46:46.070,7.5450,200
53206569999247,14:46:46.569,7.5450,157
53216220162056,14:46:56.220,7.5500,100
53216220162056,14:46:56.220,7.5500,200
53216220165530,14:46:56.220,7.5500,100
53301234176996,14:48:21.234,7.5500,100
53465987124402,14:51:05.987,7.5400,100
53465987124402,14:51:05.987,7.5400,100
53465987124402,14:51:05.987,7.5400,100
53465987127147,14:51:05.987,7.5400,100
53523561799888,14:52:03.561,7.5350,100
53523563146156,14:52:03.563,7.5350,300
53523564621211,14:52:03.564,7.5350,400
53523564621211,14:52:03.564,7.5350,100
53523564621211,14:52:03.564,7.5350,100
53523564621211,14:52:03.564,7.5350,293
53527045740819,14:52:07.045,7.5400,400
53527045740819,14:52:07.045,7.5400,300
53567508678325,14:52:47.508,7.5500,300
53680951340688,14:54:40.951,7.5500,100
53811476861188,14:56:51.476,7.5600,100
53858533528283,14:57:38.533,7.5600,100
54038772586228,15:00:38.772,7.5650,600
54057076614039,15:00:57.076,7.5650,200
54057076614039,15:00:57.076,7.5650,100
54057076614039,15:00:57.076,7.5650,170
54057076614039,15:00:57.076,7.5650,130
54058536034233,15:00:58.536,7.5650,205
54058536034233,15:00:58.536,7.5650,395
54060831714688,15:01:00.831,7.5700,100
54060831714688,15:01:00.831,7.5700,100
54060831714688,15:01:00.831,7.5700,200
54060831714688,15:01:00.831,7.5700,100
54060831714688,15:01:00.831,7.5700,100
54060832213356,15:01:00.832,7.5700,200
54060832720349,15:01:00.832,7.5700,200
54060877593953,15:01:00.877,7.5700,477
54063465190536,15:01:03.465,7.5700,100
54063465190536,15:01:03.465,7.5700,100
54063465190536,15:01:03.465,7.5700,100
54063465190536,15:01:03.465,7.5700,100
54063465190536,15:01:03.465,7.5700,100
54063465190536,15:01:03.465,7.5700,300
54067187963852,15:01:07.187,7.5700,100
54067187963852,15:01:07.187,7.5700,100
54067187963852,15:01:07.187,7.5700,100
54069352168939,15:01:09.352,7.5700,100
54069352168939,15:01:09.352,7.5700,100
54069352168939,15:01:09.352,7.5700,100
54072080146290,15:01:12.080,7.5700,100
54072080146290,15:01:12.080,7.5700,100
54072080146290,15:01:12.080,7.5700,100
54072080146290,15:01:12.080,7.5700,200
54198563034438,15:03:18.563,7.5650,100
54199063040221,15:03:19.063,7.5650,100
54199563032574,15:03:19.563,7.5650,100
54200063034399,15:03:20.063,7.5650,100
54218428835862,15:03:38.428,7.5600,2
54218428835862,15:03:38.428,7.5600,100
54218428835862,15:03:38.428,7.5600,1000
54218428835862,15:03:38.428,7.5600,100
54233061385524,15:03:53.061,7.5500,100
54233061385524,15:03:53.061,7.5500,1000
54258449261145,15:04:18.449,7.5400,1000
54258449261145,15:04:18.449,7.5400,100
54297093636753,15:04:57.093,7.5300,1000
54297093636753,15:04:57.093,7.5300,100
54297093636753,15:04:57.093,7.5300,100
54297093636753,15:04:57.093,7.5300,100
54306715727676,15:05:06.715,7.5300,45
54306715744672,15:05:06.715,7.5300,55
54306715744672,15:05:06.715,7.5300,100
54306715744672,15:05:06.715,7.5300,100
54318816157972,15:05:18.816,7.5250,100
54318817075174,15:05:18.817,7.5250,300
54335815346903,15:05:35.815,7.5250,100
54480395689683,15:08:00.395,7.5250,200
54480395689683,15:08:00.395,7.5300,300
54605957707638,15:10:05.957,7.5200,697
54605957774878,15:10:05.957,7.5200,303
54605957774878,15:10:05.957,7.5200,100
54605957774878,15:10:05.957,7.5200,100
54669199245672,15:11:09.199,7.5100,500
54669199245672,15:11:09.199,7.5100,1000
54669199245672,15:11:09.199,7.5100,100
54670220432585,15:11:10.220,7.5000,100
54670220432585,15:11:10.220,7.5000,2000
54670220432585,15:11:10.220,7.5000,1000
54691225820204,15:11:31.225,7.5000,63
54691225988612,15:11:31.225,7.5000,100
54804226860305,15:13:24.226,7.4950,200
54804232944229,15:13:24.232,7.4950,600
54804233689411,15:13:24.233,7.4950,200
54832059009424,15:13:52.059,7.5000,300
54892871449152,15:14:52.871,7.5200,100
55148184985823,15:19:08.184,7.5150,100
55148685985989,15:19:08.685,7.5150,100
55148685986661,15:19:08.685,7.5150,100
55150784997258,15:19:10.784,7.5150,100
55151994991704,15:19:11.994,7.5150,200
55152495993119,15:19:12.495,7.5150,200
55153496987161,15:19:13.496,7.5150,100
55330080667746,15:22:10.080,7.5100,100
55330080667746,15:22:10.080,7.5100,200
55330080667746,15:22:10.080,7.5100,93
55330080675977,15:22:10.080,7.5100,1
55330080675977,15:22:10.080,7.5100,100
55330080675977,15:22:10.080,7.5100,100
55330080675977,15:22:10.080,7.5100,200
55353511023761,15:22:33.511,7.4950,100
55361411935534,15:22:41.411,7.5000,100
55419707016393,15:23:39.707,7.5000,21
55419708897589,15:23:39.708,7.5000,479
55419708897589,15:23:39.708,7.5000,400
55419708922521,15:23:39.708,7.5000,33
55419709246255,15:23:39.709,7.5000,67
55419709246255,15:23:39.709,7.5000,33
55419709278966,15:23:39.709,7.5000,167
55621379905254,15:27:01.379,7.5000,200
55621379905254,15:27:01.379,7.5000,100
55621379905254,15:27:01.379,7.5000,56
55621379905254,15:27:01.379,7.5000,100
55621379905254,15:27:01.379,7.5000,200
55800815704446,15:30:00.815,7.4900,100
55800815704446,15:30:00.815,7.4900,1000
56028512233435,15:33:48.512,7.4750,100
56028516432030,15:33:48.516,7.4750,300
56028517935279,15:33:48.517,7.4750,200
56028517935279,15:33:48.517,7.4750,154
56028517935279,15:33:48.517,7.4750,200
56030391004356,15:33:50.391,7.4750,200
56037980862512,15:33:57.980,7.4700,100
56037980862512,15:33:57.980,7.4700,1000
56037980862512,15:33:57.980,7.4700,500
56037980862512,15:33:57.980,7.4700,100
56042956564271,15:34:02.956,7.4600,100
56051351085300,15:34:11.351,7.4600,100
56051351085300,15:34:11.351,7.4600,95
56051351331010,15:34:11.351,7.4600,5
56051831486635,15:34:11.831,7.4550,100
56051831486635,15:34:11.831,7.4550,800
56051831486635,15:34:11.831,7.4550,100
56051831486635,15:34:11.831,7.4600,100
56051831486635,15:34:11.831,7.4600,300
56108692330262,15:35:08.692,7.4550,800
56108692330262,15:35:08.692,7.4550,100
56108700787199,15:35:08.700,7.4600,67
56108700787199,15:35:08.700,7.4600,33
56108700787199,15:35:08.700,7.4600,800
56108700787199,15:35:08.700,7.4600,171
56108700828396,15:35:08.700,7.4600,329
56108700828396,15:35:08.700,7.4600,100
56108700828396,15:35:08.700,7.4600,100
56108700828396,15:35:08.700,7.4600,400
56108700828396,15:35:08.700,7.4600,100
56108700869025,15:35:08.700,7.4600,100
56149187203258,15:35:49.187,7.4750,5
56210470790007,15:36:50.470,7.4750,95
56210470790007,15:36:50.470,7.4750,5
56317395566880,15:38:37.395,7.4750,95
56317395566880,15:38:37.395,7.4750,5
56416528007440,15:40:16.528,7.4700,200
56416528007440,15:40:16.528,7.4700,100
56416528007440,15:40:16.528,7.4700,2
56416528007440,15:40:16.528,7.4700,100
56416528007440,15:40:16.528,7.4700,100
56416528007440,15:40:16.528,7.4700,100
56482026849515,15:41:22.026,7.4600,100
56482026849515,15:41:22.026,7.4600,50
56482026865774,15:41:22.026,7.4600,50
56482026865774,15:41:22.026,7.4600,100
56482026865774,15:41:22.026,7.4600,100
56557461103543,15:42:37.461,7.4550,200
56557461103543,15:42:37.461,7.4550,100
56557461103543,15:42:37.461,7.4550,100
56557461103543,15:42:37.461,7.4600,100
56557461103543,15:42:37.461,7.4600,300
56557461103543,15:42:37.461,7.4600,100
56557461103543,15:42:37.461,7.4600,800
56557461103543,15:42:37.461,7.4600,500
56557461103543,15:42:37.461,7.4600,400
56557461103543,15:42:37.461,7.4600,100
56557461103543,15:42:37.461,7.4600,100
56557461279752,15:42:37.461,7.4600,300
56557461279752,15:42:37.461,7.4600,100
56557461279752,15:42:37.461,7.4600,100
56557461279752,15:42:37.461,7.4600,200
56557461279752,15:42:37.461,7.4600,100
56557461807345,15:42:37.461,7.4600,100
56557461807345,15:42:37.461,7.4600,100
56577885718345,15:42:57.885,7.4700,300
56787559759448,15:46:27.559,7.4750,200
56787561270323,15:46:27.561,7.4750,600
56819055995437,15:46:59.055,7.4750,100
56819055996946,15:46:59.055,7.4750,100
56831921986552,15:47:11.921,7.4750,200
56832422988277,15:47:12.422,7.4750,600
56862648209089,15:47:42.648,7.4700,200
56862648209089,15:47:42.648,7.4700,100
56862648209089,15:47:42.648,7.4700,100
56862648209089,15:47:42.648,7.4700,100
56862648256593,15:47:42.648,7.4700,400
56862648291315,15:47:42.648,7.4700,90
56862648447534,15:47:42.648,7.4700,10
57010893569694,15:50:10.893,7.4600,86
57010894114520,15:50:10.894,7.4600,14
57010894114520,15:50:10.894,7.4600,300
57010894114520,15:50:10.894,7.4600,100
57010894114520,15:50:10.894,7.4600,200
57024566991381,15:50:24.566,7.4550,100
57046957784431,15:50:46.957,7.4500,30
57046957784431,15:50:46.957,7.4500,1000
57046957784431,15:50:46.957,7.4500,500
57046957784431,15:50:46.957,7.4500,100
57046957784431,15:50:46.957,7.4500,200
57046957784431,15:50:46.957,7.4500,70
57048081740858,15:50:48.081,7.4500,23
57048081740858,15:50:48.081,7.4500,77
57048081787803,15:50:48.081,7.4500,23
57048081787803,15:50:48.081,7.4500,77
57116013781537,15:51:56.013,7.4500,123
57116013781537,15:51:56.013,7.4500,4
57116013781537,15:51:56.013,7.4500,100
57116013781537,15:51:56.013,7.4500,100
57116013781537,15:51:56.013,7.4500,100
57116013781537,15:51:56.013,7.4500,100
57301517589865,15:55:01.517,7.4450,100
57301518660242,15:55:01.518,7.4450,345
57301519942282,15:55:01.519,7.4450,100
57304620018800,15:55:04.620,7.4450,400
57304620018800,15:55:04.620,7.4500,400
57304620018800,15:55:04.620,7.4500,100
57304620383539,15:55:04.620,7.4500,100
57304620383539,15:55:04.620,7.4500,100
57304620429933,15:55:04.620,7.4500,100
57304620429933,15:55:04.620,7.4500,100
57304620460151,15:55:04.620,7.4500,200
57304620460151,15:55:04.620,7.4500,100
57304620460151,15:55:04.620,7.4500,100
57304620985303,15:55:04.620,7.4500,100
57304620985303,15:55:04.620,7.4500,100
57304620985303,15:55:04.620,7.4500,100
57304621304405,15:55:04.621,7.4500,100
57304621304405,15:55:04.621,7.4500,100
57304621304405,15:55:04.621,7.4500,100
57304621304405,15:55:04.621,7.4500,100
57304625468654,15:55:04.625,7.4500,200
57304625468654,15:55:04.625,7.4500,100
57304625468654,15:55:04.625,7.4500,100
57304668987599,15:55:04.668,7.4500,100
57306234004025,15:55:06.234,7.4550,100
57317497345550,15:55:17.497,7.4550,100
57317498433522,15:55:17.498,7.4550,300
57359924620458,15:55:59.924,7.4600,10
57359924620458,15:55:59.924,7.4600,100
57383825072230,15:56:23.825,7.4700,300
57383825072230,15:56:23.825,7.4700,10
57488625121925,15:58:08.625,7.4800,200
57488625121925,15:58:08.625,7.4800,31
57509460791153,15:58:29.460,7.4750,11
57530215715834,15:58:50.215,7.4800,100
57544927087061,15:59:04.927,7.4800,76
57544927087061,15:59:04.927,7.4800,124
57544927164263,15:59:04.927,7.4800,173
57544928559175,15:59:04.928,7.4800,3
57546716403762,15:59:06.716,7.4850,100
57550061554320,15:59:10.061,7.4850,800
57550061554320,15:59:10.061,7.4900,122
57550061728380,15:59:10.061,7.4900,478
57550061728380,15:59:10.061,7.4900,21
57550061728380,15:59:10.061,7.4900,100
57558737617063,15:59:18.737,7.5000,100
57558737617063,15:59:18.737,7.5000,5
57561054159637,15:59:21.054,7.5000,100
57572577137199,15:59:32.577,7.4900,1000
57572577137199,15:59:32.577,7.4900,300
57587068823901,15:59:47.068,7.4950,53
57587068823901,15:59:47.068,7.4950,100
57590065331217,15:59:50.065,7.4950,51
57600554779815,16:00:00.554,0.0000,0
