timestamp,time,price,volume
34200102825812,09:30:00.102,0.0000,0
34493090342652,09:34:53.090,57.8800,535
34567079774797,09:36:07.079,57.6500,32
34567110970475,09:36:07.110,57.6500,19
34567524699695,09:36:07.524,57.6400,76
34567866061030,09:36:07.866,57.6100,85
34567866232976,09:36:07.866,57.6200,200
34645856807623,09:37:25.856,57.5100,100
34645857500283,09:37:25.857,57.4600,100
34645857538906,09:37:25.857,57.4600,100
34645857553950,09:37:25.857,57.4600,100
34645857555391,09:37:25.857,57.4600,75
34645857578328,09:37:25.857,57.4600,25
34645858434335,09:37:25.858,57.4600,13
34645858498682,09:37:25.858,57.4700,10
34645858498682,09:37:25.858,57.4800,77
34645861404534,09:37:25.861,57.4600,32
34645862280124,09:37:25.862,57.4600,168
34649744235630,09:37:29.744,57.3500,50
34709988576519,09:38:29.988,57.4800,1
34709988576519,09:38:29.988,57.5200,300
34709988576519,09:38:29.988,57.5200,88
34711378829370,09:38:31.378,57.7200,12
34810512105929,09:40:10.512,57.8500,3
34930665484764,09:42:10.665,57.7100,100
34930666329632,09:42:10.666,57.6700,50
34931981119951,09:42:11.981,57.7000,1
34931981145693,09:42:11.981,57.7000,99
34931981294941,09:42:11.981,57.7100,100
34931981424904,09:42:11.981,57.7000,91
34931981436321,09:42:11.981,57.7000,9
35077595482995,09:44:37.595,57.6500,1
35077595482995,09:44:37.595,57.6500,99
35176021227014,09:46:16.021,57.6700,100
35184132120662,09:46:24.132,57.6600,100
35184132353952,09:46:24.132,57.6500,1
35184132353952,09:46:24.132,57.6500,100
35292193730215,09:48:12.193,57.6800,100
35292193823537,09:48:12.193,57.6800,1
35292193827527,09:48:12.193,57.6800,1
35292193964557,09:48:12.193,57.6800,5
35292195046755,09:48:12.195,57.6800,94
35292195046755,09:48:12.195,57.6500,6
35292195071937,09:48:12.195,57.6500,94
35292195071937,09:48:12.195,57.6500,6
35292195140591,09:48:12.195,57.6500,94
35292195462935,09:48:12.195,57.6700,100
35292195462935,09:48:12.195,57.6800,100
35292195749241,09:48:12.195,57.6700,100
35292322828096,09:48:12.322,57.6900,100
35292322828096,09:48:12.322,57.6900,100
35292322828096,09:48:12.322,57.6900,100
35292510532620,09:48:12.510,57.7000,100
35314680079518,09:48:34.680,57.7000,100
35314680079518,09:48:34.680,57.7000,225
35314680079518,09:48:34.680,57.6900,100
35321079239791,09:48:41.079,57.6500,100
35321079316921,09:48:41.079,57.6500,100
35321079318636,09:48:41.079,57.6500,100
35321082416178,09:48:41.082,57.6500,100
35321082498417,09:48:41.082,57.6500,100
35321092361020,09:48:41.092,57.6500,36
35335727067596,09:48:55.727,57.6500,64
35335727067596,09:48:55.727,57.6500,36
35335727125052,09:48:55.727,57.6500,64
35422556288329,09:50:22.556,57.6500,100
35422556288329,09:50:22.556,57.6500,100
35461690867725,09:51:01.690,57.6500,100
35461690867725,09:51:01.690,57.6500,100
35461690915609,09:51:01.690,57.6500,1
35461690961528,09:51:01.690,57.6600,400
35468756768800,09:51:08.756,57.6600,100
35500081669566,09:51:40.081,57.7200,100
35681836244001,09:54:41.836,57.7200,100
35681836855530,09:54:41.836,57.7400,125
35683252035975,09:54:43.252,57.7400,59
35715116135314,09:55:15.116,57.7200,32
35744796715733,09:55:44.796,57.7200,68
35744796715733,09:55:44.796,57.7200,332
35744796746520,09:55:44.796,57.7200,68
35744796758773,09:55:44.796,57.7200,68
35744796773620,09:55:44.796,57.7200,32
35744796817737,09:55:44.796,57.7100,1
35754460403843,09:55:54.460,57.6500,87
35754460431964,09:55:54.460,57.6500,13
35754460431964,09:55:54.460,57.6500,87
35754460456258,09:55:54.460,57.6500,13
35754460572385,09:55:54.460,57.6500,100
35754461569033,09:55:54.461,57.6300,100
35754461682233,09:55:54.461,57.6500,100
35754470859712,09:55:54.470,57.6500,100
35754576906901,09:55:54.576,57.6500,100
35754576906901,09:55:54.576,57.6500,100
35755750731733,09:55:55.750,57.6500,100
35755803471898,09:55:55.803,57.6500,100
35755902211944,09:55:55.902,57.6500,100
35755902593158,09:55:55.902,57.6500,100
35755972446166,09:55:55.972,57.6500,100
35756195909752,09:55:56.195,57.6500,100
35756464164011,09:55:56.464,57.6500,100
35757408926508,09:55:57.408,57.6500,100
35757408926508,09:55:57.408,57.6500,100
35757410996176,09:55:57.410,57.6400,100
35757410996176,09:55:57.410,57.6400,100
35757531551580,09:55:57.531,57.6500,100
35760503383418,09:56:00.503,57.6500,100
35760503383418,09:56:00.503,57.6500,100
35780429014766,09:56:20.429,57.4850,100
35846283739537,09:57:26.283,57.2200,100
35846283739537,09:57:26.283,57.2200,100
35846283739537,09:57:26.283,57.2100,62
35860412978943,09:57:40.412,57.2300,100
35951297775095,09:59:11.297,57.3300,5
35951297859805,09:59:11.297,57.3600,100
35962777227238,09:59:22.777,57.4400,1
35962777302273,09:59:22.777,57.4400,100
36095542035139,10:01:35.542,57.5000,1
36095542631715,10:01:35.542,57.5300,14
36096231788566,10:01:36.231,57.5600,3
36096231810752,10:01:36.231,57.5600,3
36096231820467,10:01:36.231,57.5600,47
36155676554772,10:02:35.676,57.5800,400
36155676554772,10:02:35.676,57.5800,47
36155676554772,10:02:35.676,57.5800,253
36155676580748,10:02:35.676,57.5800,393
36155676616732,10:02:35.676,57.5800,253
36155676616732,10:02:35.676,57.5800,47
36155676723635,10:02:35.676,57.5800,38
36155676784680,10:02:35.676,57.5800,100
36180874644604,10:03:00.874,57.4600,100
36222003827453,10:03:42.003,57.4900,3
36222899399186,10:03:42.899,57.5000,1
36222899450079,10:03:42.899,57.5100,10
36335940566820,10:05:35.940,57.4100,200
36429614462727,10:07:09.614,57.4500,4
36429614474848,10:07:09.614,57.4700,7
36438329920356,10:07:18.329,57.4800,100
36442002119137,10:07:22.002,57.4900,100
36442002281375,10:07:22.002,57.4900,100
36442002656961,10:07:22.002,57.4900,22
36516236465275,10:08:36.236,57.5000,100
36516238656095,10:08:36.238,57.4700,100
36563288614732,10:09:23.288,57.5500,8
36563463950025,10:09:23.463,57.5000,100
36568261240580,10:09:28.261,57.5300,3
36595601963183,10:09:55.601,57.6100,1
36669807066337,10:11:09.807,57.6500,225
36669807066337,10:11:09.807,57.6600,1
36669807066337,10:11:09.807,57.6600,9
36669807066337,10:11:09.807,57.6700,100
36669807066337,10:11:09.807,57.6800,5
36669807066337,10:11:09.807,57.6800,60
36680028761478,10:11:20.028,57.6600,2
36876758814809,10:14:36.758,57.6500,100
36876758814809,10:14:36.758,57.6400,200
36876758846947,10:14:36.758,57.6400,100
36897480564676,10:14:57.480,57.5400,10
36897480565997,10:14:57.480,57.5400,50
36897480647252,10:14:57.480,57.5400,40
36922331628725,10:15:22.331,57.6400,19
36922331628725,10:15:22.331,57.6400,81
36926657424843,10:15:26.657,57.6400,19
36926657424843,10:15:26.657,57.6400,100
36946505407904,10:15:46.505,57.6600,9
36985345992621,10:16:25.345,57.6900,9
36985345992621,10:16:25.345,57.6900,91
36985346018356,10:16:25.346,57.6900,9
36985352140562,10:16:25.352,57.6900,100
36986330724388,10:16:26.330,57.6900,100
36986330837813,10:16:26.330,57.6900,1
37057034878160,10:17:37.034,57.7300,100
37057034878160,10:17:37.034,57.7200,200
37057034878160,10:17:37.034,57.7200,99
37057034909305,10:17:37.034,57.7200,1
37213434765704,10:20:13.434,57.7900,11
37237301493007,10:20:37.301,57.8200,100
37237301493007,10:20:37.301,57.8100,100
37237301643596,10:20:37.301,57.8100,100
37237331304252,10:20:37.331,57.8500,100
37356202852778,10:22:36.202,57.8900,32
37356202852778,10:22:36.202,57.8900,3
37356202856745,10:22:36.202,57.8900,7
37356204449525,10:22:36.204,57.8900,37
37356204456035,10:22:36.204,57.8900,159
37417572263365,10:23:37.572,57.8700,100
37473262398027,10:24:33.262,57.9400,4
37473262398027,10:24:33.262,57.9400,96
37476029992033,10:24:36.029,57.9500,12
37476497047785,10:24:36.497,57.9200,1
37476497047785,10:24:36.497,57.9200,99
37476497091152,10:24:36.497,57.9200,1
37476499802268,10:24:36.499,57.9000,100
37515396555127,10:25:15.396,57.9000,100
37515399727342,10:25:15.399,57.9000,1
37605394268892,10:26:45.394,57.8600,100
37605394268892,10:26:45.394,57.8600,100
37605394295558,10:26:45.394,57.8600,1
37605403055815,10:26:45.403,57.8400,100
37605403106204,10:26:45.403,57.8400,100
37605403114257,10:26:45.403,57.8400,100
37605403677401,10:26:45.403,57.8400,76
37631330255637,10:27:11.330,57.8100,100
37744713207264,10:29:04.713,57.8400,1
37744713207264,10:29:04.713,57.8400,10
37885770301165,10:31:25.770,57.8800,100
37887036903255,10:31:27.036,57.8800,10
37903276427699,10:31:43.276,57.8900,100
37911471711802,10:31:51.471,57.8900,100
37921444674904,10:32:01.444,57.9000,100
37922447580948,10:32:02.447,57.8800,39
37922447580948,10:32:02.447,57.8800,61
37922465597844,10:32:02.465,57.9000,100
37952038907037,10:32:32.038,57.9400,11
37992964584663,10:33:12.964,58.0000,99
38009521161174,10:33:29.521,58.0000,1
38120839079035,10:35:20.839,58.0000,100
38120839418696,10:35:20.839,57.9700,19
38120839513231,10:35:20.839,57.9700,81
38120839638140,10:35:20.839,57.9400,27
38120839648198,10:35:20.839,57.9400,24
38120839650663,10:35:20.839,57.9400,49
38138659276704,10:35:38.659,57.9200,40
38243936383536,10:37:23.936,57.8900,1
38392366627599,10:39:52.366,57.8300,100
38392366667873,10:39:52.366,57.8300,1
38397999937189,10:39:57.999,57.7900,100
38450510930663,10:40:50.510,57.8700,100
38499203909957,10:41:39.203,57.7900,100
38499203909957,10:41:39.203,57.7900,100
38569236731035,10:42:49.236,57.8100,100
38569239514829,10:42:49.239,57.8400,42
38577926824559,10:42:57.926,57.8700,99
38577926850356,10:42:57.926,57.8700,1
38577926850356,10:42:57.926,57.8700,9
38593537563780,10:43:13.537,57.9000,100
38593537588401,10:43:13.537,57.9000,50
38593537686242,10:43:13.537,57.9000,1
38616947191176,10:43:36.947,57.9300,100
38616947217352,10:43:36.947,57.9300,100
38628278002629,10:43:48.278,57.9700,5
38631458525897,10:43:51.458,58.0000,15
38642939891844,10:44:02.939,58.0100,100
38648581327546,10:44:08.581,58.0200,12
38679475978331,10:44:39.475,58.0000,100
38679475978331,10:44:39.475,58.0000,100
38688953005454,10:44:48.953,57.9900,89
38688953034175,10:44:48.953,57.9900,11
38688953034175,10:44:48.953,57.9900,100
38688953034175,10:44:48.953,57.9900,1
38693297939569,10:44:53.297,58.0100,38
38756633862150,10:45:56.633,57.9900,1
38795736088557,10:46:35.736,58.0000,100
38795736088557,10:46:35.736,58.0000,100
38803492969952,10:46:43.492,58.0200,5
38859748474679,10:47:39.748,58.0000,100
38859748474679,10:47:39.748,57.9900,100
38859748603141,10:47:39.748,57.9900,100
38888198872972,10:48:08.198,57.9800,200
38905218717713,10:48:25.218,57.9800,3
38905220372536,10:48:25.220,58.0100,100
38905565590753,10:48:25.565,58.0400,1
38905566863282,10:48:25.566,58.0500,100
38945380098445,10:49:05.380,58.1000,11
38945380098445,10:49:05.380,58.1000,1
38960037255206,10:49:20.037,58.1400,8
38960037255206,10:49:20.037,58.1500,100
38964139913619,10:49:24.139,58.2000,30
38975061716235,10:49:35.061,58.2400,100
38975061716235,10:49:35.061,58.2500,8
38975061716235,10:49:35.061,58.2600,292
39003803663724,10:50:03.803,58.2900,8
39003803973412,10:50:03.803,58.2500,100
39004545341276,10:50:04.545,58.2300,1
39004545341276,10:50:04.545,58.2300,100
39004550120370,10:50:04.550,58.2200,7
39004550144737,10:50:04.550,58.2200,93
39004550156440,10:50:04.550,58.2200,93
39004550172908,10:50:04.550,58.2200,7
39081256170244,10:51:21.256,58.2400,100
39081256195200,10:51:21.256,58.2400,16
39081256195200,10:51:21.256,58.2400,1
39081256195200,10:51:21.256,58.2400,100
39081256228961,10:51:21.256,58.2500,52
39081256253003,10:51:21.256,58.2500,117
39081256266080,10:51:21.256,58.2500,41
39082408964804,10:51:22.408,58.2600,2
39111769359377,10:51:51.769,58.3800,8
39111769359377,10:51:51.769,58.3800,92
39111777124775,10:51:51.777,58.3800,8
39111777124775,10:51:51.777,58.3800,84
39129694158529,10:52:09.694,58.3900,100
39129695658106,10:52:09.695,58.3900,100
39129695658106,10:52:09.695,58.3900,100
39174167930955,10:52:54.167,58.3800,100
39174167930955,10:52:54.167,58.3800,100
39174167930955,10:52:54.167,58.3800,100
39174168219324,10:52:54.168,58.3800,100
39174168274987,10:52:54.168,58.3800,100
39174168406437,10:52:54.168,58.3800,100
39185073979708,10:53:05.073,58.4000,100
39185073979708,10:53:05.073,58.4000,18
39194334564805,10:53:14.334,58.4100,8
39194335221454,10:53:14.335,58.4000,100
39220292365246,10:53:40.292,58.4000,200
39237327557605,10:53:57.327,58.4400,5
39240840710436,10:54:00.840,58.4800,8
39256061456643,10:54:16.061,58.4700,32
39256061456643,10:54:16.061,58.4600,69
39256061761803,10:54:16.061,58.4600,101
39257538584546,10:54:17.538,58.4650,100
39257538584546,10:54:17.538,58.4500,1
39257538880554,10:54:17.538,58.4500,99
39257538880554,10:54:17.538,58.4500,1
39297383266898,10:54:57.383,58.4700,21
39297383266898,10:54:57.383,58.4700,100
39309859836175,10:55:09.859,58.5100,100
39309860623846,10:55:09.860,58.5000,100
39322386381575,10:55:22.386,58.5300,56
39381390521719,10:56:21.390,58.5400,100
39381393640200,10:56:21.393,58.5200,100
39400568604170,10:56:40.568,58.5200,100
39400570211118,10:56:40.570,58.5100,100
39400570211118,10:56:40.570,58.5100,100
39400570747859,10:56:40.570,58.4900,100
39400570754541,10:56:40.570,58.4800,93
39400570779960,10:56:40.570,58.4800,7
39400570947038,10:56:40.570,58.4800,50
39400571036181,10:56:40.571,58.4800,50
39400707567683,10:56:40.707,58.4700,100
39400707567683,10:56:40.707,58.4700,100
39405201769964,10:56:45.201,58.5000,21
39444552285227,10:57:24.552,58.5700,100
39444553042797,10:57:24.553,58.5800,8
39484917437539,10:58:04.917,58.6000,23
39484952676203,10:58:04.952,58.6600,8
39484952676203,10:58:04.952,58.6600,100
39484952676203,10:58:04.952,58.6600,100
39484965721217,10:58:04.965,58.6700,300
39484966101637,10:58:04.966,58.6600,100
39484966104209,10:58:04.966,58.6600,9
39484966202702,10:58:04.966,58.6600,91
39484966202702,10:58:04.966,58.6600,100
39484968039424,10:58:04.968,58.6600,1
39523905412091,10:58:43.905,58.7300,8
39523905412091,10:58:43.905,58.7400,25
39565393992039,10:59:25.393,58.6600,100
39565393992039,10:59:25.393,58.6600,100
39565394090459,10:59:25.394,58.6500,100
39565394116549,10:59:25.394,58.6500,100
39565397632289,10:59:25.397,58.6200,100
39565397632289,10:59:25.397,58.6200,100
39580837038839,10:59:40.837,58.5800,200
39580837349482,10:59:40.837,58.5700,100
39591980409108,10:59:51.980,58.6300,100
39597535379604,10:59:57.535,58.6600,100
39597535591013,10:59:57.535,58.6800,1
39608545855478,11:00:08.545,58.7200,25
39608545957351,11:00:08.545,58.7300,100
39608615617066,11:00:08.615,58.7300,100
39633380693649,11:00:33.380,58.7100,200
39633380791722,11:00:33.380,58.7000,100
39633380816698,11:00:33.380,58.7000,100
39663522352811,11:01:03.522,58.6700,57
39663522352811,11:01:03.522,58.6700,63
39726177096623,11:02:06.177,58.7100,23
39761114956627,11:02:41.114,58.7300,64
39761114956627,11:02:41.114,58.6900,100
39761114956627,11:02:41.114,58.6800,36
39761115110582,11:02:41.115,58.6800,64
39761115110582,11:02:41.115,58.6800,100
39777901528667,11:02:57.901,58.7400,3
39796520300551,11:03:16.520,58.7300,2
39796520300551,11:03:16.520,58.7300,23
39811687786490,11:03:31.687,58.7800,100
39889151808851,11:04:49.151,58.7000,100
39900452391851,11:05:00.452,58.7300,100
39923347200100,11:05:23.347,58.7000,100
39923348664518,11:05:23.348,58.6900,100
39923348678477,11:05:23.348,58.6900,100
39923349378900,11:05:23.349,58.7000,100
39923848864215,11:05:23.848,58.6700,100
39923849677610,11:05:23.849,58.6600,10
39937427844321,11:05:37.427,58.6700,25
39937478456600,11:05:37.478,58.6700,100
39937478508871,11:05:37.478,58.6700,200
40006195927724,11:06:46.195,58.6900,28
40006196719535,11:06:46.196,58.7000,23
40006196949159,11:06:46.196,58.7100,47
40006197365906,11:06:46.197,58.7100,13
40022930050842,11:07:02.930,58.7000,100
40121654413839,11:08:41.654,58.6700,100
40121654873029,11:08:41.654,58.6600,100
40121655070243,11:08:41.655,58.6600,100
40136305246192,11:08:56.305,58.6300,10
40136305246192,11:08:56.305,58.6300,190
40145952642221,11:09:05.952,58.6200,200
40148244898661,11:09:08.244,58.6200,66
40149198844429,11:09:09.198,58.6200,34
40149198844429,11:09:09.198,58.6200,66
40160780727385,11:09:20.780,58.6600,24
40165525094462,11:09:25.525,58.6800,100
40180082226774,11:09:40.082,58.7050,50
40180082236955,11:09:40.082,58.6800,100
40181530974334,11:09:41.530,58.7000,100
40190083313678,11:09:50.083,58.7200,100
40190083707423,11:09:50.083,58.7300,100
40190084350348,11:09:50.084,58.7300,5
40190084377757,11:09:50.084,58.7300,5
40190084493382,11:09:50.084,58.7300,5
40190084934085,11:09:50.084,58.7300,5
40190099876933,11:09:50.099,58.7300,5
40190099921933,11:09:50.099,58.7300,5
40190113688276,11:09:50.113,58.7300,5
40190113783790,11:09:50.113,58.7400,5
40204734520496,11:10:04.734,58.8900,300
40204734520496,11:10:04.734,58.8900,8
40204734520496,11:10:04.734,58.8900,26
40204734520496,11:10:04.734,58.8900,366
40277879674013,11:11:17.879,58.8800,200
40277879687576,11:11:17.879,58.8700,183
40277879704973,11:11:17.879,58.8700,17
40277885501218,11:11:17.885,58.8400,100
40301925365505,11:11:41.925,58.7900,100
40301925384932,11:11:41.925,58.7900,100
40301925441714,11:11:41.925,58.7800,100
40320423121585,11:12:00.423,58.7900,58
40320423121585,11:12:00.423,58.7900,100
40320423121585,11:12:00.423,58.7900,100
40320423121585,11:12:00.423,58.7900,3
40398239171764,11:13:18.239,58.7400,100
40398239171764,11:13:18.239,58.7400,200
40398239173322,11:13:18.239,58.7400,145
40398239229177,11:13:18.239,58.7400,300
40398239315186,11:13:18.239,58.7400,200
40398239329764,11:13:18.239,58.7400,137
40398239331264,11:13:18.239,58.7400,18
40398239995284,11:13:18.239,58.7400,28
40398239998418,11:13:18.239,58.7400,72
40398240157405,11:13:18.240,58.7200,28
40398240212476,11:13:18.240,58.7200,28
40398240297512,11:13:18.240,58.7200,16
40398240334938,11:13:18.240,58.7200,12
40398240370051,11:13:18.240,58.7200,4
40398240402797,11:13:18.240,58.7200,8
40398240429946,11:13:18.240,58.7200,4
40409659958413,11:13:29.659,58.7900,2
40411304235725,11:13:31.304,58.8000,100
40422704297660,11:13:42.704,58.8100,26
40423151917094,11:13:43.151,58.8100,69
40439781319688,11:13:59.781,58.8000,1
40439781319688,11:13:59.781,58.8000,17
40497186303777,11:14:57.186,58.8100,16
40497770204458,11:14:57.770,58.8100,1
40510527000714,11:15:10.527,58.7600,100
40510527245098,11:15:10.527,58.7500,100
40510527309146,11:15:10.527,58.7400,100
40510527649543,11:15:10.527,58.7400,100
40510529300290,11:15:10.529,58.7200,100
40527179982983,11:15:27.179,58.7500,7
40548133725682,11:15:48.133,58.7700,1
40548133725682,11:15:48.133,58.7700,48
40598387452544,11:16:38.387,58.7800,2
40662470185349,11:17:42.470,58.7700,1
40662470185349,11:17:42.470,58.7600,200
40663076069829,11:17:43.076,58.7500,100
40663076079377,11:17:43.076,58.7500,100
40663077949251,11:17:43.077,58.7400,100
40663078174988,11:17:43.078,58.7400,100
40663078174988,11:17:43.078,58.7400,62
40663078215724,11:17:43.078,58.7400,38
40678879424198,11:17:58.879,58.7400,8
40678879522380,11:17:58.879,58.7400,2
40691590196711,11:18:11.590,58.7500,3
40691590196711,11:18:11.590,58.7500,24
40764111716692,11:19:24.111,58.7400,1
40766384264517,11:19:26.384,58.7200,60
40766384291870,11:19:26.384,58.7200,40
40766384291870,11:19:26.384,58.7200,99
40766384347152,11:19:26.384,58.7200,1
40788999321995,11:19:48.999,58.7000,2
40791548353741,11:19:51.548,58.7100,100
40793040567498,11:19:53.040,58.7200,100
40793056881128,11:19:53.056,58.7200,100
40793065787937,11:19:53.065,58.7100,100
40826521522585,11:20:26.521,58.7300,1
40842746282242,11:20:42.746,58.7200,100
40842746282242,11:20:42.746,58.7100,100
40842746282242,11:20:42.746,58.7100,100
40852745473184,11:20:52.745,58.7500,42
40852745473184,11:20:52.745,58.7500,1
40852745501393,11:20:52.745,58.7600,16
40855015065827,11:20:55.015,58.7700,41
40902538451673,11:21:42.538,58.7400,54
40902538654263,11:21:42.538,58.7400,46
40902538654263,11:21:42.538,58.7400,100
40917376651716,11:21:57.376,58.7700,2
40951815497604,11:22:31.815,58.7700,3
40951815497604,11:22:31.815,58.7700,1
40951904893046,11:22:31.904,58.7500,100
40978766967862,11:22:58.766,58.7800,100
40978766967862,11:22:58.766,58.7800,24
40983305978312,11:23:03.305,58.8400,100
40983305978312,11:23:03.305,58.8400,1
40983336427630,11:23:03.336,58.8400,100
40983336945135,11:23:03.336,58.8400,100
40996599732206,11:23:16.599,58.9000,8
40996600176753,11:23:16.600,58.9100,100
40996769487956,11:23:16.769,58.9100,1
41023015288303,11:23:43.015,58.8400,100
41044145140839,11:24:04.145,58.8700,1
41059980733664,11:24:19.980,58.8700,1
41139778623576,11:25:39.778,58.8500,1
41155101977576,11:25:55.101,58.8800,52
41190147508022,11:26:30.147,58.8500,1
41190147508022,11:26:30.147,58.8500,98
41190147519753,11:26:30.147,58.8500,2
41190148968962,11:26:30.148,58.8400,59
41190149398277,11:26:30.149,58.8400,41
41190149513363,11:26:30.149,58.8400,9
41190149562142,11:26:30.149,58.8400,91
41190149589203,11:26:30.149,58.8400,56
41190149610247,11:26:30.149,58.8400,44
41190157225737,11:26:30.157,58.8200,81
41190157235348,11:26:30.157,58.8200,19
41190157235348,11:26:30.157,58.8200,100
41192149681119,11:26:32.149,58.8200,100
41246645327040,11:27:26.645,58.8000,32
41283876127502,11:28:03.876,58.8100,100
41283876143207,11:28:03.876,58.8100,25
41363739327261,11:29:23.739,58.8700,100
41383559523409,11:29:43.559,58.8200,1
41383559523409,11:29:43.559,58.8000,100
41383559604994,11:29:43.559,58.8000,1
41384765861876,11:29:44.765,58.7800,100
41386869604717,11:29:46.869,58.8100,84
41437166531686,11:30:37.166,58.7900,89
41437166593568,11:30:37.166,58.7900,11
41437166593568,11:30:37.166,58.7900,100
41468291847386,11:31:08.291,58.8100,100
41468291847386,11:31:08.291,58.8100,100
41468291847386,11:31:08.291,58.8100,5
41468292334128,11:31:08.292,58.8200,47
41468292360634,11:31:08.292,58.8200,53
41468292360634,11:31:08.292,58.8200,47
41468344129008,11:31:08.344,58.8300,100
41490053927361,11:31:30.053,58.8500,100
41490053966716,11:31:30.053,58.8500,26
41508302296754,11:31:48.302,58.8600,100
41526131498491,11:32:06.131,58.8900,3000
41526131498491,11:32:06.131,58.8900,28
41526131744445,11:32:06.131,58.9000,8
41526148149862,11:32:06.148,58.9300,37
41526150757353,11:32:06.150,58.9300,63
41526150757353,11:32:06.150,58.9300,100
41526150757353,11:32:06.150,58.9300,37
41563822375950,11:32:43.822,58.9600,100
41563824167105,11:32:43.824,58.9700,8
41563828961421,11:32:43.828,58.9600,100
41563829365493,11:32:43.829,58.9800,100
41564140505923,11:32:44.140,58.9800,100
41569161696849,11:32:49.161,58.9900,100
41574970522973,11:32:54.970,59.0300,100
41574970522973,11:32:54.970,59.0300,8
41577767816644,11:32:57.767,59.0300,1
41593619396631,11:33:13.619,59.0500,100
41595434514123,11:33:15.434,59.0800,8
41595434514123,11:33:15.434,59.0800,100
41597228055338,11:33:17.228,59.1300,8
41597231154977,11:33:17.231,59.1400,200
41597231480191,11:33:17.231,59.1400,100
41617734033983,11:33:37.734,59.1500,100
41617734064277,11:33:37.734,59.1500,1
41617734064277,11:33:37.734,59.1500,100
41617734064277,11:33:37.734,59.1500,46
41617734669227,11:33:37.734,59.1500,100
41627769867521,11:33:47.769,59.1800,1
41646967054843,11:34:06.967,59.2000,100
41726068145491,11:35:26.068,59.1700,1
41726068820511,11:35:26.068,59.1400,100
41726068848089,11:35:26.068,59.1300,100
41726068907514,11:35:26.068,59.1200,37
41726068908704,11:35:26.068,59.1200,63
41726069134924,11:35:26.069,59.1000,100
41726069134924,11:35:26.069,59.1000,42
41726069273354,11:35:26.069,59.1000,58
41726069291277,11:35:26.069,59.1400,100
41726161516526,11:35:26.161,59.1400,68
41745068124609,11:35:45.068,59.0800,100
41745068568316,11:35:45.068,59.0800,100
41745068568316,11:35:45.068,59.0800,100
41787766302422,11:36:27.766,59.0800,1
41790244645986,11:36:30.244,59.0600,100
41792742770768,11:36:32.742,59.0200,100
41835788646124,11:37:15.788,58.9600,100
41835788655917,11:37:15.788,58.9600,7
41835788707004,11:37:15.788,58.9600,93
41835788707004,11:37:15.788,58.9600,7
41835788776260,11:37:15.788,58.9600,93
41924378075919,11:38:44.378,58.9100,100
41924378190579,11:38:44.378,58.9400,100
41924378787185,11:38:44.378,58.9200,100
41924378787185,11:38:44.378,58.9100,93
41929298106701,11:38:49.298,58.8800,25
41950211823919,11:39:10.211,58.9100,100
41951777031691,11:39:11.777,58.9200,100
41951777031691,11:39:11.777,58.9200,100
41951777031691,11:39:11.777,58.9200,7
41951777311771,11:39:11.777,58.9300,50
41951777678468,11:39:11.777,58.9300,50
41951777678468,11:39:11.777,58.9300,91
41951777784277,11:39:11.777,58.9300,9
41951777881392,11:39:11.777,58.9400,41
41951780228725,11:39:11.780,58.9400,59
41951811151682,11:39:11.811,58.9700,5
41955887624865,11:39:15.887,59.0000,1032
41955887655841,11:39:15.887,59.0000,368
41955887880772,11:39:15.887,59.0100,37
41955887884326,11:39:15.887,59.0100,63
41999938128669,11:39:59.938,59.0600,29
41999938128669,11:39:59.938,59.0600,1
42044495554700,11:40:44.495,59.0700,1
42071862791285,11:41:11.862,59.0900,100
42071862847990,11:41:11.862,59.0900,1
42071863297673,11:41:11.863,59.1000,52
42071900362746,11:41:11.900,59.1100,100
42071900362746,11:41:11.900,59.1100,100
42074956825669,11:41:14.956,59.1500,100
42074956928206,11:41:14.956,59.1200,100
42074957148805,11:41:14.957,59.1500,100
42074957148805,11:41:14.957,59.1500,100
42075990694900,11:41:15.990,59.1500,100
42075990694900,11:41:15.990,59.1500,30
42075990694900,11:41:15.990,59.1500,1
42075991204801,11:41:15.991,59.1300,90
42076023916840,11:41:16.023,59.1200,1
42077247001433,11:41:17.247,59.1300,100
42077248244853,11:41:17.248,59.1400,100
42111772436509,11:41:51.772,59.1400,1
42193307428372,11:43:13.307,59.1900,100
42193307453699,11:43:13.307,59.1900,1
42193307453699,11:43:13.307,59.1900,31
42193307453699,11:43:13.307,59.1900,100
42193962332889,11:43:13.962,59.1800,1
42193962332889,11:43:13.962,59.1800,100
42210170414529,11:43:30.170,59.1400,1
42210170414529,11:43:30.170,59.1400,100
42210170414529,11:43:30.170,59.1400,100
42210170801647,11:43:30.170,59.1200,100
42211071361087,11:43:31.071,59.1400,200
42211071361087,11:43:31.071,59.1500,1
42211073568906,11:43:31.073,59.1500,1
42234397460304,11:43:54.397,59.1200,79
42234397460304,11:43:54.397,59.1200,100
42234397777502,11:43:54.397,59.1200,100
42236148903640,11:43:56.148,59.0900,1
42236164881897,11:43:56.164,59.0800,100
42270228750674,11:44:30.228,59.0600,2
42308102615978,11:45:08.102,59.0600,100
42349557742185,11:45:49.557,59.0300,100
42349557753209,11:45:49.557,59.0200,18
42349557866531,11:45:49.557,59.0200,5
42349558044673,11:45:49.558,59.0200,77
42349558254050,11:45:49.558,59.0300,100
42380531332727,11:46:20.531,59.0300,1
42380531332727,11:46:20.531,59.0300,100
42380531332727,11:46:20.531,59.0300,27
42380531332727,11:46:20.531,59.0300,100
42380532225879,11:46:20.532,59.0400,100
42391840628079,11:46:31.840,59.0100,1
42392036162825,11:46:32.036,59.0100,110
42422504955052,11:47:02.504,59.0100,190
42422504955052,11:47:02.504,59.0100,10
42422504999508,11:47:02.504,59.0100,90
42422504999508,11:47:02.504,59.0100,1
42422505667701,11:47:02.505,59.0200,100
42465207513201,11:47:45.207,59.0300,1
42465207513201,11:47:45.207,59.0200,100
42465240843251,11:47:45.240,59.0300,3
42510018953017,11:48:30.018,59.0000,1
42536821127082,11:48:56.821,59.0100,3
42536821127082,11:48:56.821,59.0100,97
42536821157639,11:48:56.821,59.0100,3
42538886793489,11:48:58.886,59.0300,100
42595764453098,11:49:55.764,59.0700,1
42596432982118,11:49:56.432,59.0900,100
42596432982118,11:49:56.432,59.0900,100
42596432982118,11:49:56.432,59.0900,27
42596432982118,11:49:56.432,59.0900,1
42609589237740,11:50:09.589,59.1000,1
42636130691840,11:50:36.130,59.0900,1
42645464461519,11:50:45.464,59.0800,100
42645464874553,11:50:45.464,59.0700,1
42645464874553,11:50:45.464,59.0700,99
42645464942338,11:50:45.464,59.0700,1
42645465651689,11:50:45.465,59.0700,100
42645466001803,11:50:45.466,59.0800,100
42645466300876,11:50:45.466,59.0700,100
42645466300876,11:50:45.466,59.0700,12
42678768699381,11:51:18.768,59.1200,1
42678768699381,11:51:18.768,59.1200,39
42678768699381,11:51:18.768,59.1200,23
42681458665764,11:51:21.458,59.1300,100
42683992923640,11:51:23.992,59.1400,1
42683992923640,11:51:23.992,59.1400,100
42683993795920,11:51:23.993,59.1500,100
42686081047676,11:51:26.081,59.1600,100
42693885861992,11:51:33.885,59.1500,1
42695234430292,11:51:35.234,59.1400,100
42695234430292,11:51:35.234,59.1400,100
42695237488006,11:51:35.237,59.1400,100
42769647415516,11:52:49.647,59.1500,1
42789357029045,11:53:09.357,59.1600,1
42789357029045,11:53:09.357,59.1600,99
42801313936680,11:53:21.313,59.1400,5
42801313936680,11:53:21.313,59.1300,6
42825732732461,11:53:45.732,59.1300,100
42825732732461,11:53:45.732,59.1300,100
42825733157122,11:53:45.733,59.1300,100
42834215920639,11:53:54.215,59.1100,60
42844336459966,11:54:04.336,59.1100,40
42844336459966,11:54:04.336,59.1100,1
42900499658944,11:55:00.499,59.1400,2
42900499824574,11:55:00.499,59.1500,72
42900499831817,11:55:00.499,59.1500,28
42900499831817,11:55:00.499,59.1500,29
42900499831817,11:55:00.499,59.1500,43
42900499856131,11:55:00.499,59.1500,57
42900499856131,11:55:00.499,59.1500,100
42900819002329,11:55:00.819,59.1700,100
42900819042874,11:55:00.819,59.1700,1
43006006783344,11:56:46.006,59.1600,1
43006006783344,11:56:46.006,59.1500,100
43006006783344,11:56:46.006,59.1500,100
43006007637278,11:56:46.007,59.1500,100
43028318681651,11:57:08.318,59.1700,10
43034295117327,11:57:14.295,59.1300,100
43034295202279,11:57:14.295,59.1100,100
43034295202279,11:57:14.295,59.1100,73
43034295260466,11:57:14.295,59.1200,27
43034295285655,11:57:14.295,59.1200,73
43034295352244,11:57:14.295,59.1100,27
43081604441573,11:58:01.604,59.1400,3
43081604441573,11:58:01.604,59.1400,100
43081698782826,11:58:01.698,59.1500,100
43084963725358,11:58:04.963,59.1500,1
43084963725358,11:58:04.963,59.1500,100
43086800378802,11:58:06.800,59.1300,98
43086800463776,11:58:06.800,59.1300,2
43086800889604,11:58:06.800,59.1300,100
43086802208545,11:58:06.802,59.1300,100
43095363596870,11:58:15.363,59.1400,42
43140114888900,11:59:00.114,59.1100,100
43140114888900,11:59:00.114,59.1100,15
43174623092355,11:59:34.623,59.1300,100
43174623092355,11:59:34.623,59.1300,2
43176769240634,11:59:36.769,59.1300,1
43198672150682,11:59:58.672,59.1400,58
43198672150682,11:59:58.672,59.1400,42
43198672177580,11:59:58.672,59.1400,58
43198672742638,11:59:58.672,59.1500,5
43257770711380,12:00:57.770,59.1800,29
43257770711380,12:00:57.770,59.1800,1
43257771283450,12:00:57.771,59.1900,100
43258770304076,12:00:58.770,59.2000,24
43258770304076,12:00:58.770,59.2000,1
43258771391902,12:00:58.771,59.2100,100
43259667531286,12:00:59.667,59.2100,100
43287374712112,12:01:27.374,59.1700,100
43287375118148,12:01:27.375,59.1700,100
43287375821188,12:01:27.375,59.1700,100
43287376266127,12:01:27.376,59.1600,100
43287376414699,12:01:27.376,59.1700,10
43305994656542,12:01:45.994,59.1400,14
43305994696658,12:01:45.994,59.1400,75
43338771892786,12:02:18.771,59.1500,1
43338771892786,12:02:18.771,59.1500,100
43338771892786,12:02:18.771,59.1500,28
43339227366852,12:02:19.227,59.1500,100
43342899376086,12:02:22.899,59.1700,84
43343772895479,12:02:23.772,59.1700,1
43366550394464,12:02:46.550,59.1600,1
43373306383469,12:02:53.306,59.1900,1
43373600807324,12:02:53.600,59.2000,100
43388314955851,12:03:08.314,59.2400,100
43388314955851,12:03:08.314,59.2400,100
43402556416778,12:03:22.556,59.2500,1
43406610023789,12:03:26.610,59.2550,100
43446555833494,12:04:06.555,59.2500,1
43446555833494,12:04:06.555,59.2500,1
43480316729855,12:04:40.316,59.2400,100
43481065187766,12:04:41.065,59.2200,100
43496232093805,12:04:56.232,59.2000,100
43546824459320,12:05:46.824,59.1700,100
43546824459320,12:05:46.824,59.1700,100
43546825843965,12:05:46.825,59.1600,99
43572360710973,12:06:12.360,59.1700,35
43574771111839,12:06:14.771,59.1900,100
43596126222324,12:06:36.126,59.1700,65
43622485415725,12:07:02.485,59.1600,1
43622663375695,12:07:02.663,59.1700,100
43622663388762,12:07:02.663,59.1800,3
43622663388762,12:07:02.663,59.1800,4
43622663388762,12:07:02.663,59.1800,93
43622663419728,12:07:02.663,59.1800,7
43623314317893,12:07:03.314,59.1900,100
43623314317893,12:07:03.314,59.1900,100
43623314317893,12:07:03.314,59.1900,100
43629873272759,12:07:09.873,59.2000,103
43686179428093,12:08:06.179,59.2100,100
43686779358657,12:08:06.779,59.2100,100
43689780290771,12:08:09.780,59.2100,1
43690105510850,12:08:10.105,59.2100,100
43691504998180,12:08:11.504,59.2100,29
43691504998180,12:08:11.504,59.2100,1
43727095483136,12:08:47.095,59.2100,5
43727095483136,12:08:47.095,59.2000,100
43754533792913,12:09:14.533,59.2100,1
43754533792913,12:09:14.533,59.2100,1
43810529339579,12:10:10.529,59.2200,1
43815869883254,12:10:15.869,59.2300,28
43820256381526,12:10:20.256,59.2200,1
43820256396984,12:10:20.256,59.2100,1
43820256706149,12:10:20.256,59.2100,100
43820259000484,12:10:20.259,59.2100,100
43861718037551,12:11:01.718,59.2100,100
43861718037551,12:11:01.718,59.2100,1
43863314357913,12:11:03.314,59.2200,1
43907390937001,12:11:47.390,59.2200,1
43907390937001,12:11:47.390,59.2000,100
43907390937001,12:11:47.390,59.2000,100
43907390937001,12:11:47.390,59.2000,30
43907580527960,12:11:47.580,59.1700,100
43938770448077,12:12:18.770,59.2300,100
43938770693515,12:12:18.770,59.2300,45
43938770693515,12:12:18.770,59.2300,1
43938770693515,12:12:18.770,59.2300,28
43974768157879,12:12:54.768,59.2400,1
43975186201676,12:12:55.186,59.2400,4
43987945511135,12:13:07.945,59.2600,1
44030121759487,12:13:50.121,59.2900,1
44030121759487,12:13:50.121,59.2900,99
44030121790357,12:13:50.121,59.2900,1
44055767024792,12:14:15.767,59.2900,1
44087638243419,12:14:47.638,59.2600,100
44087639277862,12:14:47.639,59.2500,100
44087639277862,12:14:47.639,59.2500,6
44087846900979,12:14:47.846,59.2400,50
44113127563957,12:15:13.127,59.2400,27
44128435228265,12:15:28.435,59.2600,8
44128435228265,12:15:28.435,59.2600,3
44128436021438,12:15:28.436,59.2700,100
44128436021438,12:15:28.436,59.2700,100
44128436414359,12:15:28.436,59.2700,10
44173776172089,12:16:13.776,59.2800,1
44173776172089,12:16:13.776,59.2800,28
44174776268007,12:16:14.776,59.2700,1
44206619432178,12:16:46.619,59.2900,100
44210529623823,12:16:50.529,59.2900,100
44210529851601,12:16:50.529,59.2900,1
44217817298379,12:16:57.817,59.3300,100
44233552716973,12:17:13.552,59.3200,1
44233552716973,12:17:13.552,59.3200,1
44244242461610,12:17:24.242,59.3000,100
44244242461610,12:17:24.242,59.3000,23
44258398631934,12:17:38.398,59.3000,100
44258398642823,12:17:38.398,59.3000,1
44258398642823,12:17:38.398,59.3000,99
44258398678344,12:17:38.398,59.3000,1
44258398678344,12:17:38.398,59.3000,100
44258398755528,12:17:38.398,59.3000,1
44258400845723,12:17:38.400,59.3000,76
44258400845723,12:17:38.400,59.3000,24
44258400887088,12:17:38.400,59.3000,72
44258400921331,12:17:38.400,59.3000,4
44258400997967,12:17:38.400,59.3000,72
44258401075068,12:17:38.401,59.3000,28
44258401075068,12:17:38.401,59.3000,44
44258401157371,12:17:38.401,59.3000,56
44258401157371,12:17:38.401,59.3000,16
44267911009576,12:17:47.911,59.2800,1
44267911009576,12:17:47.911,59.2800,100
44322609732510,12:18:42.609,59.2800,15
44418771462976,12:20:18.771,59.2900,1
44448185391338,12:20:48.185,59.2600,1
44448185391338,12:20:48.185,59.2400,10
44448185391338,12:20:48.185,59.2400,1
44448186138564,12:20:48.186,59.2300,100
44448395924583,12:20:48.395,59.2200,34
44461066140809,12:21:01.066,59.2300,28
44533314023805,12:22:13.314,59.2500,3
44533314023805,12:22:13.314,59.2500,61
44533314025459,12:22:13.314,59.2500,39
44533325764685,12:22:13.325,59.2600,100
44533350224775,12:22:13.350,59.2800,100
44533350224775,12:22:13.350,59.2800,5
44541029779149,12:22:21.029,59.2900,100
44541029838960,12:22:21.029,59.2900,1
44541029838960,12:22:21.029,59.2900,99
44541029861608,12:22:21.029,59.2900,1
44541033878526,12:22:21.033,59.3000,100
44543767635066,12:22:23.767,59.3600,1
44546503549784,12:22:26.503,59.3800,1
44622770454825,12:23:42.770,59.3400,100
44622771120303,12:23:42.771,59.3400,100
44622771234764,12:23:42.771,59.3600,1
44622771409167,12:23:42.771,59.3400,1
44628453526663,12:23:48.453,59.3300,100
44628453526663,12:23:48.453,59.3200,100
44628661462271,12:23:48.661,59.3200,100
44628661462271,12:23:48.661,59.3200,100
44628661622910,12:23:48.661,59.3300,10
44633363561855,12:23:53.363,59.3600,1
44633363561855,12:23:53.363,59.3600,57
44667131667035,12:24:27.131,59.3600,28
44667131667035,12:24:27.131,59.3600,1
44709688470898,12:25:09.688,59.3900,21
44710768487509,12:25:10.768,59.3900,79
44710768487509,12:25:10.768,59.3900,1
44710920674644,12:25:10.920,59.4000,2
44769889359290,12:26:09.889,59.3900,2
44778290388999,12:26:18.290,59.3700,67
44778290388999,12:26:18.290,59.3700,8
44778290388999,12:26:18.290,59.3700,7
44778290674236,12:26:18.290,59.3600,100
44778290706701,12:26:18.290,59.3600,15
44778290706701,12:26:18.290,59.3600,85
44778290717579,12:26:18.290,59.3600,26
44778290755050,12:26:18.290,59.3500,50
44778290789612,12:26:18.290,59.3500,50
44781558188521,12:26:21.558,59.3200,100
44789559950330,12:26:29.559,59.3200,50
44789560031123,12:26:29.560,59.3200,50
44789560437735,12:26:29.560,59.3200,50
44789560462005,12:26:29.560,59.3200,50
44789560651764,12:26:29.560,59.3200,50
44789560888220,12:26:29.560,59.3100,50
44789560924645,12:26:29.560,59.3100,50
44789562717618,12:26:29.562,59.3200,50
44799013774483,12:26:39.013,59.2900,16
44834912175921,12:27:14.912,59.2900,2
44871044532877,12:27:51.044,59.3000,2
44871044532877,12:27:51.044,59.3000,100
44871051050693,12:27:51.051,59.3000,200
44871051050693,12:27:51.051,59.3000,100
44881284817571,12:28:01.284,59.3100,100
44881285259261,12:28:01.285,59.3100,100
44881285259261,12:28:01.285,59.3100,1
44907246665536,12:28:27.246,59.3200,2
44910789228261,12:28:30.789,59.3000,95
44910789252663,12:28:30.789,59.3000,5
44910789252663,12:28:30.789,59.3000,91
44910789279127,12:28:30.789,59.3000,9
44910789279127,12:28:30.789,59.3000,96
44910789284887,12:28:30.789,59.3000,4
44910789857583,12:28:30.789,59.3000,8
45038131695877,12:30:38.131,59.3100,2
45038131695877,12:30:38.131,59.3100,1
45062751688060,12:31:02.751,59.3000,5
45062755813453,12:31:02.755,59.2800,100
45071762163795,12:31:11.762,59.2800,5
45121191689929,12:32:01.191,59.2600,1
45135887191903,12:32:15.887,59.2500,2
45162860196102,12:32:42.860,59.2700,100
45162860226871,12:32:42.860,59.2700,5
45162860226871,12:32:42.860,59.2700,100
45162860226871,12:32:42.860,59.2700,29
45162860226871,12:32:42.860,59.2700,100
45168326181241,12:32:48.326,59.2800,100
45203171649210,12:33:23.171,59.2800,35
45213497029606,12:33:33.497,59.2700,3
45215717414745,12:33:35.717,59.2700,2
45215717414745,12:33:35.717,59.2600,1
45215717414745,12:33:35.717,59.2600,2
45215819646592,12:33:35.819,59.2500,1
45215819646592,12:33:35.819,59.2500,55
45215822978099,12:33:35.822,59.2300,56
45215823483518,12:33:35.823,59.2300,44
45218724326512,12:33:38.724,59.2300,100
45218725224783,12:33:38.725,59.2200,100
45275951643606,12:34:35.951,59.2200,2
45278532420082,12:34:38.532,59.2300,100
45286017294089,12:34:46.017,59.2300,3
45286017294089,12:34:46.017,59.2300,39
45287013838315,12:34:47.013,59.2400,100
45287088137762,12:34:47.088,59.2500,65
45287088137762,12:34:47.088,59.2500,35
45287088164798,12:34:47.088,59.2500,65
45303071232169,12:35:03.071,59.2600,100
45305628953886,12:35:05.628,59.2700,88
45305629245559,12:35:05.629,59.2700,12
45314941635685,12:35:14.941,59.2600,100
45314941635685,12:35:14.941,59.2600,100
45351766842087,12:35:51.766,59.2600,1
45374424524513,12:36:14.424,59.2500,200
45374425065493,12:36:14.425,59.2500,75
45379558922786,12:36:19.558,59.2600,2
45396860590402,12:36:36.860,59.2500,1
45396860593846,12:36:36.860,59.2500,7
45396860940531,12:36:36.860,59.2500,93
45397644329572,12:36:37.644,59.2400,100
45427682317545,12:37:07.682,59.2600,100
45427682317545,12:37:07.682,59.2600,100
45427682317545,12:37:07.682,59.2600,1
45463322330167,12:37:43.322,59.2700,100
45463322330167,12:37:43.322,59.2700,100
45463322330167,12:37:43.322,59.2700,100
45463322330167,12:37:43.322,59.2700,30
45502888752127,12:38:22.888,59.2800,3000
45502888752127,12:38:22.888,59.2800,1
45502888752127,12:38:22.888,59.2800,31
45540582516193,12:39:00.582,59.2800,10
45555779766087,12:39:15.779,59.2700,5
45555779766087,12:39:15.779,59.2600,90
45555779792587,12:39:15.779,59.2600,10
45555780071123,12:39:15.780,59.2600,100
45634751254285,12:40:34.751,59.2600,2
45634753549859,12:40:34.753,59.2500,8
45634753561491,12:40:34.753,59.2500,7
45638331615867,12:40:38.331,59.2600,100
45638331615867,12:40:38.331,59.2600,3
45690880853664,12:41:30.880,59.2600,1
45690880853664,12:41:30.880,59.2600,2
45690880853664,12:41:30.880,59.2600,5
45692129744361,12:41:32.129,59.2500,1
45710908608998,12:41:50.908,59.2400,100
45710908608998,12:41:50.908,59.2400,100
45710912867094,12:41:50.912,59.2300,56
45710912897469,12:41:50.912,59.2300,44
45710912897469,12:41:50.912,59.2300,44
45710913480133,12:41:50.913,59.2300,56
45710913480133,12:41:50.913,59.2300,100
45710926018700,12:41:50.926,59.2200,100
45729141763946,12:42:09.141,59.1900,1
45729141763946,12:42:09.141,59.1900,1
45729141763946,12:42:09.141,59.1900,1
45729403247263,12:42:09.403,59.1700,100
45729404194532,12:42:09.404,59.1700,10
45729404197647,12:42:09.404,59.1700,25
45732837510396,12:42:12.837,59.1800,100
45732837510396,12:42:12.837,59.1800,100
45749823563948,12:42:29.823,59.1900,100
45749823563948,12:42:29.823,59.1900,31
45749823563948,12:42:29.823,59.1900,100
45749823563948,12:42:29.823,59.1900,2
45749824266743,12:42:29.824,59.2000,75
45749824302621,12:42:29.824,59.2000,25
45749824302621,12:42:29.824,59.2000,100
45749824302621,12:42:29.824,59.2000,75
45749824311562,12:42:29.824,59.2000,25
45749824311562,12:42:29.824,59.2000,75
45749824312371,12:42:29.824,59.2000,200
45749824390583,12:42:29.824,59.2000,25
45773474474722,12:42:53.474,59.1800,100
45803094479012,12:43:23.094,59.1800,100
45806885074832,12:43:26.885,59.1800,200
45806885105764,12:43:26.885,59.1800,200
45806885105764,12:43:26.885,59.1800,1
45808072954318,12:43:28.072,59.1900,100
45809850750999,12:43:29.850,59.2000,100
45809850750999,12:43:29.850,59.2000,100
45809855626257,12:43:29.855,59.2000,100
45809855626257,12:43:29.855,59.2000,95
45816390616796,12:43:36.390,59.2000,2
45842795984189,12:44:02.795,59.2000,1
45850943482887,12:44:10.943,59.2000,94
45850943513820,12:44:10.943,59.2000,6
45850943513820,12:44:10.943,59.2000,30
45850943513820,12:44:10.943,59.2000,35
45850943550779,12:44:10.943,59.2000,65
45850943550779,12:44:10.943,59.2000,1
45850944360027,12:44:10.944,59.2100,94
45850944574854,12:44:10.944,59.2100,6
45850944574854,12:44:10.944,59.2100,88
45850944643442,12:44:10.944,59.2100,12
45850944643442,12:44:10.944,59.2100,82
45850944698412,12:44:10.944,59.2100,18
45850944698412,12:44:10.944,59.2100,76
45850944790571,12:44:10.944,59.2100,24
45850944790571,12:44:10.944,59.2100,5
45850944790571,12:44:10.944,59.2100,6
45850944826602,12:44:10.944,59.2100,59
45851860543630,12:44:11.860,59.2100,35
45877318139871,12:44:37.318,59.2150,1
45896622084055,12:44:56.622,59.2200,37
45898003607258,12:44:58.003,59.2200,63
45921768001693,12:45:21.768,59.2400,176
45921768001693,12:45:21.768,59.2400,1
45928232574060,12:45:28.232,59.2600,100
45938336991758,12:45:38.336,59.2800,100
45967619890554,12:46:07.619,59.2700,100
45967619890554,12:46:07.619,59.2700,400
45967620370780,12:46:07.620,59.2700,100
45967620446576,12:46:07.620,59.2500,10
46006720857085,12:46:46.720,59.2800,1
46006721437096,12:46:46.721,59.2900,100
46057665787469,12:47:37.665,59.3100,1
46064807583716,12:47:44.807,59.3100,2
46071033464752,12:47:51.033,59.2900,10
46071033464752,12:47:51.033,59.2800,100
46071033464752,12:47:51.033,59.2800,90
46071033511684,12:47:51.033,59.2800,10
46093475182518,12:48:13.475,59.3000,100
46093475182518,12:48:13.475,59.3000,1
46093475182518,12:48:13.475,59.3000,31
46093475373892,12:48:13.475,59.3000,100
46108008716957,12:48:28.008,59.3000,2
46115315748204,12:48:35.315,59.3100,1
46143345029008,12:49:03.345,59.3300,100
46143345029008,12:49:03.345,59.3300,1
46191770909980,12:49:51.770,59.3600,1
46191771537013,12:49:51.771,59.3700,100
46191771537013,12:49:51.771,59.3700,100
46210596860902,12:50:10.596,59.3700,1
46210596860902,12:50:10.596,59.3700,100
46210596860902,12:50:10.596,59.3700,99
46211011219692,12:50:11.011,59.3700,1
46241083952969,12:50:41.083,59.3700,1
46323765864630,12:52:03.765,59.3700,1
46338870219233,12:52:18.870,59.3600,19
46338870219233,12:52:18.870,59.3600,100
46338870219233,12:52:18.870,59.3600,100
46338870219233,12:52:18.870,59.3600,100
46338870819892,12:52:18.870,59.3600,96
46338870824247,12:52:18.870,59.3600,4
46338870824247,12:52:18.870,59.3600,1
46338870870333,12:52:18.870,59.3600,42
46423315731871,12:53:43.315,59.3800,2
46423315731871,12:53:43.315,59.3800,100
46423315731871,12:53:43.315,59.3800,75
46423315765358,12:53:43.315,59.3800,25
46423315765358,12:53:43.315,59.3800,100
46423315765358,12:53:43.315,59.3800,32
46423316624718,12:53:43.316,59.3900,100
46423316624718,12:53:43.316,59.3900,100
46423316850716,12:53:43.316,59.3900,100
46424722072959,12:53:44.722,59.3900,2
46424722236757,12:53:44.722,59.3800,1
46471075985350,12:54:31.075,59.3700,100
46471076327333,12:54:31.076,59.3700,11
46471076364836,12:54:31.076,59.3700,4
46471076831122,12:54:31.076,59.3600,100
46523907026686,12:55:23.907,59.3700,1
46523913949033,12:55:23.913,59.3600,22
46523913949033,12:55:23.913,59.3600,1
46534561459790,12:55:34.561,59.3500,12
46535029219336,12:55:35.029,59.3500,88
46535029219336,12:55:35.029,59.3500,112
46535029272910,12:55:35.029,59.3500,88
46535029272910,12:55:35.029,59.3500,100
46535052059883,12:55:35.052,59.3500,47
46546106110739,12:55:46.106,59.3500,53
46567105879642,12:56:07.105,59.3500,4
46567105879642,12:56:07.105,59.3500,100
46567105879642,12:56:07.105,59.3500,31
46569255177206,12:56:09.255,59.3600,53
46569255213037,12:56:09.255,59.3600,25
46569255219497,12:56:09.255,59.3600,22
46569255219497,12:56:09.255,59.3600,1
46569406212261,12:56:09.406,59.3700,53
46569406245914,12:56:09.406,59.3700,47
46569406245914,12:56:09.406,59.3700,100
46569406245914,12:56:09.406,59.3700,6
46569406275729,12:56:09.406,59.3700,51
46569406289306,12:56:09.406,59.3700,43
46569406289306,12:56:09.406,59.3700,57
46569406316992,12:56:09.406,59.3700,2
46569406343038,12:56:09.406,59.3700,20
46569406693019,12:56:09.406,59.3700,21
46569406693019,12:56:09.406,59.3700,100
46569406693019,12:56:09.406,59.3700,79
46569406722680,12:56:09.406,59.3700,21
46569406722680,12:56:09.406,59.3700,26
46569406743857,12:56:09.406,59.3700,37
46569407143535,12:56:09.407,59.3700,37
46569407143535,12:56:09.407,59.3700,100
46597552263757,12:56:37.552,59.3700,2
46686771726374,12:58:06.771,59.3800,8
46686771734314,12:58:06.771,59.3800,92
46686771734314,12:58:06.771,59.3800,1
46686771734314,12:58:06.771,59.3800,100
46701753525785,12:58:21.753,59.3900,1
46708011215454,12:58:28.011,59.4000,100
46709139206754,12:58:29.139,59.4100,100
46709139233255,12:58:29.139,59.4100,100
46709140836871,12:58:29.140,59.4200,2
46709673785354,12:58:29.673,59.4200,5
46709673816068,12:58:29.673,59.4200,1
46709673839943,12:58:29.673,59.4200,92
46710011530126,12:58:30.011,59.4300,2
46722454668554,12:58:42.454,59.4300,100
46722454816443,12:58:42.454,59.4300,2
46722465819913,12:58:42.465,59.4300,65
46722465845494,12:58:42.465,59.4300,35
46722465845494,12:58:42.465,59.4300,100
46725467832285,12:58:45.467,59.4200,100
46725467832285,12:58:45.467,59.4200,36
46756707623740,12:59:16.707,59.3800,100
46756707648190,12:59:16.707,59.3800,83
46756707678637,12:59:16.707,59.3800,17
46756707678637,12:59:16.707,59.3800,100
46758340160621,12:59:18.340,59.4000,1
46812512835745,13:00:12.512,59.3800,1
46812513799635,13:00:12.513,59.3700,25
46812514444730,13:00:12.514,59.3700,75
46812514444730,13:00:12.514,59.3700,25
46812514484621,13:00:12.514,59.3700,75
46813039330484,13:00:13.039,59.3500,100
46815066605554,13:00:15.066,59.3300,5
46815066992114,13:00:15.066,59.3200,1
46815066992114,13:00:15.066,59.3200,100
46818314354709,13:00:18.314,59.3400,30
46818314354709,13:00:18.314,59.3400,2
46889014243925,13:01:29.014,59.3700,100
46889014243925,13:01:29.014,59.3700,1
46889014243925,13:01:29.014,59.3700,100
46889453365554,13:01:29.453,59.3800,100
46889453365554,13:01:29.453,59.3800,100
46889453365554,13:01:29.453,59.3800,100
46891768930918,13:01:31.768,59.4100,1
46892033969721,13:01:32.033,59.4100,2
46909998581602,13:01:49.998,59.4000,100
46915680788350,13:01:55.680,59.3900,100
46948021359317,13:02:28.021,59.4000,2
46971771577205,13:02:51.771,59.4000,1
46971771689451,13:02:51.771,59.3800,100
46971771689451,13:02:51.771,59.3800,100
47028009430271,13:03:48.009,59.3800,2
47052782336650,13:04:12.782,59.3700,1
47060892724314,13:04:20.892,59.3500,100
47060892724314,13:04:20.892,59.3500,87
47066610081566,13:04:26.610,59.3300,13
47076613153344,13:04:36.613,59.3100,2
47076613735249,13:04:36.613,59.3100,698
47076613735249,13:04:36.613,59.3100,100
47076614071270,13:04:36.614,59.3000,5
47078613908575,13:04:38.613,59.2800,100
47078613932741,13:04:38.613,59.2800,2
47078614017719,13:04:38.614,59.2800,98
47101180238931,13:05:01.180,59.2700,100
47101180238931,13:05:01.180,59.2700,32
47101180238931,13:05:01.180,59.2700,100
47101180238931,13:05:01.180,59.2700,3
47101181873244,13:05:01.181,59.2700,1
47116612240635,13:05:16.612,59.2700,99
47116612240635,13:05:16.612,59.2700,1
47116613221400,13:05:16.613,59.2900,100
47116613221400,13:05:16.613,59.2900,100
47116613221400,13:05:16.613,59.2900,100
47118347999644,13:05:18.347,59.3100,100
47161508210926,13:06:01.508,59.3200,1
47194530736961,13:06:34.530,59.3200,1
47194530736961,13:06:34.530,59.3200,30
47194530736961,13:06:34.530,59.3200,69
47194530827344,13:06:34.530,59.3200,31
47216302503449,13:06:56.302,59.3400,5
47305769538851,13:08:25.769,59.3400,2
47306621586030,13:08:26.621,59.3300,1
47306621586030,13:08:26.621,59.3300,100
47306622029681,13:08:26.622,59.3300,60
47318662763431,13:08:38.662,59.3100,100
47326603355647,13:08:46.603,59.3200,15
47326603355647,13:08:46.603,59.3100,72
47326603355647,13:08:46.603,59.3100,1
47326603355647,13:08:46.603,59.3100,12
47336509857527,13:08:56.509,59.3100,25
47444768610797,13:10:44.768,59.3000,2
47461259833913,13:11:01.259,59.3100,100
47461259833913,13:11:01.259,59.3100,2
47461259833913,13:11:01.259,59.3100,77
47461768185975,13:11:01.768,59.3200,88
47461768216212,13:11:01.768,59.3200,12
47461768216212,13:11:01.768,59.3200,1
47461768916043,13:11:01.768,59.3300,100
47461768916043,13:11:01.768,59.3300,38
47461768943671,13:11:01.768,59.3300,62
47461768943671,13:11:01.768,59.3300,255
47461768968599,13:11:01.768,59.3300,245
47464304486613,13:11:04.304,59.3400,1
47488009599402,13:11:28.009,59.3400,2
47608014947578,13:13:28.014,59.3300,1
47614514781046,13:13:34.514,59.3300,10
47614514781046,13:13:34.514,59.3200,100
47614514781046,13:13:34.514,59.3200,46
47614514781046,13:13:34.514,59.3200,45
47614514824199,13:13:34.514,59.3200,9
47614514824199,13:13:34.514,59.3200,1
47614719787862,13:13:34.719,59.2900,100
47618235813675,13:13:38.235,59.2800,100
47618235813675,13:13:38.235,59.2800,46
47618236915076,13:13:38.236,59.2700,100
47668016475230,13:14:28.016,59.2900,200
47668016475230,13:14:28.016,59.2900,3
47668016475230,13:14:28.016,59.2900,28
47668016585269,13:14:28.016,59.2900,61
47668191887725,13:14:28.191,59.2800,100
47700767535596,13:15:00.767,59.2900,1
47725691782402,13:15:25.691,59.2800,5
47725691782402,13:15:25.691,59.2700,100
47725691782402,13:15:25.691,59.2700,95
47725691825734,13:15:25.691,59.2700,5
47735298368885,13:15:35.298,59.2700,100
47735298368885,13:15:35.298,59.2700,100
47749691161649,13:15:49.691,59.2900,100
47749691171938,13:15:49.691,59.2900,1
47749691171938,13:15:49.691,59.2900,99
47749691189303,13:15:49.691,59.2900,1
47842543891590,13:17:22.543,59.3400,100
47842543891590,13:17:22.543,59.3400,16
47842543891590,13:17:22.543,59.3400,1
47842543891590,13:17:22.543,59.3400,124
47842584213037,13:17:22.584,59.3500,7
47843349092940,13:17:23.349,59.3500,22
47843349092940,13:17:23.349,59.3500,78
47843756942989,13:17:23.756,59.3500,22
47843756942989,13:17:23.756,59.3500,5
47843756942989,13:17:23.756,59.3500,1
47870530753496,13:17:50.530,59.3500,2
47937028905772,13:18:57.028,59.3500,1
47937028905772,13:18:57.028,59.3500,86
47937029299648,13:18:57.029,59.3500,14
47937029487801,13:18:57.029,59.3500,15
47937030988326,13:18:57.030,59.3300,100
47937030988326,13:18:57.030,59.3300,100
47938429023592,13:18:58.429,59.3300,100
47938429053902,13:18:58.429,59.3300,1
47940232780126,13:19:00.232,59.3100,2
47940234332089,13:19:00.234,59.3000,44
47940974809701,13:19:00.974,59.3200,50
47971632844690,13:19:31.632,59.3300,14
47971632885286,13:19:31.632,59.3300,15
48012326359726,13:20:12.326,59.3200,15
48012326359726,13:20:12.326,59.3000,104
48012326359726,13:20:12.326,59.3000,85
48012326391999,13:20:12.326,59.3000,15
48016274666709,13:20:16.274,59.2800,39
48016274772159,13:20:16.274,59.2800,61
48046072806271,13:20:46.072,59.2500,100
48046072806271,13:20:46.072,59.2500,100
48046073393850,13:20:46.073,59.2500,7
48046073407724,13:20:46.073,59.2500,66
48046073421815,13:20:46.073,59.2500,127
48046073707301,13:20:46.073,59.2500,131
48046587656579,13:20:46.587,59.2400,100
48046587656579,13:20:46.587,59.2400,100
48048561587462,13:20:48.561,59.2400,100
48048562077237,13:20:48.562,59.2500,100
48048713301951,13:20:48.713,59.2600,5
48050872754600,13:20:50.872,59.2700,2
48150011519012,13:22:30.011,59.2600,2
48153622768520,13:22:33.622,59.2400,1
48153622768520,13:22:33.622,59.2400,1
48176874758774,13:22:56.874,59.2400,5
48191961971580,13:23:11.961,59.2100,1
48191961971580,13:23:11.961,59.2100,99
48192569920526,13:23:12.569,59.2100,1
48192569920526,13:23:12.569,59.2100,44
48193680504543,13:23:13.680,59.2000,100
48193680504543,13:23:13.680,59.2000,100
48197975614500,13:23:17.975,59.2300,2
48197975614500,13:23:17.975,59.2300,29
48197976680966,13:23:17.976,59.2500,69
48241351043916,13:24:01.351,59.2500,1
48241351043916,13:24:01.351,59.2500,100
48241351043916,13:24:01.351,59.2500,100
48241355986351,13:24:01.355,59.2600,98
48241356011443,13:24:01.356,59.2600,2
48241356033446,13:24:01.356,59.2600,2
48241356055800,13:24:01.356,59.2600,2
48241356077962,13:24:01.356,59.2600,1
48241356214707,13:24:01.356,59.2600,5
48241431184365,13:24:01.431,59.2600,90
48243360181265,13:24:03.360,59.2700,30
48243360181265,13:24:03.360,59.2700,70
48243360207016,13:24:03.360,59.2700,30
48258354697697,13:24:18.354,59.2800,1
48261335199519,13:24:21.335,59.2700,1
48261335199519,13:24:21.335,59.2700,2
48261335941068,13:24:21.335,59.2700,100
48262644911854,13:24:22.644,59.2700,47
48262644951499,13:24:22.644,59.2700,6
48262644976609,13:24:22.644,59.2700,47
48321285193382,13:25:21.285,59.2900,34
48321285193382,13:25:21.285,59.2900,66
48321285225494,13:25:21.285,59.2900,1
48321285225494,13:25:21.285,59.2900,2
48321285225494,13:25:21.285,59.2900,1
48333483196542,13:25:33.483,59.3000,100
48333483196542,13:25:33.483,59.3000,1
48408037256982,13:26:48.037,59.3100,2
48413175418084,13:26:53.175,59.3200,73
48413176102557,13:26:53.176,59.3200,27
48413176102557,13:26:53.176,59.3200,100
48413176102557,13:26:53.176,59.3200,1
48431522571995,13:27:11.522,59.3300,31
48468771481847,13:27:48.771,59.3400,1
48468771506522,13:27:48.771,59.3400,99
48468771506522,13:27:48.771,59.3400,1
48468785941838,13:27:48.785,59.3300,100
48468785941838,13:27:48.785,59.3300,100
48468786035092,13:27:48.786,59.3400,100
48468788122864,13:27:48.788,59.3300,100
48622258677597,13:30:22.258,59.3400,15
48622258677597,13:30:22.258,59.3400,5
48622258677597,13:30:22.258,59.3300,200
48622258677597,13:30:22.258,59.3200,1
48622258677597,13:30:22.258,59.3200,29
48622258716709,13:30:22.258,59.3200,71
48622258716709,13:30:22.258,59.3200,100
48622258716709,13:30:22.258,59.3200,100
48622258716709,13:30:22.258,59.3200,100
48622259566312,13:30:22.259,59.3200,72
48841303189972,13:34:01.303,59.3300,1
48871454098661,13:34:31.454,59.3300,9
48871454098661,13:34:31.454,59.3100,15
48871454140973,13:34:31.454,59.3100,6
48871454210874,13:34:31.454,59.3100,79
48871454210874,13:34:31.454,59.3100,100
48871454210874,13:34:31.454,59.3100,1
48871454210874,13:34:31.454,59.3100,84
48871454210874,13:34:31.454,59.3100,100
48871454210874,13:34:31.454,59.3100,100
48878688044359,13:34:38.688,59.3000,100
48878689051212,13:34:38.689,59.2900,100
48878689051212,13:34:38.689,59.2900,100
48878689065324,13:34:38.689,59.2900,8
48878689099866,13:34:38.689,59.2900,92
48904159007325,13:35:04.159,59.2700,100
48904159077230,13:35:04.159,59.2700,100
48904160936712,13:35:04.160,59.2700,100
48904160936712,13:35:04.160,59.2700,100
48907631329811,13:35:07.631,59.2700,2
48907631329811,13:35:07.631,59.2700,100
48907631329811,13:35:07.631,59.2700,2
48907631329811,13:35:07.631,59.2700,7
48910632041236,13:35:10.632,59.2800,100
48910632041236,13:35:10.632,59.2800,100
48910632041236,13:35:10.632,59.2800,94
48910632069569,13:35:10.632,59.2800,6
48910632069569,13:35:10.632,59.2800,100
48910632069569,13:35:10.632,59.2800,32
48910634523874,13:35:10.634,59.2900,100
48910634523874,13:35:10.634,59.2900,100
48911882138199,13:35:11.882,59.2900,100
48926115578169,13:35:26.115,59.2900,89
48926115875700,13:35:26.115,59.2900,11
48926115875700,13:35:26.115,59.2900,100
48926115875700,13:35:26.115,59.2900,1
49022764532430,13:37:02.764,59.3100,92
49022764560404,13:37:02.764,59.3100,108
49022764560404,13:37:02.764,59.3100,31
49022764560404,13:37:02.764,59.3100,1
49023027682560,13:37:03.027,59.3100,100
49031680537192,13:37:11.680,59.3300,76
49031680563185,13:37:11.680,59.3300,24
49038065427887,13:37:18.065,59.3400,1
49103244280034,13:38:23.244,59.3700,26
49123365757633,13:38:43.365,59.3700,1
49223378884371,13:40:23.378,59.3800,1
49225905526403,13:40:25.905,59.3900,5
49225905526403,13:40:25.905,59.3900,100
49225905526403,13:40:25.905,59.3900,100
49225905526403,13:40:25.905,59.3900,1
49226035948031,13:40:26.035,59.4000,5000
49226035948031,13:40:26.035,59.4000,100
49226036333173,13:40:26.036,59.4100,88
49226036338982,13:40:26.036,59.4100,12
49226037954292,13:40:26.037,59.4500,100
49226043017801,13:40:26.043,59.4300,5
49226058657700,13:40:26.058,59.4500,10
49226452512330,13:40:26.452,59.4700,85
49226452512330,13:40:26.452,59.4700,100
49226453243464,13:40:26.453,59.4700,89
49226456041809,13:40:26.456,59.4600,33
49226456041809,13:40:26.456,59.4600,11
49229655612873,13:40:29.655,59.4600,86
49229655637749,13:40:29.655,59.4600,9
49276033869116,13:41:16.033,59.5000,50
49319290225376,13:41:59.290,59.5000,20
49319290225376,13:41:59.290,59.4900,200
49319290225376,13:41:59.290,59.4800,80
49319290464910,13:41:59.290,59.4800,20
49319290464910,13:41:59.290,59.4800,57
49319290482710,13:41:59.290,59.4800,2
49319290491153,13:41:59.290,59.4800,41
49319290491153,13:41:59.290,59.4800,100
49319290995128,13:41:59.290,59.4600,100
49319290995128,13:41:59.290,59.4600,100
49319290995128,13:41:59.290,59.4600,21
49319291476850,13:41:59.291,59.4600,79
49319291733698,13:41:59.291,59.4600,100
49441024959433,13:44:01.024,59.4300,5
49527016928549,13:45:27.016,59.4100,5
49546122994447,13:45:46.122,59.3700,100
49546122994447,13:45:46.122,59.3700,1
49546123639794,13:45:46.123,59.3600,100
49548381551220,13:45:48.381,59.3400,100
49552663662692,13:45:52.663,59.3100,40
49595856629497,13:46:35.856,59.3400,14
49595857296491,13:46:35.857,59.3400,86
49595857296491,13:46:35.857,59.3400,5
49595857296491,13:46:35.857,59.3400,35
49595857296491,13:46:35.857,59.3400,100
49595857296491,13:46:35.857,59.3400,100
49629234594450,13:47:09.234,59.3400,5
49629234594450,13:47:09.234,59.3200,95
49629234626759,13:47:09.234,59.3200,5
49693372176262,13:48:13.372,59.3300,1
49693372670797,13:48:13.372,59.3400,100
49693372684826,13:48:13.372,59.3400,15
49693372684826,13:48:13.372,59.3400,85
49693372698606,13:48:13.372,59.3400,115
49693372698606,13:48:13.372,59.3400,35
49693372698606,13:48:13.372,59.3400,5
49718836243601,13:48:38.836,59.3200,64
49718836272487,13:48:38.836,59.3200,36
49718838307649,13:48:38.838,59.3000,100
49718838307649,13:48:38.838,59.3000,100
49760016460224,13:49:20.016,59.2500,100
49760016485442,13:49:20.016,59.2500,100
49760016485442,13:49:20.016,59.2500,1
49801537736002,13:50:01.537,59.2500,5
49828373839709,13:50:28.373,59.2600,4
49828376711374,13:50:28.376,59.2700,100
49828580108626,13:50:28.580,59.2800,100
49828611507926,13:50:28.611,59.2800,100
49856314831000,13:50:56.314,59.2900,2
49856314969865,13:50:56.314,59.2900,98
49856316183316,13:50:56.316,59.2900,137
49862973919610,13:51:02.973,59.3000,100
49889375431136,13:51:29.375,59.2800,100
49889375431136,13:51:29.375,59.2800,100
49889375431136,13:51:29.375,59.2800,100
49889375431136,13:51:29.375,59.2800,1
49889376042021,13:51:29.376,59.2700,5
49889376042021,13:51:29.376,59.2400,57
49889376247693,13:51:29.376,59.2400,43
49889377439793,13:51:29.377,59.2400,71
49889377480208,13:51:29.377,59.2500,89
49889379761497,13:51:29.379,59.2400,89
49915898766824,13:51:55.898,59.2000,100
49935424306678,13:52:15.424,59.2000,1
49935424306678,13:52:15.424,59.2000,30
49935424306678,13:52:15.424,59.2000,100
49938375380358,13:52:18.375,59.2200,1
49979592190666,13:52:59.592,59.2500,49
49979592200630,13:52:59.592,59.2500,49
49979592212446,13:52:59.592,59.2500,51
49995271501864,13:53:15.271,59.2700,1
49995271501864,13:53:15.271,59.2700,100
50012649233023,13:53:32.649,59.2700,89
50012649261644,13:53:32.649,59.2700,111
50012649472904,13:53:32.649,59.2600,100
50012652200347,13:53:32.652,59.2500,100
50012652200347,13:53:32.652,59.2500,100
50012652273206,13:53:32.652,59.2500,100
50012657964581,13:53:32.657,59.2500,100
50012658360141,13:53:32.658,59.2500,50
50030097890054,13:53:50.097,59.2600,100
50136933970802,13:55:36.933,59.2600,100
50305633216119,13:58:25.633,59.2100,45
50305645484844,13:58:25.645,59.2100,55
50305645484844,13:58:25.645,59.2100,100
50305645838245,13:58:25.645,59.2100,96
50310419393468,13:58:30.419,59.1900,100
50334348535633,13:58:54.348,59.1600,3
50339000934188,13:58:59.000,59.1300,100
50402689088960,14:00:02.689,59.1200,5
50402698671710,14:00:02.698,59.1200,18
50402698671710,14:00:02.698,59.1200,77
50402699533949,14:00:02.699,59.1000,1
50403202169059,14:00:03.202,59.1600,7
50403203464077,14:00:03.203,59.1700,100
50403203508304,14:00:03.203,59.1700,100
50403203550461,14:00:03.203,59.1700,87
50403203600103,14:00:03.203,59.1700,13
50403210149268,14:00:03.210,59.1800,1
50403380024033,14:00:03.380,59.1600,30
50406748558568,14:00:06.748,59.1900,100
50407341790912,14:00:07.341,59.1900,100
50407357550516,14:00:07.357,59.1900,100
50407792477579,14:00:07.792,59.1900,100
50407792586176,14:00:07.792,59.1900,100
50408160329835,14:00:08.160,59.2000,100
50408160651147,14:00:08.160,59.1900,100
50408160651147,14:00:08.160,59.1900,90
50408160717238,14:00:08.160,59.1900,10
50408990922627,14:00:08.990,59.2000,100
50408994026268,14:00:08.994,59.2100,41
50408994178441,14:00:08.994,59.2100,59
50409005522512,14:00:09.005,59.1800,6
50409549232057,14:00:09.549,59.2400,100
50409549574085,14:00:09.549,59.2400,100
50409549654552,14:00:09.549,59.2400,87
50409549704713,14:00:09.549,59.2400,13
50417104785217,14:00:17.104,59.3000,100
50446704806511,14:00:46.704,59.2600,100
50446704846574,14:00:46.704,59.2600,37
50448818903561,14:00:48.818,59.2900,1
50448818903561,14:00:48.818,59.2900,75
50448818907262,14:00:48.818,59.3000,100
50537828144929,14:02:17.828,59.2900,5
50537828144929,14:02:17.828,59.2700,73
50537828455376,14:02:17.828,59.2700,22
50537828918064,14:02:17.828,59.2700,5
50537849818687,14:02:17.849,59.2600,100
50537868169455,14:02:17.868,59.2500,76
50537868206041,14:02:17.868,59.2500,9
50548886425816,14:02:28.886,59.2800,100
50548886425816,14:02:28.886,59.2800,100
50548886425816,14:02:28.886,59.2800,2
50598895738302,14:03:18.895,59.3300,100
50598895738302,14:03:18.895,59.3300,1
50598895738302,14:03:18.895,59.3300,99
50598897458605,14:03:18.897,59.3300,100
50600021869263,14:03:20.021,59.3300,31
50648874590643,14:04:08.874,59.4300,34
50648874590643,14:04:08.874,59.4300,1
50648874593778,14:04:08.874,59.4500,100
50652621417823,14:04:12.621,59.4500,100
50653731986935,14:04:13.731,59.4000,100
50653732281062,14:04:13.732,59.4000,100
50653732283575,14:04:13.732,59.3800,50
50691084389002,14:04:51.084,59.4500,100
50711026023184,14:05:11.026,59.4800,1
50711026040762,14:05:11.026,59.4900,48
50711026045678,14:05:11.026,59.4900,50
50711026058399,14:05:11.026,59.4900,2
50711026078308,14:05:11.026,59.5000,2
50711026362759,14:05:11.026,59.5000,63
50711026381877,14:05:11.026,59.5000,10
50711026416598,14:05:11.026,59.5000,25
50711026416598,14:05:11.026,59.5000,17
50711026689908,14:05:11.026,59.5000,35
50711027311932,14:05:11.027,59.5000,48
50732064681152,14:05:32.064,59.4700,63
50732064708590,14:05:32.064,59.4700,37
50732064708590,14:05:32.064,59.4700,60
50732064712547,14:05:32.064,59.4700,40
50732066728103,14:05:32.066,59.4400,83
50732066728103,14:05:32.066,59.4400,217
50733992539076,14:05:33.992,59.4500,2
50759263531727,14:05:59.263,59.4800,5
50759289715908,14:05:59.289,59.4900,1
50764021934974,14:06:04.021,59.4800,100
50764021934974,14:06:04.021,59.4700,100
50764021971728,14:06:04.021,59.4700,100
50764022783123,14:06:04.022,59.4700,27
50764022798805,14:06:04.022,59.4800,48
50764022855231,14:06:04.022,59.4700,100
50764023236878,14:06:04.023,59.4400,73
50764023708881,14:06:04.023,59.4400,27
50766394418483,14:06:06.394,59.4700,100
50766394603435,14:06:06.394,59.4700,100
50887381099997,14:08:07.381,59.4100,100
50887381099997,14:08:07.381,59.4100,100
50887381832579,14:08:07.381,59.4000,100
50887395581954,14:08:07.395,59.3800,100
50887395581954,14:08:07.395,59.3800,100
50887395581954,14:08:07.395,59.3800,100
50887395670544,14:08:07.395,59.3800,11
50887396172363,14:08:07.396,59.3800,11
50887396252426,14:08:07.396,59.3800,11
50887396407981,14:08:07.396,59.3900,11
50919024789652,14:08:39.024,59.4200,100
50919024789652,14:08:39.024,59.4200,2
50934020965693,14:08:54.020,59.4600,1
50934020965693,14:08:54.020,59.4600,32
51002147023871,14:10:02.147,59.4900,2
51024577569384,14:10:24.577,59.4700,200
51024577601435,14:10:24.577,59.4700,100
51024577658456,14:10:24.577,59.4600,57
51024578254122,14:10:24.578,59.4600,43
51024578584031,14:10:24.578,59.4700,12
51030935435784,14:10:30.935,59.4600,29
51030936042826,14:10:30.936,59.4600,37
51030936042826,14:10:30.936,59.4600,34
51040159922348,14:10:40.159,59.4500,100
51040734296115,14:10:40.734,59.4400,100
51082536862737,14:11:22.536,59.4900,24
51101020943225,14:11:41.020,59.5100,36
51101021702749,14:11:41.021,59.5100,100
51108951688045,14:11:48.951,59.5400,99
51108952063311,14:11:48.952,59.5400,1
51108952063311,14:11:48.952,59.5400,99
51108952067689,14:11:48.952,59.5400,1
51108953493980,14:11:48.953,59.5400,100
51108953493980,14:11:48.953,59.5400,100
51142212302000,14:12:22.212,59.5500,100
51142212302000,14:12:22.212,59.5500,29
51142212302000,14:12:22.212,59.5600,100
51142212302000,14:12:22.212,59.6000,57
51142212302000,14:12:22.212,59.6000,100
51142213802336,14:12:22.213,59.6100,5
51142213802336,14:12:22.213,59.6200,100
51142213802336,14:12:22.213,59.6300,100
51142216395291,14:12:22.216,59.6400,100
51142216414402,14:12:22.216,59.6400,75
51142216414402,14:12:22.216,59.6400,25
51142216424342,14:12:22.216,59.6400,14
51142216426050,14:12:22.216,59.6400,75
51142216431508,14:12:22.216,59.6400,75
51142216549211,14:12:22.216,59.6400,100
51142216549211,14:12:22.216,59.6400,100
51142216618021,14:12:22.216,59.6400,12
51142216620963,14:12:22.216,59.6400,75
51142216797389,14:12:22.216,59.6400,13
51142216797389,14:12:22.216,59.6400,87
51142216883489,14:12:22.216,59.6400,13
51142216883489,14:12:22.216,59.6400,87
51142216975936,14:12:22.216,59.6400,13
51142216975936,14:12:22.216,59.6400,1
51143948600548,14:12:23.948,59.6400,99
51143948600548,14:12:23.948,59.6400,100
51143949092989,14:12:23.949,59.6400,100
51143949094045,14:12:23.949,59.6400,100
51143949145385,14:12:23.949,59.6400,14
51143949145385,14:12:23.949,59.6400,86
51143949168095,14:12:23.949,59.6400,14
51143949256525,14:12:23.949,59.6400,100
51143950639793,14:12:23.950,59.6500,100
51143952338664,14:12:23.952,59.6600,100
51143952430556,14:12:23.952,59.6700,100
51143952954310,14:12:23.952,59.6800,100
51169022191186,14:12:49.022,59.7600,1
51267241102082,14:14:27.241,59.8400,100
51267241102082,14:14:27.241,59.8400,1
51267241102082,14:14:27.241,59.8400,40
51267242665383,14:14:27.242,59.8800,200
51273598144092,14:14:33.598,59.8500,60
51278383269536,14:14:38.383,59.8500,100
51278383336510,14:14:38.383,59.8400,82
51278383916961,14:14:38.383,59.8400,200
51278383940949,14:14:38.383,59.8400,18
51278383940949,14:14:38.383,59.8400,100
51278383940949,14:14:38.383,59.8400,82
51278383951339,14:14:38.383,59.8400,182
51280389661730,14:14:40.389,59.8000,400
51280390628650,14:14:40.390,59.7900,100
51280390628650,14:14:40.390,59.7900,100
51280393546148,14:14:40.393,59.7600,94
51280393572859,14:14:40.393,59.7600,6
51281021511094,14:14:41.021,59.7800,100
51281021537164,14:14:41.021,59.7800,1
51281021557523,14:14:41.021,59.7800,99
51290798242723,14:14:50.798,59.7400,100
51300166399332,14:15:00.166,59.7100,100
51300166399332,14:15:00.166,59.7100,100
51300168187630,14:15:00.168,59.7000,59
51300169081162,14:15:00.169,59.7000,42
51300183744519,14:15:00.183,59.7000,42
51300215664649,14:15:00.215,59.7000,357
51300392395731,14:15:00.392,59.7100,100
51300580323615,14:15:00.580,59.6400,100
51330538173428,14:15:30.538,59.6400,100
51400200614970,14:16:40.200,59.7100,2
51400200614970,14:16:40.200,59.7100,36
51400200614970,14:16:40.200,59.7100,18
51400200622505,14:16:40.200,59.7200,100
51400201327724,14:16:40.201,59.7300,41
51400201457693,14:16:40.201,59.7300,59
51428024381826,14:17:08.024,59.7300,1
51429665036466,14:17:09.665,59.7600,70
51429665037917,14:17:09.665,59.7600,30
51429665037917,14:17:09.665,59.7600,100
51429665296315,14:17:09.665,59.7800,100
51429665296315,14:17:09.665,59.7800,100
51429665591082,14:17:09.665,59.7800,100
51429665591082,14:17:09.665,59.7800,100
51442815321828,14:17:22.815,59.7200,67
51444741963903,14:17:24.741,59.6800,13
51474358411442,14:17:54.358,59.6800,12
51474358513621,14:17:54.358,59.6800,88
51474358969437,14:17:54.358,59.6600,48
51482026890434,14:18:02.026,59.7000,2
51485153423047,14:18:05.153,59.7200,84
51485153425385,14:18:05.153,59.7200,12
51485153467455,14:18:05.153,59.7200,4
51485153467455,14:18:05.153,59.7200,37
51567472218258,14:19:27.472,59.7200,10
51583962609693,14:19:43.962,59.7000,100
51604882256129,14:20:04.882,59.6900,100
51604882256129,14:20:04.882,59.6900,100
51604882660594,14:20:04.882,59.6900,37
51604882675328,14:20:04.882,59.6900,63
51635668854094,14:20:35.668,59.6700,100
51654001193863,14:20:54.001,59.6900,3
51654001193863,14:20:54.001,59.6900,97
51654001334860,14:20:54.001,59.6900,3
51654004618581,14:20:54.004,59.7000,100
51654004797839,14:20:54.004,59.7000,33
51654004934870,14:20:54.004,59.7000,100
51654688868432,14:20:54.688,59.7100,100
51654689609491,14:20:54.689,59.7100,100
51654689646815,14:20:54.689,59.7100,100
51660800890189,14:21:00.800,59.7100,39
51660821741724,14:21:00.821,59.7200,1
51664987439226,14:21:04.987,59.7400,25
51757624224275,14:22:37.624,59.7100,10
51757624224275,14:22:37.624,59.6700,100
51757624224275,14:22:37.624,59.6700,90
51757624256800,14:22:37.624,59.6700,10
51757624591914,14:22:37.624,59.6700,100
51757624767072,14:22:37.624,59.6700,28
51759338760944,14:22:39.338,59.7100,1
51759338760944,14:22:39.338,59.7100,100
51803804936141,14:23:23.804,59.7500,1
51803804936141,14:23:23.804,59.7500,62
51803804936797,14:23:23.804,59.7500,38
51806023044388,14:23:26.023,59.7800,100
51815264762362,14:23:35.264,59.7800,100
51821897649504,14:23:41.897,59.7800,100
51821897649504,14:23:41.897,59.7800,100
51821897717302,14:23:41.897,59.7700,23
51821898505485,14:23:41.898,59.7700,77
51821903417399,14:23:41.903,59.7700,100
51822104685957,14:23:42.104,59.7900,1
51895023438653,14:24:55.023,59.7600,100
51895023492397,14:24:55.023,59.7500,9
51895023517417,14:24:55.023,59.7500,50
51895024634571,14:24:55.024,59.7500,41
51948012745010,14:25:48.012,59.7800,2
51948012745010,14:25:48.012,59.7800,100
51948236581221,14:25:48.236,59.7900,100
51948236611804,14:25:48.236,59.7900,39
51957004276826,14:25:57.004,59.7800,100
51957004564554,14:25:57.004,59.7800,100
51957004564554,14:25:57.004,59.7900,100
51957004564554,14:25:57.004,59.7900,100
51957004564554,14:25:57.004,59.7900,100
51958071059806,14:25:58.071,59.8100,98
51959235969230,14:25:59.235,59.8000,100
51960211060689,14:26:00.211,59.7600,100
51960211131977,14:26:00.211,59.7600,100
52023560805043,14:27:03.560,59.7200,52
52046009955982,14:27:26.009,59.7200,48
52046009955982,14:27:26.009,59.7200,52
52046010198997,14:27:26.010,59.7200,19
52046010200678,14:27:26.010,59.7200,29
52046010200678,14:27:26.010,59.7200,21
52046010213018,14:27:26.010,59.7200,5
52046010523355,14:27:26.010,59.7200,55
52046010967738,14:27:26.010,59.7200,19
52073738014823,14:27:53.738,59.7200,10
52129495662794,14:28:49.495,59.7200,400
52129495769082,14:28:49.495,59.7300,4
52129495769082,14:28:49.495,59.7300,100
52143081235209,14:29:03.081,59.7400,41
52143513544042,14:29:03.513,59.7500,100
52143525613612,14:29:03.525,59.7600,100
52143525613612,14:29:03.525,59.7600,100
52143525647601,14:29:03.525,59.7600,41
52143525652684,14:29:03.525,59.7600,59
52143525652684,14:29:03.525,59.7600,5
52143525652684,14:29:03.525,59.7600,20
52143525690051,14:29:03.525,59.7600,64
52143525839983,14:29:03.525,59.7600,36
52143525839983,14:29:03.525,59.7600,69
52143598447612,14:29:03.598,59.7600,31
52143598447612,14:29:03.598,59.7600,77
52143598480642,14:29:03.598,59.7600,3
52143598480642,14:29:03.598,59.7600,100
52154348498108,14:29:14.348,59.7600,100
52154348498108,14:29:14.348,59.7600,200
52154348498108,14:29:14.348,59.7600,100
52154348498108,14:29:14.348,59.7600,100
52154348581468,14:29:14.348,59.7500,84
52154348633785,14:29:14.348,59.7500,100
52154349081720,14:29:14.349,59.7600,100
52155856219100,14:29:15.856,59.7500,200
52155856219100,14:29:15.856,59.7400,100
52211823867586,14:30:11.823,59.7200,50
52260827173089,14:31:00.827,59.7400,2
52260827173089,14:31:00.827,59.7400,100
52260827697612,14:31:00.827,59.7500,30
52260827730660,14:31:00.827,59.7500,70
52260829959691,14:31:00.829,59.7600,43
52260829959691,14:31:00.829,59.7600,1
52260885951307,14:31:00.885,59.7700,100
52260885951307,14:31:00.885,59.7700,100
52269151386758,14:31:09.151,59.8100,2
52269153703654,14:31:09.153,59.8100,2
52310021167116,14:31:50.021,59.7700,10
52310021167116,14:31:50.021,59.7600,100
52310021167116,14:31:50.021,59.7600,90
52310021199814,14:31:50.021,59.7600,210
52310753133282,14:31:50.753,59.7300,100
52310753133282,14:31:50.753,59.7300,100
52310758811924,14:31:50.758,59.7200,100
52310758811924,14:31:50.758,59.7200,100
52310759347564,14:31:50.759,59.7100,100
52316487783205,14:31:56.487,59.6700,100
52316488440714,14:31:56.488,59.6700,100
52348872141783,14:32:28.872,59.6800,99
52348872172450,14:32:28.872,59.6800,1
52348872172450,14:32:28.872,59.6800,100
52348872172450,14:32:28.872,59.6800,2
52348872172450,14:32:28.872,59.6800,40
52348872172450,14:32:28.872,59.6800,100
52358403020466,14:32:38.403,59.6900,5
52372925544622,14:32:52.925,59.6800,5
52381774629270,14:33:01.774,59.6600,91
52489363625479,14:34:49.363,59.7000,2
52489363625479,14:34:49.363,59.7000,98
52489363666911,14:34:49.363,59.7000,2
52489363666911,14:34:49.363,59.7000,9
52491867566304,14:34:51.867,59.7000,29
52491867566304,14:34:51.867,59.7000,300
52491867566304,14:34:51.867,59.7000,1
52491867566304,14:34:51.867,59.7000,100
52492066314900,14:34:52.066,59.7100,100
52560706395214,14:36:00.706,59.6700,18
52560706395214,14:36:00.706,59.6700,82
52560706426333,14:36:00.706,59.6700,18
52560707349715,14:36:00.707,59.6600,100
52560707349715,14:36:00.707,59.6600,100
52560707962440,14:36:00.707,59.6650,100
52560709594559,14:36:00.709,59.6600,100
52564431829861,14:36:04.431,59.6500,100
52564432059778,14:36:04.432,59.6500,78
52564432100786,14:36:04.432,59.6500,22
52564432291581,14:36:04.432,59.6500,15
52564432309009,14:36:04.432,59.6500,19
52565001243272,14:36:05.001,59.6500,5
52566066671193,14:36:06.066,59.6400,100
52566066687384,14:36:06.066,59.6400,100
52566066695124,14:36:06.066,59.6400,200
52566066711166,14:36:06.066,59.6400,100
52566071340706,14:36:06.071,59.6500,100
52566071362459,14:36:06.071,59.6400,100
52566071362459,14:36:06.071,59.6400,100
52566071362459,14:36:06.071,59.6400,100
52566071371830,14:36:06.071,59.6500,79
52566071371830,14:36:06.071,59.6500,2
52566071389177,14:36:06.071,59.6500,81
52566071457990,14:36:06.071,59.6500,19
52566071457990,14:36:06.071,59.6500,81
52566071668274,14:36:06.071,59.6600,100
52566089952257,14:36:06.089,59.6800,100
52610528637040,14:36:50.528,59.6900,5
52610528637040,14:36:50.528,59.6800,100
52610541027571,14:36:50.541,59.6700,95
52610541426152,14:36:50.541,59.6700,5
52610541426152,14:36:50.541,59.6700,27
52635845421084,14:37:15.845,59.6500,100
52642642168517,14:37:22.642,59.6700,100
52642642168517,14:37:22.642,59.6700,1
52642645229338,14:37:22.645,59.6800,100
52694799026129,14:38:14.799,59.6800,1
52694799026129,14:38:14.799,59.6800,43
52710339657127,14:38:30.339,59.6500,100
52710342083671,14:38:30.342,59.6400,23
52710342516318,14:38:30.342,59.6400,77
52710342516318,14:38:30.342,59.6400,23
52710343105769,14:38:30.343,59.6400,77
52710343515684,14:38:30.343,59.6400,100
52710344052017,14:38:30.344,59.6400,100
52710407102714,14:38:30.407,59.6400,100
52721724735455,14:38:41.724,59.6700,100
52721724735455,14:38:41.724,59.6700,1
52724939839711,14:38:44.939,59.6800,57
52724940685341,14:38:44.940,59.6900,100
52724940685341,14:38:44.940,59.6900,100
52724940685341,14:38:44.940,59.6900,100
52724940685341,14:38:44.940,59.6900,100
52724940700352,14:38:44.940,59.6900,200
52724941483232,14:38:44.941,59.7000,100
52725134410907,14:38:45.134,59.7000,100
52725134410907,14:38:45.134,59.7000,38
52727688878585,14:38:47.688,59.7000,15
52755614099236,14:39:15.614,59.7100,200
52755614099236,14:39:15.614,59.7100,100
52755614953769,14:39:15.614,59.6900,100
52755614953769,14:39:15.614,59.6900,100
52755616392774,14:39:15.616,59.6900,200
52755616803053,14:39:15.616,59.6800,60
52755616841600,14:39:15.616,59.6800,40
52757149204122,14:39:17.149,59.6800,10
52757149204122,14:39:17.149,59.6800,100
52757149945976,14:39:17.149,59.6700,14
52757150898902,14:39:17.150,59.6700,90
52757150904412,14:39:17.150,59.6700,10
52757150911481,14:39:17.150,59.6700,100
52764385880090,14:39:24.385,59.6700,10
52779013857310,14:39:39.013,59.6800,55
52779013886973,14:39:39.013,59.6800,45
52779013886973,14:39:39.013,59.6800,1
52779014312992,14:39:39.014,59.6900,100
52779014312992,14:39:39.014,59.6900,5
52867830800947,14:41:07.830,59.7200,1
52867830800947,14:41:07.830,59.7200,42
52867830800947,14:41:07.830,59.7200,1
52902578939929,14:41:42.578,59.7300,100
52902578939929,14:41:42.578,59.7300,1
52902580610080,14:41:42.580,59.7400,100
52902580645789,14:41:42.580,59.7400,100
52902580647739,14:41:42.580,59.7400,33
52902580668312,14:41:42.580,59.7400,67
52939040925911,14:42:19.040,59.7500,38
52939040975321,14:42:19.040,59.7500,62
52939040975321,14:42:19.040,59.7500,1
52939040975321,14:42:19.040,59.7500,43
52940158378862,14:42:20.158,59.7700,4
52945968160785,14:42:25.968,59.7400,10
52945968160785,14:42:25.968,59.7400,100
52945968160785,14:42:25.968,59.7400,100
52945971527045,14:42:25.971,59.7300,100
52945971552026,14:42:25.971,59.7300,100
52945971552026,14:42:25.971,59.7300,4
52945971563300,14:42:25.971,59.7300,96
52945973311230,14:42:25.973,59.7200,100
52947530279274,14:42:27.530,59.7200,10
52947530279274,14:42:27.530,59.7100,90
52949094230078,14:42:29.094,59.7100,10
52949094230078,14:42:29.094,59.7100,52
52951066739774,14:42:31.066,59.6900,4
52963070174437,14:42:43.070,59.6800,99
52965063222240,14:42:45.063,59.6800,1
52967071882778,14:42:47.071,59.6700,100
52980983821246,14:43:00.983,59.6600,61
52984067915222,14:43:04.067,59.6400,62
52987092765859,14:43:07.092,59.6400,38
52987092765859,14:43:07.092,59.6400,62
52987092795830,14:43:07.092,59.6400,38
52987092824189,14:43:07.092,59.6400,100
52995874283579,14:43:15.874,59.6400,100
52995874380610,14:43:15.874,59.6400,52
52995874386140,14:43:15.874,59.6400,48
52995874386140,14:43:15.874,59.6400,52
52995874390868,14:43:15.874,59.6400,200
52995874417852,14:43:15.874,59.6400,48
52995874675564,14:43:15.874,59.6400,52
52995874713839,14:43:15.874,59.6400,48
52995874749142,14:43:15.874,59.6400,52
52995874762885,14:43:15.874,59.6400,48
52995874762885,14:43:15.874,59.6400,4
52995874802485,14:43:15.874,59.6400,52
52995874835638,14:43:15.874,59.6400,48
52995874888715,14:43:15.874,59.6400,52
52995874968207,14:43:15.874,59.6400,48
52995874968207,14:43:15.874,59.6400,4
52995875021633,14:43:15.875,59.6400,44
52995875051890,14:43:15.875,59.6400,8
52995875127951,14:43:15.875,59.6400,17
52995875150742,14:43:15.875,59.6400,3
52995875655119,14:43:15.875,59.6400,24
52995875655119,14:43:15.875,59.6400,100
52995875655119,14:43:15.875,59.6400,2576
52995876189171,14:43:15.876,59.6700,2
52995876189171,14:43:15.876,59.6700,100
52995909287124,14:43:15.909,59.6900,100
52995929701193,14:43:15.929,59.6900,100
52995930131569,14:43:15.930,59.6900,100
52996102187248,14:43:16.102,59.6800,100
53015959088193,14:43:35.959,59.7000,100
53015989540632,14:43:35.989,59.7000,100
53090128003186,14:44:50.128,59.7200,1
53090128003186,14:44:50.128,59.7200,22
53090128018725,14:44:50.128,59.7200,77
53090128208258,14:44:50.128,59.7200,1
53090128208258,14:44:50.128,59.7200,100
53090128219755,14:44:50.128,59.7300,22
53090128727560,14:44:50.128,59.7300,20
53090243093498,14:44:50.243,59.7400,100
53092272447003,14:44:52.272,59.7600,77
53092272485804,14:44:52.272,59.7600,23
53092272485804,14:44:52.272,59.7600,1
53092272563179,14:44:52.272,59.7600,1
53092273892279,14:44:52.273,59.7600,99
53092274358731,14:44:52.274,59.7700,100
53092275808693,14:44:52.275,59.7800,100
53092275986152,14:44:52.275,59.7800,100
53092276468218,14:44:52.276,59.7800,100
53111581804345,14:45:11.581,59.7700,100
53111581804345,14:45:11.581,59.7700,100
53111581873169,14:45:11.581,59.7700,27
53111581873169,14:45:11.581,59.7700,73
53111582372949,14:45:11.582,59.7700,100
53111582372949,14:45:11.582,59.7700,100
53111582543693,14:45:11.582,59.7800,100
53111582543693,14:45:11.582,59.7800,100
53120452999275,14:45:20.452,59.7600,1077
53120453029296,14:45:20.453,59.7600,1023
53120453029296,14:45:20.453,59.7600,100
53212874950158,14:46:52.874,59.7500,100
53216218422886,14:46:56.218,59.7500,1
53216218422886,14:46:56.218,59.7500,100
53216218422886,14:46:56.218,59.7500,44
53216218422886,14:46:56.218,59.7500,55
53216218918371,14:46:56.218,59.7500,45
53216218918371,14:46:56.218,59.7500,100
53216218918371,14:46:56.218,59.7500,100
53216221948444,14:46:56.221,59.7600,5
53228367999122,14:47:08.367,59.7700,2
53295485470441,14:48:15.485,59.7900,5
53295485470441,14:48:15.485,59.7800,100
53295485470441,14:48:15.485,59.7800,50
53295485482014,14:48:15.485,59.7800,50
53295485482014,14:48:15.485,59.7800,27
53295485675029,14:48:15.485,59.7800,73
53295485675029,14:48:15.485,59.7800,72
53295485728497,14:48:15.485,59.7800,28
53295486855263,14:48:15.486,59.7800,99
53295488474359,14:48:15.488,59.7700,100
53308322563244,14:48:28.322,59.7800,100
53308322594850,14:48:28.322,59.7800,1
53308322594850,14:48:28.322,59.7800,100
53308322654006,14:48:28.322,59.7900,100
53308329384328,14:48:28.329,59.8000,19
53308329489090,14:48:28.329,59.8000,38
53308329685425,14:48:28.329,59.8000,43
53346712524774,14:49:06.712,59.8000,1
53346712614973,14:49:06.712,59.8100,16
53348447376695,14:49:08.447,59.7900,25
53355488023926,14:49:15.488,59.7900,100
53355488923825,14:49:15.488,59.7900,11
53418925530580,14:50:18.925,59.7700,100
53418925530580,14:50:18.925,59.7700,100
53418926829489,14:50:18.926,59.7700,200
53418926829489,14:50:18.926,59.7700,72
53418926829489,14:50:18.926,59.7700,1
53418926829489,14:50:18.926,59.7700,100
53442498890115,14:50:42.498,59.7700,36
53442498890115,14:50:42.498,59.7700,2
53442498890115,14:50:42.498,59.7700,62
53442499387580,14:50:42.499,59.7700,38
53465135454375,14:51:05.135,59.7400,100
53466076834236,14:51:06.076,59.7300,37
53505074194264,14:51:45.074,59.7100,200
53522821895277,14:52:02.821,59.7400,100
53522821895277,14:52:02.821,59.7400,100
53522822141580,14:52:02.822,59.7400,7
53522822141580,14:52:02.822,59.7400,1
53522822141580,14:52:02.822,59.7400,100
53523369390767,14:52:03.369,59.7400,50
53526689093587,14:52:06.689,59.7600,1
53526715422468,14:52:06.715,59.7700,100
53526715423332,14:52:06.715,59.7700,100
53556081196927,14:52:36.081,59.8000,1
53600983909827,14:53:20.983,59.8200,1
53600985493551,14:53:20.985,59.8300,19
53600985506090,14:53:20.985,59.8300,81
53601171214303,14:53:21.171,59.8300,100
53601171214303,14:53:21.171,59.8300,300
53615344230457,14:53:35.344,59.8000,100
53615344230457,14:53:35.344,59.8000,100
53616197214808,14:53:36.197,59.7800,100
53618133927632,14:53:38.133,59.7700,100
53618134742032,14:53:38.134,59.7600,100
53618151466572,14:53:38.151,59.7600,10
53643379680967,14:54:03.379,59.7500,5
53648202854799,14:54:08.202,59.7400,100
53648202854799,14:54:08.202,59.7400,100
53648202854799,14:54:08.202,59.7400,83
53648202880917,14:54:08.202,59.7400,17
53648203069124,14:54:08.203,59.7400,100
53648207150999,14:54:08.207,59.7200,100
53648207173993,14:54:08.207,59.7200,1
53653608507083,14:54:13.608,59.7400,100
53667600623709,14:54:27.600,59.7600,1
53680456547443,14:54:40.456,59.7400,10
53685763404346,14:54:45.763,59.7300,100
53710839706481,14:55:10.839,59.7200,100
53710839706481,14:55:10.839,59.7100,100
53710839706481,14:55:10.839,59.7100,100
53715226559509,14:55:15.226,59.6900,86
53717578740048,14:55:17.578,59.7100,100
53717578793333,14:55:17.578,59.7100,100
53717579011340,14:55:17.579,59.7200,6
53717579457708,14:55:17.579,59.7200,27
53717580595451,14:55:17.580,59.7100,100
53743361141262,14:55:43.361,59.6800,100
53743361222727,14:55:43.361,59.6800,28
53761287389444,14:56:01.287,59.6800,20
53790152932800,14:56:30.152,59.6900,300
53790152932800,14:56:30.152,59.6900,3
53790152932800,14:56:30.152,59.6900,97
53790152967325,14:56:30.152,59.6900,3
53800936335776,14:56:40.936,59.7200,1
53800936335776,14:56:40.936,59.7300,99
53800936781945,14:56:40.936,59.7300,1
53800937027713,14:56:40.937,59.7300,100
53865939487233,14:57:45.939,59.7600,38
53865939487233,14:57:45.939,59.7600,1
53868529470697,14:57:48.529,59.8100,100
53868529470697,14:57:48.529,59.8100,5
53905124695082,14:58:25.124,59.8300,1
53919869004125,14:58:39.869,59.8400,48
53921267834768,14:58:41.267,59.8400,200
53940168015512,14:59:00.168,59.8500,100
53940168062276,14:59:00.168,59.8500,1
53940473871318,14:59:00.473,59.8800,99
53956072669145,14:59:16.072,59.8800,100
53971600713596,14:59:31.600,59.8800,100
53971600713596,14:59:31.600,59.8800,70
53971600782954,14:59:31.600,59.8800,30
53971600782954,14:59:31.600,59.8800,36
53971600956202,14:59:31.600,59.8800,55
53971600999784,14:59:31.600,59.8800,11
53971601309076,14:59:31.601,59.8800,34
53971602588836,14:59:31.602,59.8800,1
53971602813110,14:59:31.602,59.8800,39
53971602861159,14:59:31.602,59.8800,60
53971602861159,14:59:31.602,59.8800,100
53971602861159,14:59:31.602,59.8800,40
53975545532283,14:59:35.545,59.8700,100
53975545532283,14:59:35.545,59.8700,100
53975545532283,14:59:35.545,59.8700,200
53975630233846,14:59:35.630,59.8600,100
53975630233846,14:59:35.630,59.8600,100
53975630513418,14:59:35.630,59.8500,100
53985117651546,14:59:45.117,59.8300,100
54002693153448,15:00:02.693,59.8300,100
54015528801623,15:00:15.528,59.8300,100
54015529780301,15:00:15.529,59.8250,16
54016469499793,15:00:16.469,59.8200,88
54016469605223,15:00:16.469,59.8300,100
54127200106703,15:02:07.200,59.7900,100
54153329768183,15:02:33.329,59.7900,67
54187264249267,15:03:07.264,59.8000,5
54198649718796,15:03:18.649,59.7900,100
54198649735105,15:03:18.649,59.7900,6
54198649735105,15:03:18.649,59.7900,70
54198649743337,15:03:18.649,59.7900,30
54198651892542,15:03:18.651,59.8000,55
54199052984528,15:03:19.052,59.8200,100
54199052984528,15:03:19.052,59.8200,97
54199053010384,15:03:19.053,59.8200,3
54199053013922,15:03:19.053,59.8200,3
54199053024063,15:03:19.053,59.8200,3
54199053035974,15:03:19.053,59.8200,3
54200795922470,15:03:20.795,59.8300,200
54200795922470,15:03:20.795,59.8300,52
54228537048010,15:03:48.537,59.8000,100
54255715697210,15:04:15.715,59.7800,100
54255715697210,15:04:15.715,59.7800,100
54255715697210,15:04:15.715,59.7800,100
54255715697210,15:04:15.715,59.7800,100
54255716135015,15:04:15.716,59.7800,10
54255716433200,15:04:15.716,59.7700,100
54255716433200,15:04:15.716,59.7700,100
54255716433200,15:04:15.716,59.7700,100
54255716568929,15:04:15.716,59.7600,3
54255716605377,15:04:15.716,59.7600,94
54255716686235,15:04:15.716,59.7600,3
54272760515715,15:04:32.760,59.7200,99
54353463643889,15:05:53.463,59.6400,100
54355473072397,15:05:55.473,59.6400,100
54355473175494,15:05:55.473,59.6400,100
54357426768966,15:05:57.426,59.6400,100
54357439394135,15:05:57.439,59.6400,100
54357466341415,15:05:57.466,59.6400,100
54359319750975,15:05:59.319,59.6400,100
54361152034826,15:06:01.152,59.6400,100
54361152034826,15:06:01.152,59.6400,100
54361152034826,15:06:01.152,59.6400,700
54361153019124,15:06:01.153,59.6400,100
54361153019124,15:06:01.153,59.6400,2400
54361153546784,15:06:01.153,59.6400,100
54361153546784,15:06:01.153,59.6400,1187
54363356275171,15:06:03.356,59.6200,100
54365408814795,15:06:05.408,59.5900,100
54371766877989,15:06:11.766,59.5700,100
54432472056995,15:07:12.472,59.5400,80
54457074142154,15:07:37.074,59.5050,100
54457074142154,15:07:37.074,59.5200,7
54457074142154,15:07:37.074,59.5200,200
54457074170443,15:07:37.074,59.5200,100
54457077036079,15:07:37.077,59.5400,100
54457077036079,15:07:37.077,59.5400,100
54457077104300,15:07:37.077,59.5400,100
54457272211102,15:07:37.272,59.5300,100
54491013269560,15:08:11.013,59.5400,57
54501786102572,15:08:21.786,59.5100,100
54537444719412,15:08:57.444,59.5200,1
54537444719412,15:08:57.444,59.5200,100
54551714679640,15:09:11.714,59.4900,100
54551715506083,15:09:11.715,59.4800,100
54551877304916,15:09:11.877,59.4700,100
54551952562581,15:09:11.952,59.4800,100
54551952562581,15:09:11.952,59.4800,100
54551952868722,15:09:11.952,59.4800,31
54551952883480,15:09:11.952,59.4700,36
54557877261077,15:09:17.877,59.4800,126
54577218679420,15:09:37.218,59.4500,100
54577220303170,15:09:37.220,59.4700,42
54577220363368,15:09:37.220,59.4700,58
54577220363368,15:09:37.220,59.4700,100
54577220363368,15:09:37.220,59.4700,100
54577220528882,15:09:37.220,59.4800,2
54577220528882,15:09:37.220,59.4800,100
54577220528882,15:09:37.220,59.4800,3
54579441209514,15:09:39.441,59.4800,100
54579441209514,15:09:39.441,59.4800,100
54579441209514,15:09:39.441,59.4800,100
54579478338646,15:09:39.478,59.4700,100
54579478338646,15:09:39.478,59.4700,130
54579478338646,15:09:39.478,59.4700,100
54623406878178,15:10:23.406,59.4300,100
54633569097036,15:10:33.569,59.4200,100
54638726821267,15:10:38.726,59.4100,100
54643465621724,15:10:43.465,59.3900,4
54665956913069,15:11:05.956,59.3600,96
54670750992873,15:11:10.750,59.3400,100
54680078041964,15:11:20.078,59.3350,100
54680581052995,15:11:20.581,59.3350,100
54681081054532,15:11:21.081,59.3350,100
54689060876759,15:11:29.060,59.3600,5
54689060909221,15:11:29.060,59.3400,100
54689060909221,15:11:29.060,59.3600,95
54689060909221,15:11:29.060,59.3600,2
54689060909221,15:11:29.060,59.3600,3
54689060944555,15:11:29.060,59.3600,2
54689060973188,15:11:29.060,59.3600,95
54689060973188,15:11:29.060,59.3600,107
54689061010898,15:11:29.061,59.3600,193
54689061010898,15:11:29.061,59.3600,9
54689064993447,15:11:29.064,59.3800,16
54783425872078,15:13:03.425,59.3600,100
54783425872078,15:13:03.425,59.3600,1
54783425872078,15:13:03.425,59.3600,100
54783425872078,15:13:03.425,59.3600,100
54783425872078,15:13:03.425,59.3600,100
54783425872078,15:13:03.425,59.3600,100
54783427543745,15:13:03.427,59.3800,84
54783427543745,15:13:03.427,59.3800,16
54783427571508,15:13:03.427,59.3800,84
54783427580362,15:13:03.427,59.3800,84
54783427639266,15:13:03.427,59.3800,16
54783427656558,15:13:03.427,59.3800,84
54783427832570,15:13:03.427,59.3800,7
54783427866089,15:13:03.427,59.3800,9
54783996850776,15:13:03.996,59.3900,100
54783996850776,15:13:03.996,59.3900,100
54783996850776,15:13:03.996,59.3900,200
54783996877136,15:13:03.996,59.3900,2
54783996894599,15:13:03.996,59.3900,2
54783997084048,15:13:03.997,59.3900,5
54783997382773,15:13:03.997,59.3900,95
54783997382773,15:13:03.997,59.3900,100
54783997382773,15:13:03.997,59.3900,5
54784433039118,15:13:04.433,59.3900,93
54793425913866,15:13:13.425,59.4000,100
54793425913866,15:13:13.425,59.4000,100
54799140033545,15:13:19.140,59.4200,64
54801773258301,15:13:21.773,59.4200,16
54886971666309,15:14:46.971,59.4200,20
54886971666309,15:14:46.971,59.4200,1
54886971666309,15:14:46.971,59.4200,79
54886971846444,15:14:46.971,59.4200,21
54886971846444,15:14:46.971,59.4200,22
54886971846444,15:14:46.971,59.4200,57
54886971885036,15:14:46.971,59.4200,43
54913241975695,15:15:13.241,59.4300,2
54913241975695,15:15:13.241,59.4300,44
54921583267074,15:15:21.583,59.4500,1
54926405522453,15:15:26.405,59.4700,100
54957482206212,15:15:57.482,59.4900,1
54999114393582,15:16:39.114,59.5000,20
54999603099625,15:16:39.603,59.4800,100
54999603099625,15:16:39.603,59.4800,100
54999603099625,15:16:39.603,59.4800,100
54999603099625,15:16:39.603,59.4800,100
54999603099625,15:16:39.603,59.4800,100
54999603147294,15:16:39.603,59.4800,100
54999603208896,15:16:39.603,59.4800,38
54999603213654,15:16:39.603,59.4800,31
54999603233129,15:16:39.603,59.4800,31
54999603694619,15:16:39.603,59.4700,100
54999603918816,15:16:39.603,59.4600,100
55001403582358,15:16:41.403,59.4700,100
55001407632348,15:16:41.407,59.4700,100
55003783823078,15:16:43.783,59.4700,1
55003783823078,15:16:43.783,59.4700,100
55013802414405,15:16:53.802,59.4800,28
55043388727551,15:17:23.388,59.4900,100
55049175543851,15:17:29.175,59.4800,39
55054665197172,15:17:34.665,59.4500,100
55054665197172,15:17:34.665,59.4500,100
55057562092724,15:17:37.562,59.4300,100
55057562321403,15:17:37.562,59.4300,100
55061027919501,15:17:41.027,59.4100,100
55061028615852,15:17:41.028,59.4100,100
55065594506325,15:17:45.594,59.4000,1
55091714267207,15:18:11.714,59.3900,100
55103889499051,15:18:23.889,59.3900,2
55103889499051,15:18:23.889,59.3900,98
55103889530814,15:18:23.889,59.3900,2
55175542091805,15:19:35.542,59.4000,25
55175545193468,15:19:35.545,59.4100,1
55175545193468,15:19:35.545,59.4100,100
55175551879217,15:19:35.551,59.4200,12
55175968628556,15:19:35.968,59.4100,1
55201743577385,15:20:01.743,59.4500,100
55201743577385,15:20:01.743,59.4500,100
55201743622981,15:20:01.743,59.4500,1
55201743714611,15:20:01.743,59.4500,100
55201745121324,15:20:01.745,59.4500,100
55201745170864,15:20:01.745,59.4500,66
55209110236217,15:20:09.110,59.4700,100
55209110278478,15:20:09.110,59.4700,28
55209113359097,15:20:09.113,59.4800,100
55209113359097,15:20:09.113,59.4800,131
55210267723750,15:20:10.267,59.4800,100
55210267723750,15:20:10.267,59.4800,100
55210267723750,15:20:10.267,59.4800,100
55212914108208,15:20:12.914,59.4500,100
55212914108208,15:20:12.914,59.4500,100
55212914773702,15:20:12.914,59.4400,100
55212956951878,15:20:12.956,59.4400,100
55212986402133,15:20:12.986,59.4300,100
55237520066013,15:20:37.520,59.4300,1
55270144515201,15:21:10.144,59.4400,89
55270144577020,15:21:10.144,59.4250,100
55270144577020,15:21:10.144,59.4400,1
55270144588501,15:21:10.144,59.4400,10
55270144588501,15:21:10.144,59.4400,1
55296677111799,15:21:36.677,59.4300,9
55303338636555,15:21:43.338,59.4200,183
55303338663532,15:21:43.338,59.4200,117
55303338663532,15:21:43.338,59.4200,100
55303390551216,15:21:43.390,59.4100,100
55303618793411,15:21:43.618,59.4000,100
55309125476521,15:21:49.125,59.3700,100
55309125476521,15:21:49.125,59.3700,9
55309125476521,15:21:49.125,59.3700,100
55326837104783,15:22:06.837,59.3800,100
55328807227727,15:22:08.807,59.3800,100
55331793384271,15:22:11.793,59.3700,100
55353245703918,15:22:33.245,59.3500,100
55378051293481,15:22:58.051,59.3500,3
55378051293481,15:22:58.051,59.3500,86
55378051323595,15:22:58.051,59.3500,14
55378051323595,15:22:58.051,59.3500,100
55378051323595,15:22:58.051,59.3500,200
55378051379331,15:22:58.051,59.3500,314
55378051996060,15:22:58.051,59.3500,86
55378053909906,15:22:58.053,59.3600,10
55378053920131,15:22:58.053,59.3500,100
55378053920131,15:22:58.053,59.3500,100
55378053936183,15:22:58.053,59.3600,90
55378053936183,15:22:58.053,59.3600,100
55378053936183,15:22:58.053,59.3600,200
55391861455114,15:23:11.861,59.3700,100
55562549410996,15:26:02.549,59.3500,10
55562549410996,15:26:02.549,59.3400,12
55562549410996,15:26:02.549,59.3400,90
55562549439911,15:26:02.549,59.3400,10
55562550145064,15:26:02.550,59.3300,100
55562550370367,15:26:02.550,59.3300,100
55562551270024,15:26:02.551,59.3200,100
55562997933047,15:26:02.997,59.3200,100
55569938792308,15:26:09.938,59.3100,100
55569938792308,15:26:09.938,59.3100,100
55593424317991,15:26:33.424,59.3000,9
55593431879163,15:26:33.431,59.3000,100
55593434943035,15:26:33.434,59.3000,50
55618785582575,15:26:58.785,59.2900,33
55618785631282,15:26:58.785,59.2900,67
55620005746518,15:27:00.005,59.2800,8
55620007777438,15:27:00.007,59.2800,92
55620007777438,15:27:00.007,59.2800,8
55620007817457,15:27:00.007,59.2800,1
55621909902887,15:27:01.909,59.2800,100
55621909935350,15:27:01.909,59.2800,10
55621909935350,15:27:01.909,59.2800,90
55623480843988,15:27:03.480,59.2900,7
55623480843988,15:27:03.480,59.2900,100
55623506730322,15:27:03.506,59.2900,100
55632125629697,15:27:12.125,59.2800,100
55636035119664,15:27:16.035,59.2750,100
55636035119664,15:27:16.035,59.2800,1
55636035319482,15:27:16.035,59.2800,100
55646091745048,15:27:26.091,59.2800,200
55670715712258,15:27:50.715,59.2800,100
55670716212610,15:27:50.716,59.2800,1
55673121745485,15:27:53.121,59.2900,100
55673125208104,15:27:53.125,59.2900,100
55673126111526,15:27:53.126,59.2900,100
55673126290017,15:27:53.126,59.2900,22
55673143869342,15:27:53.143,59.3000,33
55673143924458,15:27:53.143,59.3000,67
55673143924458,15:27:53.143,59.3000,100
55734524380443,15:28:54.524,59.3100,100
55734524380443,15:28:54.524,59.3100,100
55734524932515,15:28:54.524,59.3000,9
55734524932515,15:28:54.524,59.3000,91
55734524958987,15:28:54.524,59.3000,14
55734967338820,15:28:54.967,59.2900,100
55734972448085,15:28:54.972,59.2900,99
55734974683061,15:28:54.974,59.2800,100
55734974683061,15:28:54.974,59.2800,100
55734974683061,15:28:54.974,59.2800,100
55735004953398,15:28:55.004,59.2800,96
55735004977917,15:28:55.004,59.2800,4
55735004977917,15:28:55.004,59.2800,100
55735087170850,15:28:55.087,59.2800,100
55762595177417,15:29:22.595,59.2600,9
55802172372211,15:30:02.172,59.2400,100
55802172372211,15:30:02.172,59.2400,2
55802172402803,15:30:02.172,59.2400,98
55802177562753,15:30:02.177,59.2200,100
55803527120956,15:30:03.527,59.2400,6
55803609956032,15:30:03.609,59.2100,100
55810015952867,15:30:10.015,59.2100,100
55810016737143,15:30:10.016,59.2100,100
55817754286830,15:30:17.754,59.2100,100
55817855149331,15:30:17.855,59.1800,97
55817856235312,15:30:17.856,59.1900,82
55832941034831,15:30:32.941,59.2200,2
55832941034831,15:30:32.941,59.2200,100
55832941034831,15:30:32.941,59.2200,98
55832941063364,15:30:32.941,59.2200,2
55832941082579,15:30:32.941,59.2200,2
55832941793554,15:30:32.941,59.2300,15
55832972253134,15:30:32.972,59.2400,100
55832972352743,15:30:32.972,59.2400,100
55832972421291,15:30:32.972,59.2400,20
55833002866774,15:30:33.002,59.2500,100
55833002976245,15:30:33.002,59.2500,100
55833002982300,15:30:33.002,59.2500,100
55833106388153,15:30:33.106,59.2200,100
55872408491235,15:31:12.408,59.2200,98
55872408491235,15:31:12.408,59.2300,1
55872408491235,15:31:12.408,59.2300,77
55872413783659,15:31:12.413,59.2300,23
55872413783659,15:31:12.413,59.2300,100
55872415187184,15:31:12.415,59.2300,67
55872437551495,15:31:12.437,59.2300,100
55896604695158,15:31:36.604,59.2600,100
55903932457210,15:31:43.932,59.2600,100
55903932457210,15:31:43.932,59.2600,1
55903932457210,15:31:43.932,59.2600,99
55917558355082,15:31:57.558,59.2500,1
55917558355082,15:31:57.558,59.2500,10
55946197751493,15:32:26.197,59.2400,4
55946197751493,15:32:26.197,59.2400,13
55946220360940,15:32:26.220,59.2300,100
55957888275611,15:32:37.888,59.2400,1
55958450651099,15:32:38.450,59.2500,100
55974934916247,15:32:54.934,59.2500,10
55974934916247,15:32:54.934,59.2400,86
55974934946003,15:32:54.934,59.2400,14
55974934946003,15:32:54.934,59.2400,86
55974934947691,15:32:54.934,59.2400,14
55974975105273,15:32:54.975,59.2400,100
55995365964181,15:33:15.365,59.2400,100
55995365964181,15:33:15.365,59.2400,100
55995365964181,15:33:15.365,59.2400,100
55995366370077,15:33:15.366,59.2500,1
55995516589452,15:33:15.516,59.2600,100
