timestamp,time,price,volume
34200735123820,09:30:00.735,0.0000,0
34318276121417,09:31:58.276,18.9300,200
34318276201840,09:31:58.276,18.9300,120
34318276523483,09:31:58.276,18.9300,80
34441632834770,09:34:01.632,18.9000,220
34594112831307,09:36:34.112,18.9000,90
34737395289842,09:38:57.395,18.9100,400
34786525677495,09:39:46.525,18.9000,1
34887440111583,09:41:27.440,18.9000,21
34887851510572,09:41:27.851,18.9000,130
34887851525031,09:41:27.851,18.9000,149
34999377770218,09:43:19.377,18.9200,36
34999377797975,09:43:19.377,18.9200,164
35046762328768,09:44:06.762,18.9200,47
35046762340975,09:44:06.762,18.9200,100
35046762607116,09:44:06.762,18.9200,53
35097253075218,09:44:57.253,18.9400,8
35220850351069,09:47:00.850,18.9350,200
35220850351069,09:47:00.850,18.9300,100
35220850351069,09:47:00.850,18.9300,200
35220850351069,09:47:00.850,18.9300,100
35564127015709,09:52:44.127,18.9600,5
35729581351822,09:55:29.581,18.9550,154
35729734707224,09:55:29.734,18.9550,200
35729734707224,09:55:29.734,18.9500,200
35729734707224,09:55:29.734,18.9500,100
35729734707224,09:55:29.734,18.9500,100
35729734707224,09:55:29.734,18.9500,400
35729734707224,09:55:29.734,18.9500,100
35729734707224,09:55:29.734,18.9500,100
35729734805940,09:55:29.734,18.9500,100
35729734846887,09:55:29.734,18.9500,100
35729734846887,09:55:29.734,18.9500,100
35729739129980,09:55:29.739,18.9550,200
35729739129980,09:55:29.739,18.9500,100
35729739129980,09:55:29.739,18.9500,200
35729739129980,09:55:29.739,18.9500,100
35729739129980,09:55:29.739,18.9500,14
35730040007460,09:55:30.040,18.9500,86
35730040007460,09:55:30.040,18.9500,14
35730496258056,09:55:30.496,18.9500,86
35730496258056,09:55:30.496,18.9400,19
35730496325927,09:55:30.496,18.9500,100
35730496342809,09:55:30.496,18.9500,100
35730496390555,09:55:30.496,18.9500,100
35730496390555,09:55:30.496,18.9500,200
35730794278313,09:55:30.794,18.9500,100
35730794278313,09:55:30.794,18.9500,100
35730794278313,09:55:30.794,18.9500,41
35730970565478,09:55:30.970,18.9500,159
35730970565478,09:55:30.970,18.9500,100
35730973498204,09:55:30.973,18.9400,181
35730973498204,09:55:30.973,18.9400,300
35730973498204,09:55:30.973,18.9400,133
35731090712325,09:55:31.090,18.9500,148
35731275829245,09:55:31.275,18.9450,300
35731275829245,09:55:31.275,18.9450,1100
35731546835634,09:55:31.546,18.9500,40
35731795142523,09:55:31.795,18.9500,60
35731795142523,09:55:31.795,18.9500,21
36010803697035,10:00:10.803,18.9800,200
37183538884543,10:19:43.538,18.9900,52
37368461771400,10:22:48.461,18.9800,100
37801322929397,10:30:01.322,18.9800,100
37801331517009,10:30:01.331,18.9700,100
37922600550548,10:32:02.600,18.9400,100
38238204559191,10:37:18.204,18.9500,100
38293808413171,10:38:13.808,18.9700,100
38649037031813,10:44:09.037,18.9500,100
38963351641609,10:49:23.351,18.9500,100
39243184364732,10:54:03.184,18.9700,100
39535462865985,10:58:55.462,18.9400,100
39592869970950,10:59:52.869,18.9400,100
40104921932826,11:08:24.921,18.9200,30
40461305196030,11:14:21.305,18.9200,85
40986645352319,11:23:06.645,18.9500,100
41022527476093,11:23:42.527,18.9500,200
41256632638172,11:27:36.632,18.9500,100
41397827165951,11:29:57.827,18.9800,100
41419188474848,11:30:19.188,18.9900,100
41757820243636,11:35:57.820,18.9600,100
41760442806436,11:36:00.442,18.9500,100
41867929351452,11:37:47.929,18.9700,100
41912106931465,11:38:32.106,18.9800,99
42233990923045,11:43:53.990,18.9500,100
42247928043053,11:44:07.928,18.9600,100
42422563130203,11:47:02.563,18.9600,84
42423655271461,11:47:03.655,18.9600,16
42425604769778,11:47:05.604,18.9500,100
42472748833286,11:47:52.748,18.9300,100
42615400059350,11:50:15.400,18.9000,200
42793920259833,11:53:13.920,18.9100,100
42954754717059,11:55:54.754,18.9100,100
43500123845375,12:05:00.123,18.9000,100
44435199709726,12:20:35.199,18.9000,100
44435199709726,12:20:35.199,18.9000,100
44459961352576,12:20:59.961,18.9000,100
44459961352576,12:20:59.961,18.9000,30
44470344218733,12:21:10.344,18.9100,100
44552261619729,12:22:32.261,18.8900,100
44554329766283,12:22:34.329,18.8900,23
44554329807052,12:22:34.329,18.8900,77
45204158649504,12:33:24.158,18.9300,100
45204158735451,12:33:24.158,18.9300,176
45374425341542,12:36:14.425,18.9400,100
45783417751622,12:43:03.417,18.9400,100
45877658872034,12:44:37.658,18.9500,100
45993756510476,12:46:33.756,18.9500,100
46072892158935,12:47:52.892,18.9500,100
47256372276705,13:07:36.372,18.9100,89
47428995861944,13:10:28.995,18.8900,100
47539351533460,13:12:19.351,18.8900,100
47926157334880,13:18:46.157,18.9100,11
48559134688510,13:29:19.134,18.9200,100
48605253180595,13:30:05.253,18.9100,100
48862010681106,13:34:22.010,18.8900,100
49205136341337,13:40:05.136,18.9200,100
49205136341337,13:40:05.136,18.9200,200
49205136341337,13:40:05.136,18.9200,200
49205141011342,13:40:05.141,18.9300,100
49205141011342,13:40:05.141,18.9300,200
49205141011342,13:40:05.141,18.9300,100
49593727357513,13:46:33.727,18.9200,100
49906148025600,13:51:46.148,18.9000,100
50338572733706,13:58:58.572,18.8900,200
50338573031691,13:58:58.573,18.9000,30
50338573065422,13:58:58.573,18.9000,30
50338573232409,13:58:58.573,18.9000,30
50338573557109,13:58:58.573,18.9000,10
50338573557109,13:58:58.573,18.9000,40
50338573703108,13:58:58.573,18.9000,100
50338573792237,13:58:58.573,18.9000,100
50338573792237,13:58:58.573,18.9000,100
50338573830633,13:58:58.573,18.9000,100
50338573830633,13:58:58.573,18.9000,100
50355536648296,13:59:15.536,18.9000,93
50402696167139,14:00:02.696,18.8800,100
50402696167139,14:00:02.696,18.8700,100
50402697834895,14:00:02.697,18.8600,100
50402715098060,14:00:02.715,18.8800,100
50402715098060,14:00:02.715,18.8800,100
50402715098060,14:00:02.715,18.8800,100
50402715098060,14:00:02.715,18.8900,30
50403833657344,14:00:03.833,18.8800,100
50405835515003,14:00:05.835,18.8700,200
50405835515003,14:00:05.835,18.8700,100
50405835588237,14:00:05.835,18.8800,7
50405835815239,14:00:05.835,18.8800,93
50409035924387,14:00:09.035,18.8800,10
50409035924387,14:00:09.035,18.8800,90
50409035971693,14:00:09.035,18.8800,10
50409353464245,14:00:09.353,18.8600,100
50409705648661,14:00:09.705,18.8900,100
50409705663999,14:00:09.705,18.8900,8
50409707491112,14:00:09.707,18.8900,100
50409727211044,14:00:09.727,18.9200,100
50409727211044,14:00:09.727,18.9200,100
50409729416991,14:00:09.729,18.9400,300
50409729416991,14:00:09.729,18.9400,100
50409732047120,14:00:09.732,18.9600,100
50409733501548,14:00:09.733,18.9600,100
50409733501548,14:00:09.733,18.9700,100
50409734442498,14:00:09.734,18.9600,100
50422737707716,14:00:22.737,18.9500,100
50451746402981,14:00:51.746,18.8900,100
50470030789235,14:01:10.030,18.9300,100
50471956066135,14:01:11.956,18.9200,100
50487084389370,14:01:27.084,18.9000,100
50503138912606,14:01:43.138,18.8900,87
50542677774541,14:02:22.677,18.8800,100
50542677840057,14:02:22.677,18.8800,100
50542677852022,14:02:22.677,18.8800,100
50543248822190,14:02:23.248,18.8800,87
50543264421721,14:02:23.264,18.8800,13
50543754946233,14:02:23.754,18.8800,100
50576386576887,14:02:56.386,18.8600,96
50576387020659,14:02:56.387,18.8600,4
50583016718433,14:03:03.016,18.8500,87
50583016783776,14:03:03.016,18.8500,87
50583016887586,14:03:03.016,18.8500,13
50620068039119,14:03:40.068,18.8000,2
50620128107892,14:03:40.128,18.7900,100
50620282463878,14:03:40.282,18.7900,1
50620282463878,14:03:40.282,18.7900,99
50620282689815,14:03:40.282,18.7900,1
50620282689815,14:03:40.282,18.7900,2794
50620282807414,14:03:40.282,18.7900,100
50620349165458,14:03:40.349,18.7900,100
50620349165458,14:03:40.349,18.7900,100
50620349259057,14:03:40.349,18.7900,100
50620349259057,14:03:40.349,18.7900,500
50628497874617,14:03:48.497,18.7700,100
50631620108219,14:03:51.620,18.7300,30
50631620326538,14:03:51.620,18.7300,30
50631620475576,14:03:51.620,18.7300,10
50631620509620,14:03:51.620,18.7300,20
50645754655191,14:04:05.754,18.7400,300
50724563085863,14:05:24.563,18.8200,87
50744932121035,14:05:44.932,18.8000,100
50768995535211,14:06:08.995,18.8200,100
50776031209076,14:06:16.031,18.8300,100
50854280333798,14:07:34.280,18.8400,100
50902351589892,14:08:22.351,18.8600,100
50947276684707,14:09:07.276,18.8600,100
50974882121407,14:09:34.882,18.8700,100
50975906530541,14:09:35.906,18.8700,87
50976060190507,14:09:36.060,18.8700,13
50977725662886,14:09:37.725,18.8700,100
50979582969504,14:09:39.582,18.8800,100
50988957138710,14:09:48.957,18.9000,100
51003976873267,14:10:03.976,18.9100,100
51037003747627,14:10:37.003,18.9000,9
51057109430690,14:10:57.109,18.8700,100
51068631747677,14:11:08.631,18.8700,87
51070272550550,14:11:10.272,18.8700,100
51071145361350,14:11:11.145,18.8800,100
51116158831255,14:11:56.158,18.8500,22
51192873646173,14:13:12.873,18.8400,100
51192925170290,14:13:12.925,18.8300,100
51230158743299,14:13:50.158,18.8400,98
51230158765928,14:13:50.158,18.8400,2
51251034950395,14:14:11.034,18.8200,100
51256398127046,14:14:16.398,18.8100,96
51271288438086,14:14:31.288,18.8100,100
51300160347164,14:15:00.160,18.8300,100
51300160347164,14:15:00.160,18.8300,100
51300160347164,14:15:00.160,18.8300,400
51300216059300,14:15:00.216,18.8300,200
51342212041399,14:15:42.212,18.8500,87
51360374275638,14:16:00.374,18.8400,100
51362735356592,14:16:02.735,18.8300,100
51363929525330,14:16:03.929,18.8300,100
51365353570892,14:16:05.353,18.8300,100
51438542392809,14:17:18.542,18.8100,100
51457303864723,14:17:37.303,18.8100,100
51457303864723,14:17:37.303,18.8100,100
51457305651852,14:17:37.305,18.8100,100
51457305651852,14:17:37.305,18.8100,169
51462751508406,14:17:42.751,18.8200,77
51494750605936,14:18:14.750,18.8400,100
51499331613775,14:18:19.331,18.8500,98
51499331620441,14:18:19.331,18.8500,2
51671449805823,14:21:11.449,18.8200,52
51671449884009,14:21:11.449,18.8200,48
51715226954854,14:21:55.226,18.8000,100
51715227030846,14:21:55.227,18.8000,100
51761714247656,14:22:41.714,18.8000,200
51764646454644,14:22:44.646,18.7900,100
51766851381339,14:22:46.851,18.7800,100
51818362533127,14:23:38.362,18.8100,200
51837139911829,14:23:57.139,18.8200,100
51959523325248,14:25:59.523,18.8600,100
51960038907300,14:26:00.038,18.8600,100
52004961352882,14:26:44.961,18.8800,81
52095311000747,14:28:15.311,18.8400,100
52095727243829,14:28:15.727,18.8400,100
52096457612674,14:28:16.457,18.8250,200
52096457612674,14:28:16.457,18.8300,100
52123108004354,14:28:43.108,18.8300,100
52322587483853,14:32:02.587,18.9000,100
52348696615736,14:32:28.696,18.9100,100
52348696615736,14:32:28.696,18.9100,100
52407790796312,14:33:27.790,18.8900,100
52459497309824,14:34:19.497,18.9000,100
52499378992429,14:34:59.378,18.9000,100
52518383107010,14:35:18.383,18.9200,69
52546576029161,14:35:46.576,18.9100,100
52578629616841,14:36:18.629,18.9000,100
52625545764503,14:37:05.545,18.9200,36
52625545804595,14:37:05.545,18.9200,64
52633882197917,14:37:13.882,18.9400,100
52633882197917,14:37:13.882,18.9400,100
52633890877473,14:37:13.890,18.9400,100
52633890877473,14:37:13.890,18.9400,100
52633908275489,14:37:13.908,18.9400,100
52633908275489,14:37:13.908,18.9400,100
52638336167342,14:37:18.336,18.9200,100
52702962504829,14:38:22.962,18.8800,100
52804656888291,14:40:04.656,18.8900,100
52830515497976,14:40:30.515,18.8800,100
52925215574594,14:42:05.215,18.8700,57
53017522683694,14:43:37.522,18.9100,100
53017522683694,14:43:37.522,18.9100,20
53057350489217,14:44:17.350,18.9300,100
53057350489217,14:44:17.350,18.9300,100
53057350489217,14:44:17.350,18.9300,92
53057350507837,14:44:17.350,18.9300,8
53060228849386,14:44:20.228,18.9400,100
53100065832271,14:45:00.065,18.9300,100
53193019199347,14:46:33.019,18.9500,100
53246235002814,14:47:26.235,18.9600,100
53288501453228,14:48:08.501,18.9900,100
53288501453228,14:48:08.501,18.9900,100
53288501570757,14:48:08.501,18.9900,100
53288502149056,14:48:08.502,18.9900,40
53288853736098,14:48:08.853,18.9900,100
53288853736098,14:48:08.853,18.9900,100
53422018621372,14:50:22.018,18.9500,100
53422272080303,14:50:22.272,18.9400,100
53442515235157,14:50:42.515,18.9300,76
53442515242684,14:50:42.515,18.9300,5
53442515380424,14:50:42.515,18.9300,19
53448900933081,14:50:48.900,18.9250,100
53453538627606,14:50:53.538,18.9100,100
53482329416859,14:51:22.329,18.9100,100
53567965759628,14:52:47.965,18.8800,100
53585120075214,14:53:05.120,18.8600,100
53585729859367,14:53:05.729,18.8600,100
53643008255356,14:54:03.008,18.8800,65
53643741950161,14:54:03.741,18.8800,100
53793482357755,14:56:33.482,18.9000,100
53793482357755,14:56:33.482,18.9000,100
53834886298356,14:57:14.886,18.8900,20
54044697503067,15:00:44.697,18.9300,100
54151050541827,15:02:31.050,18.9000,86
54156839810635,15:02:36.839,18.9100,100
54287081083973,15:04:47.081,18.9050,200
54287081151522,15:04:47.081,18.9050,100
54287083168682,15:04:47.083,18.9000,100
54287083168682,15:04:47.083,18.9000,100
54517320698799,15:08:37.320,18.8800,100
54517320698799,15:08:37.320,18.8800,63
54517551030487,15:08:37.551,18.8800,100
54757021696380,15:12:37.021,18.8600,100
54757021696380,15:12:37.021,18.8600,200
54757029133371,15:12:37.029,18.8600,100
54757272613445,15:12:37.272,18.8700,100
54757306917900,15:12:37.306,18.8800,100
54757846948561,15:12:37.846,18.8800,100
54868291853594,15:14:28.291,18.8500,100
54920767381569,15:15:20.767,18.8500,100
55007323055074,15:16:47.323,18.8600,100
55039809346532,15:17:19.809,18.8400,100
55184375657230,15:19:44.375,18.8100,100
55185263701609,15:19:45.263,18.8000,10
55202703880160,15:20:02.703,18.8000,100
55202703880160,15:20:02.703,18.8000,100
55263889596346,15:21:03.889,18.8100,100
55265002239520,15:21:05.002,18.8100,100
55265002239520,15:21:05.002,18.8100,100
55271279777355,15:21:11.279,18.8100,5
55271279957144,15:21:11.279,18.8100,95
55290365320089,15:21:30.365,18.8100,98
55306032742102,15:21:46.032,18.8200,100
55307151786373,15:21:47.151,18.8300,84
55307152065220,15:21:47.152,18.8300,16
55387802797653,15:23:07.802,18.8700,26
55437455318313,15:23:57.455,18.8700,100
55673126889079,15:27:53.126,18.8500,100
55865661966365,15:31:05.661,18.8750,100
55964773389006,15:32:44.773,18.8900,100
55964773389006,15:32:44.773,18.8900,100
55964773389006,15:32:44.773,18.8900,100
55964776864327,15:32:44.776,18.8900,100
56107750024673,15:35:07.750,18.9000,100
56121738288352,15:35:21.738,18.9100,100
56159607849893,15:35:59.607,18.9000,100
56218844122448,15:36:58.844,18.9200,100
56237568307863,15:37:17.568,18.9250,100
56247332130093,15:37:27.332,18.9250,400
56247332130093,15:37:27.332,18.9250,800
56247332130093,15:37:27.332,18.9200,100
56247332130093,15:37:27.332,18.9200,100
56247332130093,15:37:27.332,18.9200,200
56247332130093,15:37:27.332,18.9200,300
56367999765066,15:39:27.999,18.9600,100
56402108068833,15:40:02.108,18.9950,100
56421977766911,15:40:21.977,19.0100,97
56422002215459,15:40:22.002,19.0100,3
56503456970452,15:41:43.456,19.0200,100
56510124278353,15:41:50.124,19.0100,100
56510124278353,15:41:50.124,19.0100,100
56550947286514,15:42:30.947,19.0100,100
56630389558607,15:43:50.389,19.0000,18
56646874700984,15:44:06.874,19.0000,20
56673874920157,15:44:33.874,19.0050,100
56724478003675,15:45:24.478,18.9950,100
56850783525400,15:47:30.783,18.9900,300
56850783525400,15:47:30.783,18.9900,200
56899243952697,15:48:19.243,18.9850,272
56899244444797,15:48:19.244,18.9850,254
56899244937246,15:48:19.244,18.9850,146
56899244937246,15:48:19.244,18.9850,242
56899247793129,15:48:19.247,18.9900,100
56899247793129,15:48:19.247,18.9900,100
56899248130400,15:48:19.248,18.9900,100
56899248130400,15:48:19.248,18.9900,100
56899829734862,15:48:19.829,18.9900,100
56980251824174,15:49:40.251,18.9900,97
56980251830588,15:49:40.251,18.9900,100
56980251862080,15:49:40.251,18.9900,3
57038442292712,15:50:38.442,18.9800,200
57038443003187,15:50:38.443,18.9800,97
57039065354805,15:50:39.065,18.9800,39
57039065354805,15:50:39.065,18.9800,61
57111700233755,15:51:51.700,18.9800,100
57190422491879,15:53:10.422,18.9800,100
57190422491879,15:53:10.422,18.9800,60
57190422501853,15:53:10.422,18.9800,99
57190422561855,15:53:10.422,18.9800,41
57190422774783,15:53:10.422,18.9800,300
57190423907661,15:53:10.423,18.9800,100
57190423921957,15:53:10.423,18.9800,100
57190423921957,15:53:10.423,18.9800,100
57247745349281,15:54:07.745,18.9700,100
57262866520952,15:54:22.866,18.9700,200
57262866971498,15:54:22.866,18.9700,100
57262867682463,15:54:22.867,18.9700,100
57262867682463,15:54:22.867,18.9700,100
57299625347847,15:54:59.625,18.9600,100
57387179467006,15:56:27.179,18.9600,200
57400413019519,15:56:40.413,18.9700,87
57446007492339,15:57:26.007,18.9800,100
57446466667340,15:57:26.466,18.9800,200
57446467045911,15:57:26.467,18.9800,200
57480306654221,15:58:00.306,18.9900,300
57488238589598,15:58:08.238,18.9950,100
57522099284413,15:58:42.099,18.9950,100
57539783791560,15:58:59.783,18.9850,400
57539783791560,15:58:59.783,18.9850,105
57600279120357,16:00:00.279,0.0000,0
