timestamp,time,price,volume
34199806481305,09:29:59.806,14.1100,200
34200502690834,09:30:00.502,14.0900,100
34200502805236,09:30:00.502,14.0800,30
34200502805236,09:30:00.502,14.0800,5
34200503588965,09:30:00.503,14.0800,65
34200503588965,09:30:00.503,14.1000,35
34200811361258,09:30:00.811,14.2000,100
34200811361258,09:30:00.811,14.2000,5272
35392389968385,09:49:52.389,14.1500,50
35392389968385,09:49:52.389,14.1500,50
35392390711327,09:49:52.390,14.1400,100
35392391193922,09:49:52.391,14.1300,100
35392393489963,09:49:52.393,14.1300,100
35447459103917,09:50:47.459,14.1300,100
35488580788898,09:51:28.580,14.1500,100
35778396079803,09:56:18.396,14.1500,300
36000149695500,10:00:00.149,14.1500,34
36000149695500,10:00:00.149,14.1500,100
36000149718273,10:00:00.149,14.1500,134
36392075573100,10:06:32.075,14.1700,5
36488501163172,10:08:08.501,14.1750,199
36924270274523,10:15:24.270,14.1800,100
36924271107605,10:15:24.271,14.1800,41
36934842180425,10:15:34.842,14.1700,100
36970775082004,10:16:10.775,14.1750,20
36994302967318,10:16:34.302,14.1800,100
37672845404054,10:27:52.845,14.1900,100
37672845636229,10:27:52.845,14.1900,100
37812715161799,10:30:12.715,14.1850,300
37812715857718,10:30:12.715,14.1850,198
37812722593027,10:30:12.722,14.1850,100
37812722593027,10:30:12.722,14.1850,100
37813383306379,10:30:13.383,14.1800,46
37813383306379,10:30:13.383,14.1800,54
37813389920924,10:30:13.389,14.1800,7
37813390685438,10:30:13.390,14.1800,7
37813390739382,10:30:13.390,14.1800,7
37813390851155,10:30:13.390,14.1800,25
37816295118685,10:30:16.295,14.1750,100
37954735327733,10:32:34.735,14.1800,100
37954735327733,10:32:34.735,14.1800,100
37954735327733,10:32:34.735,14.1800,200
37954735376131,10:32:34.735,14.1900,100
37954735380627,10:32:34.735,14.1900,100
37954735756103,10:32:34.735,14.1900,50
37954865547013,10:32:34.865,14.1900,40
37954865547013,10:32:34.865,14.1900,10
37954865547013,10:32:34.865,14.1900,40
37954865547013,10:32:34.865,14.1900,10
38141485923213,10:35:41.485,14.2000,2272
38658510716064,10:44:18.510,14.2000,218
38658510755955,10:44:18.510,14.2000,718
38658510792198,10:44:18.510,14.2000,25
38658510792649,10:44:18.510,14.2000,154
38658510829020,10:44:18.510,14.2000,100
38658510883573,10:44:18.510,14.2000,254
38658511051571,10:44:18.511,14.2000,100
38658511059907,10:44:18.511,14.2000,3
38658511082168,10:44:18.511,14.2000,254
38658511224644,10:44:18.511,14.2000,254
38658511241078,10:44:18.511,14.2000,700
38658511279208,10:44:18.511,14.2000,254
38658511288036,10:44:18.511,14.2000,7107
38658511817873,10:44:18.511,14.2100,100
38658511817873,10:44:18.511,14.2000,100
38658511817873,10:44:18.511,14.2000,100
38658511929770,10:44:18.511,14.2100,9
38659225377375,10:44:19.225,14.2300,100
38659225377375,10:44:19.225,14.2300,100
38659227534093,10:44:19.227,14.2300,100
38659227534093,10:44:19.227,14.2300,100
38660631019454,10:44:20.631,14.2350,100
38660631147092,10:44:20.631,14.2350,100
38660632310408,10:44:20.632,14.2300,100
38673466879271,10:44:33.466,14.2250,200
38673480706483,10:44:33.480,14.2200,100
38673480706483,10:44:33.480,14.2200,400
38735777865123,10:45:35.777,14.2200,85
38735777956799,10:45:35.777,14.2200,7
38735778047017,10:45:35.778,14.2200,179
38882900345130,10:48:02.900,14.2300,100
38882900345130,10:48:02.900,14.2300,100
38900241283126,10:48:20.241,14.2400,100
38900241375385,10:48:20.241,14.2400,1
39167698071475,10:52:47.698,14.2500,100
39251477918706,10:54:11.477,14.2600,100
39302680667211,10:55:02.680,14.2650,101
39304673553224,10:55:04.673,14.2650,99
39304673836618,10:55:04.673,14.2650,99
39304673908880,10:55:04.673,14.2650,2
39304673908880,10:55:04.673,14.2600,97
39304673961689,10:55:04.673,14.2600,2
39304676275241,10:55:04.676,14.2500,300
39304676351048,10:55:04.676,14.2500,4
39456797898212,10:57:36.797,14.2500,300
39663613518190,11:01:03.613,14.2450,500
39663613518190,11:01:03.613,14.2500,200
39663613518190,11:01:03.613,14.2500,100
39728685897809,11:02:08.685,14.2600,300
39834232053281,11:03:54.232,14.2700,400
39834235017244,11:03:54.235,14.2700,100
39850119204201,11:04:10.119,14.2800,100
39850121811816,11:04:10.121,14.2900,2090
40098345680861,11:08:18.345,14.2900,100
40193480469814,11:09:53.480,14.2850,1
40193480648546,11:09:53.480,14.2850,7
40193480738221,11:09:53.480,14.2850,7
40867996262273,11:21:07.996,14.2900,152
40867996266902,11:21:07.996,14.2900,100
40867996283620,11:21:07.996,14.2900,100
40871823342710,11:21:11.823,14.2900,900
41341454720601,11:29:01.454,14.2850,100
41505300958528,11:31:45.300,14.2900,5014
41505300958528,11:31:45.300,14.2900,100
41505300958528,11:31:45.300,14.2900,100
41505300958528,11:31:45.300,14.2900,100
41505300958528,11:31:45.300,14.2900,100
41804585318188,11:36:44.585,14.2900,440
41804585327890,11:36:44.585,14.2900,360
41804585327890,11:36:44.585,14.2900,100
41804585327890,11:36:44.585,14.2900,100
42580297196530,11:49:40.297,14.2650,200
42658562347347,11:50:58.562,14.2700,200
42658562347347,11:50:58.562,14.2700,500
42658562804396,11:50:58.562,14.2700,100
42658562999719,11:50:58.562,14.2700,100
42658562999719,11:50:58.562,14.2700,100
43635012261950,12:07:15.012,14.2900,8
43754801804167,12:09:14.801,14.2900,100
43754801804167,12:09:14.801,14.2900,100
43754801804167,12:09:14.801,14.2900,100
43754801892958,12:09:14.801,14.2900,171
43754802066413,12:09:14.802,14.2900,300
43760486913185,12:09:20.486,14.3000,200
43760487383171,12:09:20.487,14.3000,200
43760487830821,12:09:20.487,14.3000,200
43760487830821,12:09:20.487,14.3000,100
43760487916878,12:09:20.487,14.3000,100
43760487916878,12:09:20.487,14.3000,199
43760487994413,12:09:20.487,14.3000,1
43760487994413,12:09:20.487,14.3000,100
43760494499146,12:09:20.494,14.3000,200
44281390449073,12:18:01.390,14.3100,100
45511396016280,12:38:31.396,14.3000,100
45511396016280,12:38:31.396,14.3000,1100
45511401179920,12:38:31.401,14.2900,100
45511409977107,12:38:31.409,14.2800,100
46076151958091,12:47:56.151,14.2700,200
46076151958091,12:47:56.151,14.2700,524
46076151958091,12:47:56.151,14.2700,276
47046998608419,13:04:06.998,14.2700,100
47046998788763,13:04:06.998,14.2700,600
47047008365021,13:04:07.008,14.2600,74
47047008365021,13:04:07.008,14.2600,100
47473188659091,13:11:13.188,14.2500,100
47473188659091,13:11:13.188,14.2500,800
47473201900253,13:11:13.201,14.2500,200
47473201900253,13:11:13.201,14.2500,300
47473205135228,13:11:13.205,14.2500,200
47473208989532,13:11:13.208,14.2500,59
47577168540333,13:12:57.168,14.2500,100
48559507011725,13:29:19.507,14.2400,100
48559507011725,13:29:19.507,14.2400,200
49027969551561,13:37:07.969,14.2500,520
49027969551561,13:37:07.969,14.2500,80
49027969551561,13:37:07.969,14.2500,100
49027969551561,13:37:07.969,14.2500,100
49027969551561,13:37:07.969,14.2500,200
49027969551561,13:37:07.969,14.2500,200
49140643005468,13:39:00.643,14.2500,200
49140643017370,13:39:00.643,14.2500,100
49140656793292,13:39:00.656,14.2500,100
49140656793292,13:39:00.656,14.2500,100
49140656793292,13:39:00.656,14.2500,400
50220035059394,13:57:00.035,14.2500,120
50220035059394,13:57:00.035,14.2500,180
50220035059394,13:57:00.035,14.2500,100
50220035059394,13:57:00.035,14.2500,100
50224594971722,13:57:04.594,14.2600,100
50224594971722,13:57:04.594,14.2600,10
50224594971722,13:57:04.594,14.2600,190
50224595615312,13:57:04.595,14.2600,10
50403126551645,14:00:03.126,14.2700,100
50403126551645,14:00:03.126,14.2700,100
50403254715212,14:00:03.254,14.2700,100
50409480046934,14:00:09.480,14.2700,100
50412241973306,14:00:12.241,14.2700,100
50413491365861,14:00:13.491,14.2700,73
50413491365861,14:00:13.491,14.2700,114
50416820163706,14:00:16.820,14.2600,68
50416820254372,14:00:16.820,14.2600,100
50422202890123,14:00:22.202,14.2600,8
50423331106414,14:00:23.331,14.2600,24
50488832671906,14:01:28.832,14.2600,800
50692979201688,14:04:52.979,14.2700,300
50692979237480,14:04:52.979,14.2700,95
50692979237480,14:04:52.979,14.2700,305
50692979238395,14:04:52.979,14.2700,100
50717539881782,14:05:17.539,14.2700,100
50717539881782,14:05:17.539,14.2700,100
50759075213776,14:05:59.075,14.2700,40
50759075488546,14:05:59.075,14.2700,60
50759075488546,14:05:59.075,14.2700,100
50759075488546,14:05:59.075,14.2700,40
50984084157933,14:09:44.084,14.2700,200
50984085276704,14:09:44.085,14.2700,200
51038355796748,14:10:38.355,14.2700,100
51060316931468,14:11:00.316,14.2700,20
51060316956855,14:11:00.316,14.2700,48
51060318256724,14:11:00.318,14.2700,32
51060320380922,14:11:00.320,14.2700,140
51060320380922,14:11:00.320,14.2700,140
51060320380922,14:11:00.320,14.2700,100
51060320380922,14:11:00.320,14.2700,100
51060320380922,14:11:00.320,14.2700,100
51102170226187,14:11:42.170,14.2700,200
51120791891045,14:12:00.791,14.2700,10
51150446712576,14:12:30.446,14.2700,30
51150446712576,14:12:30.446,14.2700,30
51150446712576,14:12:30.446,14.2700,40
51150446830925,14:12:30.446,14.2700,1
51150448971766,14:12:30.448,14.2700,59
51298752596715,14:14:58.752,14.2800,100
51298752596715,14:14:58.752,14.2800,192
51298752596715,14:14:58.752,14.2800,95
51298752596715,14:14:58.752,14.2800,96
51298752596715,14:14:58.752,14.2800,190
51298752596715,14:14:58.752,14.2800,127
51298753062638,14:14:58.753,14.2800,64
51298756048394,14:14:58.756,14.2800,100
51298803982000,14:14:58.803,14.2800,100
51654325284169,14:20:54.325,14.2800,96
51654325284169,14:20:54.325,14.2800,4
51670722954522,14:21:10.722,14.2800,700
51720648704036,14:22:00.648,14.2900,36
51720648704036,14:22:00.648,14.2900,64
52125452295452,14:28:45.452,14.2900,186
52125452298128,14:28:45.452,14.2900,100
52125452324487,14:28:45.452,14.2900,714
52130916396397,14:28:50.916,14.2800,73
52130916423775,14:28:50.916,14.2800,127
52130916423775,14:28:50.916,14.2800,200
52130916423775,14:28:50.916,14.2800,100
52136474970279,14:28:56.474,14.2700,100
52439866560624,14:33:59.866,14.2600,200
52439866560624,14:33:59.866,14.2600,46
52565596329748,14:36:05.596,14.2600,100
52760515819820,14:39:20.515,14.2500,100
52760515819820,14:39:20.515,14.2500,100
52760515819820,14:39:20.515,14.2500,73
52760515819820,14:39:20.515,14.2500,27
53220382641763,14:47:00.382,14.2600,100
53220382641763,14:47:00.382,14.2600,125
53220382641763,14:47:00.382,14.2600,125
53220382641763,14:47:00.382,14.2600,125
53220382641763,14:47:00.382,14.2600,25
53220382685499,14:47:00.382,14.2600,100
53220382685499,14:47:00.382,14.2600,183
53220382902217,14:47:00.382,14.2600,66
53220382902217,14:47:00.382,14.2600,250
53220382902217,14:47:00.382,14.2600,100
53220384129732,14:47:00.384,14.2600,100
53220384495314,14:47:00.384,14.2600,189
53220384717792,14:47:00.384,14.2600,100
53220425800498,14:47:00.425,14.2600,13
53220425800498,14:47:00.425,14.2600,100
53220425800498,14:47:00.425,14.2600,70
53223023381112,14:47:03.023,14.2600,100
53238997245802,14:47:18.997,14.2600,100
53238997798223,14:47:18.997,14.2600,100
53238997798223,14:47:18.997,14.2600,100
53238997798223,14:47:18.997,14.2600,400
53238997798223,14:47:18.997,14.2600,100
53238998253614,14:47:18.998,14.2600,100
53238998253614,14:47:18.998,14.2600,100
53543538596676,14:52:23.538,14.2550,100
53544478539344,14:52:24.478,14.2600,100
53544478539344,14:52:24.478,14.2600,100
53544478663901,14:52:24.478,14.2600,100
53544478663901,14:52:24.478,14.2600,100
53544480190093,14:52:24.480,14.2600,100
53544483724138,14:52:24.483,14.2600,100
53544483724138,14:52:24.483,14.2600,100
53544483724138,14:52:24.483,14.2600,100
53544483724138,14:52:24.483,14.2600,100
53544483724138,14:52:24.483,14.2600,100
53544483724138,14:52:24.483,14.2600,100
53609677341917,14:53:29.677,14.2600,100
53609677341917,14:53:29.677,14.2600,100
53611498558339,14:53:31.498,14.2600,100
53611501440097,14:53:31.501,14.2600,100
53805151021728,14:56:45.151,14.2500,100
53805151021728,14:56:45.151,14.2500,100
53805151021728,14:56:45.151,14.2500,100
53805151021728,14:56:45.151,14.2500,100
53805151021728,14:56:45.151,14.2500,400
53805151021728,14:56:45.151,14.2500,200
53805151021728,14:56:45.151,14.2500,100
53805151021728,14:56:45.151,14.2500,207
53805151021728,14:56:45.151,14.2500,207
53805156759079,14:56:45.156,14.2500,100
53805156759079,14:56:45.156,14.2500,100
53805169296505,14:56:45.169,14.2500,200
53805173301612,14:56:45.173,14.2500,200
53805174534133,14:56:45.174,14.2500,300
53805177684737,14:56:45.177,14.2500,200
53805181733228,14:56:45.181,14.2500,200
53805185611462,14:56:45.185,14.2500,15
53805185611462,14:56:45.185,14.2500,185
53805325234991,14:56:45.325,14.2500,100
53805325234991,14:56:45.325,14.2500,100
53805325990759,14:56:45.325,14.2500,100
53805329742585,14:56:45.329,14.2500,100
53805329742585,14:56:45.329,14.2500,100
53805333831614,14:56:45.333,14.2500,100
53805333831614,14:56:45.333,14.2500,100
53805337766536,14:56:45.337,14.2500,100
53805337766536,14:56:45.337,14.2500,100
53866529043515,14:57:46.529,14.2500,200
53866529110422,14:57:46.529,14.2500,100
53866529364803,14:57:46.529,14.2500,36
53866529364803,14:57:46.529,14.2500,335
53866529364803,14:57:46.529,14.2500,200
53866529364803,14:57:46.529,14.2500,329
53866530510709,14:57:46.530,14.2500,6
53866530510709,14:57:46.530,14.2500,335
53867541070279,14:57:47.541,14.2500,30
53868269855836,14:57:48.269,14.2500,70
53868269855836,14:57:48.269,14.2500,100
53973912947336,14:59:33.912,14.2600,2
53978507851748,14:59:38.507,14.2600,98
54266506866965,15:04:26.506,14.2600,200
54266506866965,15:04:26.506,14.2600,300
54546526538346,15:09:06.526,14.2500,100
54546526564451,15:09:06.526,14.2500,26
54643536271234,15:10:43.536,14.2300,72
54643536271234,15:10:43.536,14.2300,200
54643536271234,15:10:43.536,14.2300,29
54894928321090,15:14:54.928,14.2300,504
54894928321090,15:14:54.928,14.2300,796
54894928762733,15:14:54.928,14.2300,200
54894937852079,15:14:54.937,14.2400,200
54894938966925,15:14:54.938,14.2400,13
54917279118835,15:15:17.279,14.2400,2
54917279118835,15:15:17.279,14.2400,98
55059713816625,15:17:39.713,14.2400,7
55059713816625,15:17:39.713,14.2400,60
55059713818216,15:17:39.713,14.2400,100
55059713819719,15:17:39.713,14.2400,100
55059713902571,15:17:39.713,14.2400,40
55059713902571,15:17:39.713,14.2400,100
55059725477530,15:17:39.725,14.2400,100
55187133549348,15:19:47.133,14.2400,100
55187133549348,15:19:47.133,14.2400,36
55187133549348,15:19:47.133,14.2400,164
55187133551462,15:19:47.133,14.2400,36
55208766234544,15:20:08.766,14.2500,100
55816542143891,15:30:16.542,14.2400,100
55816542143891,15:30:16.542,14.2400,20
55816542143891,15:30:16.542,14.2400,500
55987563913583,15:33:07.563,14.2300,100
55987563941954,15:33:07.563,14.2300,100
55987563941954,15:33:07.563,14.2300,20
55987563941954,15:33:07.563,14.2300,100
56194563786287,15:36:34.563,14.2200,100
56386569714246,15:39:46.569,14.2200,100
56785588038326,15:46:25.588,14.2200,200
57024920004809,15:50:24.920,14.2200,100
57024920004809,15:50:24.920,14.2200,50
57024920004809,15:50:24.920,14.2200,100
57024920004809,15:50:24.920,14.2200,100
57024920004809,15:50:24.920,14.2200,100
57024920004809,15:50:24.920,14.2200,200
57024920004809,15:50:24.920,14.2200,200
57024920004809,15:50:24.920,14.2200,100
57024920004809,15:50:24.920,14.2200,154
57024920004809,15:50:24.920,14.2200,100
57024920004809,15:50:24.920,14.2200,1000
57024920004809,15:50:24.920,14.2200,200
57024922421767,15:50:24.922,14.2150,100
57024922954581,15:50:24.922,14.2150,100
57024923408175,15:50:24.923,14.2150,100
57024971380069,15:50:24.971,14.2150,71
57024971380069,15:50:24.971,14.2150,129
57041399145563,15:50:41.399,14.2150,200
57057909507284,15:50:57.909,14.2150,42
57057909507284,15:50:57.909,14.2150,58
57079418741388,15:51:19.418,14.2150,700
57079423288061,15:51:19.423,14.2150,87
57079423288061,15:51:19.423,14.2150,113
57079426409105,15:51:19.426,14.2150,100
57079426842434,15:51:19.426,14.2150,600
57188802211469,15:53:08.802,14.2100,100
57188802211469,15:53:08.802,14.2100,100
57188802211469,15:53:08.802,14.2100,400
57188802211469,15:53:08.802,14.2100,100
57188802211469,15:53:08.802,14.2100,100
57188802211469,15:53:08.802,14.2100,200
57188802211469,15:53:08.802,14.2100,2
57188812549839,15:53:08.812,14.2050,200
57189014403052,15:53:09.014,14.2050,70
57189014403052,15:53:09.014,14.2050,30
57189137944465,15:53:09.137,14.2050,160
57192450275952,15:53:12.450,14.2000,200
57192450275952,15:53:12.450,14.2000,200
57199772893234,15:53:19.772,14.1950,500
57206122555426,15:53:26.122,14.1950,100
57300314105571,15:55:00.314,14.1950,100
57318959575339,15:55:18.959,14.1950,200
57318963055274,15:55:18.963,14.1950,500
57318969268152,15:55:18.969,14.2000,100
57318969268152,15:55:18.969,14.2000,100
57318969268152,15:55:18.969,14.2000,47
57318969268152,15:55:18.969,14.2000,753
57319029719189,15:55:19.029,14.2000,100
57323077704678,15:55:23.077,14.2000,947
57323077704678,15:55:23.077,14.2000,153
57323341474888,15:55:23.341,14.2000,200
57323341474888,15:55:23.341,14.2000,100
57323341474888,15:55:23.341,14.2000,100
57323341474888,15:55:23.341,14.2000,300
57323341474888,15:55:23.341,14.2000,100
57323341474888,15:55:23.341,14.2000,100
57323341474888,15:55:23.341,14.2000,128
57331198507639,15:55:31.198,14.2000,150
57331198507639,15:55:31.198,14.2000,200
57335759220009,15:55:35.759,14.2000,100
57335759220009,15:55:35.759,14.2000,100
57397028089793,15:56:37.028,14.2050,100
57397028174854,15:56:37.028,14.2050,11
57403921585673,15:56:43.921,14.2050,100
57425120617266,15:57:05.120,14.2050,100
57461638740380,15:57:41.638,14.2050,36
57461710022785,15:57:41.710,14.2000,100
57461710022785,15:57:41.710,14.2000,100
57461710022785,15:57:41.710,14.2000,400
57461710022785,15:57:41.710,14.2000,300
57461710022785,15:57:41.710,14.2000,100
57461710022785,15:57:41.710,14.2000,100
57461710022785,15:57:41.710,14.2000,100
57477094045938,15:57:57.094,14.2000,100
57477094045938,15:57:57.094,14.2000,100
57479328462598,15:57:59.328,14.1950,10
57487928702531,15:58:07.928,14.1950,500
57497351445117,15:58:17.351,14.1950,790
57497351445117,15:58:17.351,14.1950,65
57497352125541,15:58:17.352,14.1950,200
57507493283938,15:58:27.493,14.2000,100
57507493283938,15:58:27.493,14.2000,100
57507493283938,15:58:27.493,14.2000,100
57564867738041,15:59:24.867,14.2000,200
57564867738041,15:59:24.867,14.2000,1100
57564867738041,15:59:24.867,14.2000,200
57564867738041,15:59:24.867,14.2000,1500
57564869001156,15:59:24.869,14.2000,22
57564869024495,15:59:24.869,14.2000,10
57569539163619,15:59:29.539,14.2000,468
57569539163619,15:59:29.539,14.2000,300
57569539163619,15:59:29.539,14.2000,540
57569539163619,15:59:29.539,14.2000,192
57570665113795,15:59:30.665,14.2100,300
57570668132575,15:59:30.668,14.2100,100
57570668622550,15:59:30.668,14.2100,143
57574334827837,15:59:34.334,14.2100,96
57580249425300,15:59:40.249,14.2100,25
57580533408536,15:59:40.533,14.2100,100
57581445892757,15:59:41.445,14.2100,50
57586941810153,15:59:46.941,14.2100,186
57586941810153,15:59:46.941,14.2100,100
57586941810153,15:59:46.941,14.2100,6
57586944200675,15:59:46.944,14.2100,200
57600543994381,16:00:00.543,14.2000,4459
