timestamp,time,price,volume
34200793417438,09:30:00.793,0.0000,0
34441839280559,09:34:01.839,43.7300,40
34483549848657,09:34:43.549,43.6900,100
34520707877573,09:35:20.707,43.7000,63
34520712122847,09:35:20.712,43.6850,100
34520712207486,09:35:20.712,43.7000,63
34537772683543,09:35:37.772,43.6800,100
34537868227028,09:35:37.868,43.6900,100
34573081363810,09:36:13.081,43.6700,3
34744588293252,09:39:04.588,43.7900,3
34758663097117,09:39:18.663,43.6550,100
34796643606199,09:39:56.643,43.7200,100
34796643632895,09:39:56.643,43.7200,63
34796649054707,09:39:56.649,43.6650,100
34799665313731,09:39:59.665,43.6650,100
34799704143473,09:39:59.704,43.6700,100
34816896533240,09:40:16.896,43.6900,100
34816896558779,09:40:16.896,43.6900,63
34816900689644,09:40:16.900,43.6650,100
34834755076589,09:40:34.755,43.7000,100
34834755102666,09:40:34.755,43.7000,63
34834759091226,09:40:34.759,43.6300,100
34834914815218,09:40:34.914,43.7000,100
34837754374724,09:40:37.754,43.7000,100
34838545328021,09:40:38.545,43.7000,100
34842754585106,09:40:42.754,43.7000,82
34951697015829,09:42:31.697,43.5700,100
34951714537861,09:42:31.714,43.6400,30
34951714564676,09:42:31.714,43.6400,30
34951714565340,09:42:31.714,43.6400,10
35061729056126,09:44:21.729,43.6300,100
35064267109136,09:44:24.267,43.6300,100
35141496316257,09:45:41.496,43.5600,100
35141967168011,09:45:41.967,43.5550,100
35292603859252,09:48:12.603,43.5800,65
35292603872373,09:48:12.603,43.5800,5
35292604461757,09:48:12.604,43.6000,100
35292604461757,09:48:12.604,43.6000,100
35292604461757,09:48:12.604,43.6000,100
35292604507540,09:48:12.604,43.6000,200
35292604507540,09:48:12.604,43.6000,100
35524117171405,09:52:04.117,43.5700,70
35561322514583,09:52:41.322,43.5700,70
35580798671963,09:53:00.798,43.5600,100
35581430901283,09:53:01.430,43.5600,70
35595117809415,09:53:15.117,43.5800,100
35611472882724,09:53:31.472,43.5000,100
35625284895335,09:53:45.284,43.5800,90
35643465026997,09:54:03.465,43.5800,10
35643465026997,09:54:03.465,43.5800,100
35651699966454,09:54:11.699,43.6100,100
35734558347190,09:55:34.558,43.5900,100
35734558432542,09:55:34.558,43.5800,32
35734558456049,09:55:34.558,43.5800,68
35769506955666,09:56:09.506,43.5900,70
36069456624938,10:01:09.456,43.6200,100
36486137891207,10:08:06.137,43.6400,11
36486222461886,10:08:06.222,43.6400,11
36486222497389,10:08:06.222,43.6400,11
36600379422201,10:10:00.379,43.6100,52
36600379484446,10:10:00.379,43.6100,4
36600379915646,10:10:00.379,43.6100,14
36657224187373,10:10:57.224,43.5400,11
36837473970649,10:13:57.473,43.6600,100
37088134329112,10:18:08.134,43.5900,70
37292162749904,10:21:32.162,43.5900,33
37292162942567,10:21:32.162,43.5900,67
37292162942567,10:21:32.162,43.5900,33
37292162955516,10:21:32.162,43.5900,33
37345755272782,10:22:25.755,43.5800,59
37584776419250,10:26:24.776,43.5400,49
37682408503627,10:28:02.408,43.5700,10
37703493434270,10:28:23.493,43.5700,100
37703494383696,10:28:23.494,43.5700,53
37731968848270,10:28:51.968,43.6000,100
37731968848270,10:28:51.968,43.6000,100
37895782955221,10:31:35.782,43.5800,100
38070018675496,10:34:30.018,43.6300,100
38865755114140,10:47:45.755,43.5600,100
38865756039812,10:47:45.756,43.5600,63
39036905404524,10:50:36.905,43.5700,100
39085801024690,10:51:25.801,43.5900,100
39237423481981,10:53:57.423,43.5900,63
39252974395949,10:54:12.974,43.5700,100
39350754491233,10:55:50.754,43.5900,100
39355754934025,10:55:55.754,43.5900,63
39360754415176,10:56:00.754,43.5900,100
39363752993582,10:56:03.752,43.5900,37
39371139054308,10:56:11.139,43.6200,2
39396802452211,10:56:36.802,43.6000,100
39678495545786,11:01:18.495,43.6100,100
39701743240419,11:01:41.743,43.6300,1
39701743240419,11:01:41.743,43.6300,100
39773803295542,11:02:53.803,43.6100,100
39854454407795,11:04:14.454,43.6200,100
40038114042124,11:07:18.114,43.6000,100
40049593459032,11:07:29.593,43.6000,100
40136799871261,11:08:56.799,43.6000,63
40219887092315,11:10:19.887,43.6300,2
40244339965873,11:10:44.339,43.6200,2
40259348025232,11:10:59.348,43.6200,1
40259352714733,11:10:59.352,43.6200,2
40259356435511,11:10:59.356,43.6200,81
40651947159231,11:17:31.947,43.5900,31
40658171016730,11:17:38.171,43.5800,98
40658171027718,11:17:38.171,43.5800,2
40658257332716,11:17:38.257,43.6000,100
40659960476851,11:17:39.960,43.6000,58
40791304607651,11:19:51.304,43.6000,100
40791910691511,11:19:51.910,43.6100,100
40791911463782,11:19:51.911,43.6200,86
40791911993540,11:19:51.911,43.6200,14
40984506360740,11:23:04.506,43.6100,22
40984506374247,11:23:04.506,43.6100,39
41009939721066,11:23:29.939,43.6300,100
41569511176923,11:32:49.511,43.6500,100
41919179901512,11:38:39.179,43.6300,25
41919179901512,11:38:39.179,43.6300,75
41919179974981,11:38:39.179,43.6300,25
41919180328524,11:38:39.180,43.6200,40
42330784653547,11:45:30.784,43.7000,100
42591921776638,11:49:51.921,43.6900,86
43438669378986,12:03:58.669,43.6800,200
44080881348521,12:14:40.881,43.6300,100
44140681670764,12:15:40.681,43.6200,100
44140812690773,12:15:40.812,43.6300,163
44140817754126,12:15:40.817,43.6300,37
44140852016447,12:15:40.852,43.6600,100
44140852479337,12:15:40.852,43.6600,200
44607246273700,12:23:27.246,43.7700,1
44607246273700,12:23:27.246,43.7700,99
46258563641873,12:50:58.563,43.7400,100
46835966116061,13:00:35.966,43.7200,100
46835978201841,13:00:35.978,43.7200,100
46835988418919,13:00:35.988,43.7200,100
46985516352968,13:03:05.516,43.7400,100
47376279499471,13:09:36.279,43.6600,100
48000777107886,13:20:00.777,43.6500,100
48035565396164,13:20:35.565,43.7400,100
48035570041204,13:20:35.570,43.7500,100
48035570041204,13:20:35.570,43.7500,100
48301241618074,13:25:01.241,43.7200,100
48301899802163,13:25:01.899,43.7300,3
48301899802163,13:25:01.899,43.7300,100
48301900504337,13:25:01.900,43.7400,100
48301900835023,13:25:01.900,43.7500,100
48339368842532,13:25:39.368,43.7500,100
48339368842532,13:25:39.368,43.7500,1
48339369441254,13:25:39.369,43.7700,100
49822550272968,13:50:22.550,43.7700,100
49822550374819,13:50:22.550,43.7800,20
49822550401639,13:50:22.550,43.7800,80
49822550557911,13:50:22.550,43.7700,91
49822551708645,13:50:22.551,43.7900,100
50035653540680,13:53:55.653,43.8700,23
50401950825051,14:00:01.950,43.8700,1
50401950825051,14:00:01.950,43.8700,99
50410050188449,14:00:10.050,43.8700,100
50410050841760,14:00:10.050,43.8800,1
50945397497663,14:09:05.397,43.8400,100
51082683128030,14:11:22.683,43.9000,100
51084495561514,14:11:24.495,43.9200,100
51117264822892,14:11:57.264,43.9400,100
51154081743997,14:12:34.081,44.0200,100
52088124384969,14:28:08.124,44.0900,36
52490185200871,14:34:50.185,44.0900,100
52539277402087,14:35:39.277,44.1000,100
53240398294016,14:47:20.398,44.1100,10
53993274804150,14:59:53.274,44.2100,100
53993274804150,14:59:53.274,44.2100,91
53993274830809,14:59:53.274,44.2100,46
54515756033055,15:08:35.756,44.1200,2
54806923356490,15:13:26.923,44.1000,100
55542753711811,15:25:42.753,44.0900,38
55545755885290,15:25:45.755,44.0400,100
55548888026264,15:25:48.888,44.0700,100
55752406913958,15:29:12.406,44.0500,1
56323810741526,15:38:43.810,44.1100,100
56323810741526,15:38:43.810,44.1100,100
56323811004720,15:38:43.811,44.1200,100
56323811024293,15:38:43.811,44.1200,100
56324013600569,15:38:44.013,44.1300,100
56678595696526,15:44:38.595,44.1400,3
56725632566001,15:45:25.632,44.1100,1
56725632566001,15:45:25.632,44.1200,99
56725632640968,15:45:25.632,44.1200,1
56725632640968,15:45:25.632,44.1200,113
56725632640968,15:45:25.632,44.1200,7
56726900288489,15:45:26.900,44.1200,60
56726900288489,15:45:26.900,44.1200,100
57064755909692,15:51:04.755,44.0800,100
57067754627960,15:51:07.754,44.0800,7
57071095981770,15:51:11.095,44.1100,30
57071095981770,15:51:11.095,44.1100,45
57071095981770,15:51:11.095,44.1100,25
57071096052931,15:51:11.096,44.1100,75
57104095250581,15:51:44.095,44.0600,100
57117280288369,15:51:57.280,44.1000,100
57329946551957,15:55:29.946,44.0400,100
57442508747277,15:57:22.508,44.0200,100
57507564389625,15:58:27.564,44.0100,100
57513819827241,15:58:33.819,44.0600,5
57522845420520,15:58:42.845,44.0500,100
57527050437268,15:58:47.050,44.0300,100
57530355811865,15:58:50.355,43.9800,100
57572123602438,15:59:32.123,44.0400,100
57577183317698,15:59:37.183,44.0600,100
57587002020407,15:59:47.002,44.0300,100
57600368294895,16:00:00.368,0.0000,0
