timestamp,time,price,volume
28511165290191,07:55:11.165,102.8400,100
32411471715591,09:00:11.471,104.0000,5
34200088880998,09:30:00.088,103.9500,46
34200838452847,09:30:00.838,103.9800,29482
34200861153726,09:30:00.861,103.9500,16
34201190965610,09:30:01.190,103.9800,4
34201775435622,09:30:01.775,103.5800,22
34201775437395,09:30:01.775,103.5700,78
34201775437395,09:30:01.775,103.9800,72
34221454112565,09:30:21.454,103.5900,100
34221457185691,09:30:21.457,103.8400,100
34221462493663,09:30:21.462,103.9000,90
34222146769581,09:30:22.146,103.9100,1
34239614275116,09:30:39.614,103.6200,30
34270026239698,09:31:10.026,103.6200,100
34270026358737,09:31:10.026,103.6200,18
34270026358737,09:31:10.026,103.6200,82
34270026385374,09:31:10.026,103.6200,18
34270026386800,09:31:10.026,103.6200,100
34270026386800,09:31:10.026,103.6200,18
34270026389562,09:31:10.026,103.6200,82
34270026389562,09:31:10.026,103.6200,36
34270026398314,09:31:10.026,103.6200,100
34270026410535,09:31:10.026,103.6200,100
34270026423346,09:31:10.026,103.6200,64
34270027504380,09:31:10.027,103.5700,65
34270218765097,09:31:10.218,103.2300,100
34270220268907,09:31:10.220,103.2300,100
34270220268907,09:31:10.220,103.2200,100
34270220268907,09:31:10.220,103.2000,250
34270220296212,09:31:10.220,103.2000,250
34270223387743,09:31:10.223,103.1000,23
34270223411980,09:31:10.223,103.1000,72
34270261857541,09:31:10.261,103.0200,100
34270261857541,09:31:10.261,103.0100,26
34270261857541,09:31:10.261,103.0000,1
34270261857541,09:31:10.261,103.0000,73
34270262793744,09:31:10.262,103.0000,27
34270262821855,09:31:10.262,102.9700,100
34270281910020,09:31:10.281,102.8400,73
34270281934590,09:31:10.281,102.8400,27
34270281936076,09:31:10.281,102.8400,27
34291014383000,09:31:31.014,103.3100,7
34291016709988,09:31:31.016,103.3100,20
34313427138997,09:31:53.427,103.3200,20
34322821435793,09:32:02.821,103.1800,100
34336194543209,09:32:16.194,103.0500,100
34340583303223,09:32:20.583,103.1600,100
34345679509588,09:32:25.679,103.0500,1
34364843427113,09:32:44.843,103.1000,100
34364843899502,09:32:44.843,103.1600,17
34364843942192,09:32:44.843,103.1600,10
34364843975563,09:32:44.843,103.2000,100
34364843975563,09:32:44.843,103.2000,10
34364843975563,09:32:44.843,103.2000,152
34364843984368,09:32:44.843,103.1600,31
34364844008510,09:32:44.844,103.1600,59
34364844055307,09:32:44.844,103.2100,100
34364844055307,09:32:44.844,103.2100,100
34364844057327,09:32:44.844,103.2100,92
34364844057327,09:32:44.844,103.2100,100
34364844118965,09:32:44.844,103.2500,50
34364844129609,09:32:44.844,103.2000,100
34364844133040,09:32:44.844,103.2500,50
34364844134984,09:32:44.844,103.2500,8
34364844139469,09:32:44.844,103.2500,50
34364844152409,09:32:44.844,103.2500,42
34364844152409,09:32:44.844,103.2500,8
34364844925587,09:32:44.844,103.2500,92
34364844925587,09:32:44.844,103.2800,53
34364845001252,09:32:44.845,103.2800,47
34364845001252,09:32:44.845,103.2800,49
34364845001252,09:32:44.845,103.2800,3
34364845416900,09:32:44.845,103.2800,30
34364845422084,09:32:44.845,103.2800,59
34364845422084,09:32:44.845,103.2800,3
34364845707947,09:32:44.845,103.2800,45
34364845707947,09:32:44.845,103.2800,50
34367727805776,09:32:47.727,103.0000,5
34367727814602,09:32:47.727,103.0000,95
34377700176216,09:32:57.700,103.1200,20
34379004603452,09:32:59.004,103.1200,20
34380506209239,09:33:00.506,103.1200,20
34389606149522,09:33:09.606,103.1500,100
34393848490563,09:33:13.848,102.9500,100
34393848490563,09:33:13.848,102.9300,97
34393848528160,09:33:13.848,102.9300,3
34393848528160,09:33:13.848,102.9200,97
34393848528160,09:33:13.848,102.9200,97
34393848534485,09:33:13.848,102.9200,3
34393848571588,09:33:13.848,102.9000,37
34393848593455,09:33:13.848,102.9200,100
34393848613665,09:33:13.848,102.9000,20
34393848634926,09:33:13.848,102.9000,43
34393848883060,09:33:13.848,102.9000,100
34393848940939,09:33:13.848,102.9000,100
34393849044670,09:33:13.849,102.9000,100
34393849135170,09:33:13.849,102.9000,100
34393849168497,09:33:13.849,102.9000,100
34393849168912,09:33:13.849,102.9000,100
34393849252352,09:33:13.849,102.9000,100
34394180231557,09:33:14.180,102.8400,100
34394180255598,09:33:14.180,102.8400,100
34394180356732,09:33:14.180,102.8400,6
34394180359136,09:33:14.180,102.8400,17
34394181971121,09:33:14.181,102.8000,282
34394181996531,09:33:14.181,102.8000,418
34394182052950,09:33:14.182,102.7500,82
34394182068274,09:33:14.182,102.7500,63
34394182074019,09:33:14.182,102.7500,118
34394182346107,09:33:14.182,102.7500,257
34394182384976,09:33:14.182,102.7500,100
34394182419236,09:33:14.182,102.7500,119
34394182428408,09:33:14.182,102.7500,47
34394182466260,09:33:14.182,102.7500,100
34394182467819,09:33:14.182,102.7500,14
34394185913337,09:33:14.185,102.6500,100
34394207905910,09:33:14.207,102.5000,50
34394207905910,09:33:14.207,102.5000,50
34394207932358,09:33:14.207,102.5000,50
34394207932358,09:33:14.207,102.5000,50
34394208002225,09:33:14.208,102.5000,20
34394211432374,09:33:14.211,102.5000,80
34394211432374,09:33:14.211,102.5000,20
34394211458474,09:33:14.211,102.5000,80
34394211461199,09:33:14.211,102.5000,80
34394211470936,09:33:14.211,102.5000,29
34394211522013,09:33:14.211,102.5000,5
34394211524106,09:33:14.211,102.5000,36
34394223873813,09:33:14.223,102.3900,24
34394224988897,09:33:14.224,102.3600,76
34394381175833,09:33:14.381,102.3400,300
34394407323992,09:33:14.407,102.3400,75
34394407323992,09:33:14.407,102.3200,25
34394418565779,09:33:14.418,102.3100,76
34394418589449,09:33:14.418,102.3100,24
34394418590033,09:33:14.418,102.3100,24
34395630877086,09:33:15.630,102.2600,100
34396042092446,09:33:16.042,102.2200,100
34396042092446,09:33:16.042,102.2200,100
34396632201354,09:33:16.632,102.1400,100
34401772983930,09:33:21.772,102.1600,25
34405841869299,09:33:25.841,102.3300,100
34405841869299,09:33:25.841,102.3400,100
34405841869299,09:33:25.841,102.3700,100
34405975794024,09:33:25.975,102.2000,65
34412463861822,09:33:32.463,102.2000,35
34412463861822,09:33:32.463,102.1900,65
34420180338790,09:33:40.180,102.2600,47
34420180349004,09:33:40.180,102.2600,3
34420180349004,09:33:40.180,102.2800,16
34420180353910,09:33:40.180,102.2800,34
34420180446419,09:33:40.180,102.2800,50
34420180810644,09:33:40.180,102.1900,10
34420180892293,09:33:40.180,102.2800,10
34425572159057,09:33:45.572,102.1100,100
34434725143543,09:33:54.725,102.3400,34
34436109755964,09:33:56.109,102.3400,66
34436109755964,09:33:56.109,102.3400,100
34436109755964,09:33:56.109,102.3600,100
34436109755964,09:33:56.109,102.3700,26
34436109755964,09:33:56.109,102.3700,100
34436109755964,09:33:56.109,102.3700,100
34436109755964,09:33:56.109,102.4000,8
34441298702040,09:34:01.298,102.3700,3
34456181110666,09:34:16.181,102.2700,100
34456182933604,09:34:16.182,102.3700,97
34456182933604,09:34:16.182,102.3700,100
34456182995128,09:34:16.182,102.4000,92
34456182995128,09:34:16.182,102.4000,6
34456183005182,09:34:16.183,102.4200,58
34456183007245,09:34:16.183,102.3700,100
34456183007912,09:34:16.183,102.4200,27
34456183015838,09:34:16.183,102.4200,15
34456183015838,09:34:16.183,102.4200,27
34456183018729,09:34:16.183,102.4200,42
34456183534506,09:34:16.183,102.4200,31
34464737065932,09:34:24.737,102.5600,100
34473383134515,09:34:33.383,102.5600,100
34473385129951,09:34:33.385,102.5800,100
34473385214027,09:34:33.385,102.5800,100
34473385583493,09:34:33.385,102.6300,100
34473385583493,09:34:33.385,102.6300,100
34473385583493,09:34:33.385,102.6300,100
34473432998365,09:34:33.432,102.7300,100
34478465670247,09:34:38.465,102.9600,100
34478466046390,09:34:38.466,102.9700,12
34478466100484,09:34:38.466,102.9700,88
34478466100484,09:34:38.466,102.9700,12
34478466133625,09:34:38.466,102.9700,88
34491097360767,09:34:51.097,103.0300,100
34494334040053,09:34:54.334,103.2500,17
34494334040053,09:34:54.334,103.2600,83
34494334116699,09:34:54.334,103.2600,17
34494334141818,09:34:54.334,103.2600,4
34494334152943,09:34:54.334,103.2600,69
34515396483384,09:35:15.396,103.2900,100
34520382706098,09:35:20.382,103.0600,100
34521419135225,09:35:21.419,103.1200,100
34521787823481,09:35:21.787,103.1400,1
34521787823481,09:35:21.787,103.1400,99
34521787864015,09:35:21.787,103.1400,1
34527127019636,09:35:27.127,103.3100,100
34530320917458,09:35:30.320,103.3300,3
34530320917458,09:35:30.320,103.3300,97
34533739119337,09:35:33.739,103.3300,3
34533739119337,09:35:33.739,103.3300,1
34533739119337,09:35:33.739,103.3300,10
34533739119337,09:35:33.739,103.3500,14
34544887736258,09:35:44.887,103.2400,50
34565457873710,09:36:05.457,103.0700,200
34565457882326,09:36:05.457,103.0500,2
34565457882326,09:36:05.457,103.0500,8
34565457882326,09:36:05.457,103.0400,100
34565457882326,09:36:05.457,103.0400,85
34565457893224,09:36:05.457,103.0400,5
34565457896106,09:36:05.457,103.0400,10
34565457896106,09:36:05.457,103.0400,50
34565457896861,09:36:05.457,103.0400,105
34565457901266,09:36:05.457,103.0400,45
34565457901266,09:36:05.457,103.0100,59
34565457923528,09:36:05.457,102.9900,42
34565457926936,09:36:05.457,102.9900,58
34565457952295,09:36:05.457,102.9900,10
34565458101765,09:36:05.458,102.9900,100
34565458216598,09:36:05.458,102.9900,20
34565458675683,09:36:05.458,102.8600,100
34565459322991,09:36:05.459,102.8600,58
34565459326845,09:36:05.459,102.8500,42
34565459333225,09:36:05.459,102.8500,42
34565459365701,09:36:05.459,102.8500,16
34568621787466,09:36:08.621,102.5600,16
34571435811538,09:36:11.435,102.5600,15
34574860487663,09:36:14.860,102.6800,1
34585282766776,09:36:25.282,102.6400,3
34591713159654,09:36:31.713,102.6800,1
34603761670422,09:36:43.761,102.7200,3
34603761710730,09:36:43.761,102.6800,100
34604625212766,09:36:44.625,102.8000,3
34604625274934,09:36:44.625,102.8000,100
34604625291782,09:36:44.625,102.8100,50
34604625291782,09:36:44.625,102.8100,1
34604625291782,09:36:44.625,102.8100,179
34604625291782,09:36:44.625,102.8100,49
34604625326943,09:36:44.625,102.8100,10
34604625377826,09:36:44.625,102.8100,90
34604626050753,09:36:44.626,102.8200,10
34604626058104,09:36:44.626,102.8300,10
34604626058104,09:36:44.626,102.8400,90
34604626062304,09:36:44.626,102.8400,10
34604626062304,09:36:44.626,102.8500,37
34604626062304,09:36:44.626,102.8500,116
34604626064514,09:36:44.626,102.8500,26
34604626064514,09:36:44.626,102.8500,50
34604626064514,09:36:44.626,102.8500,1
34604626075010,09:36:44.626,102.8600,100
34604626254833,09:36:44.626,102.8400,15
34605391293556,09:36:45.391,103.0450,20
34605391533613,09:36:45.391,103.0450,20
34605391555834,09:36:45.391,103.0450,20
34605391711247,09:36:45.391,103.0450,20
34605391796955,09:36:45.391,103.0450,20
34606592307774,09:36:46.592,103.1100,30
34606592307774,09:36:46.592,103.0900,70
34607328802527,09:36:47.328,103.2400,4
34607329976962,09:36:47.329,103.2400,46
34607329976962,09:36:47.329,103.2400,100
34607330028877,09:36:47.330,103.2900,100
34607330446882,09:36:47.330,103.3600,3
34607330533875,09:36:47.330,103.3900,9
34607330748953,09:36:47.330,103.3900,91
34608096773688,09:36:48.096,103.3100,47
34608589342352,09:36:48.589,103.3100,53
34608589342352,09:36:48.589,103.3100,4
34608589342352,09:36:48.589,103.3100,110
34608589342352,09:36:48.589,103.3100,83
34608589398460,09:36:48.589,103.3100,17
34608589470482,09:36:48.589,103.3100,100
34608589474963,09:36:48.589,103.3000,39
34608589476326,09:36:48.589,103.3000,44
34611310872567,09:36:51.310,103.3900,1
34611310936516,09:36:51.310,103.3900,100
34628483916157,09:37:08.483,103.2700,1
34629198894349,09:37:09.198,103.4000,100
34629198894349,09:37:09.198,103.4000,100
34629198894349,09:37:09.198,103.4000,49
34629199993693,09:37:09.199,103.4100,49
34629200068651,09:37:09.200,103.4400,3
34629216782031,09:37:09.216,103.5000,100
34629216782031,09:37:09.216,103.5000,3
34629216851175,09:37:09.216,103.5100,100
34629216887160,09:37:09.216,103.5200,1
34629216897131,09:37:09.216,103.5300,100
34630442400883,09:37:10.442,103.5900,100
34632426969854,09:37:12.426,103.5500,100
34632426969854,09:37:12.426,103.5200,37
34632426976595,09:37:12.426,103.5200,63
34632426976595,09:37:12.426,103.5200,60
34632426978399,09:37:12.426,103.5200,40
34632426978399,09:37:12.426,103.5100,23
34632426982523,09:37:12.426,103.5100,63
34632426987004,09:37:12.426,103.5100,4
34632426987004,09:37:12.426,103.5000,96
34632427027038,09:37:12.427,103.5000,4
34632427027038,09:37:12.427,103.5000,100
34632427033681,09:37:12.427,103.5000,100
34632427034257,09:37:12.427,103.5000,104
34632427034760,09:37:12.427,103.5000,100
34632427039672,09:37:12.427,103.5000,28
34632427052754,09:37:12.427,103.5000,100
34632427113160,09:37:12.427,103.4900,96
34632427120800,09:37:12.427,103.4900,68
34632427120800,09:37:12.427,103.4500,32
34632427229667,09:37:12.427,103.4500,37
34632427238107,09:37:12.427,103.4500,31
34632427238107,09:37:12.427,103.4500,32
34632427287126,09:37:12.427,103.4500,68
34632428589627,09:37:12.428,103.4900,100
34632428795826,09:37:12.428,103.4500,100
34640135966958,09:37:20.135,103.6500,100
34640135966958,09:37:20.135,103.6800,100
34640135966958,09:37:20.135,103.7200,21
34671250454822,09:37:51.250,103.3600,3
34675017241770,09:37:55.017,103.3900,100
34675017241770,09:37:55.017,103.3900,49
34675017241770,09:37:55.017,103.3900,49
34675017241770,09:37:55.017,103.3900,100
34675017241770,09:37:55.017,103.3900,2
34675017277663,09:37:55.017,103.3900,98
34675017314824,09:37:55.017,103.4000,36
34677637044465,09:37:57.637,103.4000,1
34680063998039,09:38:00.063,103.4400,100
34680064023417,09:38:00.064,103.4800,100
34680064023417,09:38:00.064,103.4900,11
34688036404440,09:38:08.036,103.3400,3
34698212240383,09:38:18.212,103.4400,1
34698212240383,09:38:18.212,103.4500,1
34698212305706,09:38:18.212,103.4400,36
34698212314946,09:38:18.212,103.4400,16
34698212319852,09:38:18.212,103.4400,48
34698212328827,09:38:18.212,103.4500,99
34698212328827,09:38:18.212,103.4500,100
34698212328827,09:38:18.212,103.4500,38
34698212403661,09:38:18.212,103.4900,13
34698212403661,09:38:18.212,103.4900,49
34698212413993,09:38:18.212,103.5000,3
34699149712555,09:38:19.149,103.7400,10
34699150009917,09:38:19.150,103.7400,10
34714425449060,09:38:34.425,103.5200,1
34714440249562,09:38:34.440,103.6000,100
34714440284014,09:38:34.440,103.6000,100
34719802432975,09:38:39.802,103.6200,3
34719802432975,09:38:39.802,103.6300,23
34719802432975,09:38:39.802,103.7000,3
34719802432975,09:38:39.802,103.7000,23
34719802880124,09:38:39.802,103.7400,100
34719802932454,09:38:39.802,103.7500,50
34719803206493,09:38:39.803,103.7500,50
34719803206493,09:38:39.803,103.7500,100
34719803206493,09:38:39.803,103.7500,1
34722971109976,09:38:42.971,103.9400,100
34749145992192,09:39:09.145,103.7500,1
34749146117771,09:39:09.146,103.7000,10
34754774861374,09:39:14.774,103.8200,40
34754774861374,09:39:14.774,103.8200,49
34757141520385,09:39:17.141,103.8500,3
34757141520385,09:39:17.141,103.8500,100
34757141520385,09:39:17.141,103.8500,3
34757148162817,09:39:17.148,103.8400,5
34757224681958,09:39:17.224,103.8900,40
34757225272051,09:39:17.225,103.8900,40
34757455520524,09:39:17.455,103.8900,20
34757543906144,09:39:17.543,103.9200,80
34758072730355,09:39:18.072,103.9100,100
34760409167409,09:39:20.409,103.9200,20
34760409337982,09:39:20.409,103.8000,10
34760409791019,09:39:20.409,103.9100,100
34760409791019,09:39:20.409,103.9100,10
34760409791019,09:39:20.409,103.9400,70
34760410201908,09:39:20.410,103.9400,30
34760410201908,09:39:20.410,103.9400,72
34760410255146,09:39:20.410,103.9400,28
34760410255146,09:39:20.410,103.9500,72
34760410281425,09:39:20.410,103.9500,128
34760411941194,09:39:20.411,104.0000,3
34760411941194,09:39:20.411,104.0000,37
34760411941194,09:39:20.411,104.0000,20
34760411941194,09:39:20.411,104.0000,40
34760411991153,09:39:20.411,104.0000,29
34760411991153,09:39:20.411,104.0000,14
34760411992050,09:39:20.411,104.0000,13
34760411992050,09:39:20.411,104.0000,87
34760411993857,09:39:20.411,104.0000,56
34760411993857,09:39:20.411,104.0000,30
34760411993857,09:39:20.411,104.0000,46
34760411999309,09:39:20.411,104.0000,144
34760411999309,09:39:20.411,104.0000,50
34760411999309,09:39:20.411,104.0000,6
34760412000224,09:39:20.412,104.0000,94
34760412000224,09:39:20.412,104.0000,6
34760412005644,09:39:20.412,104.0000,90
34760412009284,09:39:20.412,104.0000,4
34760412323738,09:39:20.412,104.0300,13
34760462470468,09:39:20.462,104.2200,300
34760462470468,09:39:20.462,104.2200,100
34760462587445,09:39:20.462,104.2200,200
34760462604753,09:39:20.462,104.2300,100
34760462609183,09:39:20.462,104.2500,150
34760462656670,09:39:20.462,104.1400,15
34760462698131,09:39:20.462,104.1500,100
34760462698131,09:39:20.462,104.1400,85
34760462698131,09:39:20.462,104.1100,100
34760462735631,09:39:20.462,104.2200,10
34760464004702,09:39:20.464,104.1400,10
34760526705726,09:39:20.526,104.2100,100
34760840756510,09:39:20.840,104.0600,28
34766009698426,09:39:26.009,104.2500,30
34766009698426,09:39:26.009,104.2800,17
34773080016746,09:39:33.080,104.1900,1
34773080016746,09:39:33.080,104.1900,44
34773080505564,09:39:33.080,104.1200,10
34774277032902,09:39:34.277,104.0600,100
34774277032902,09:39:34.277,104.0600,100
34774277100721,09:39:34.277,104.0600,10
34774277100721,09:39:34.277,104.0600,40
34774277509307,09:39:34.277,104.0000,50
34788103467653,09:39:48.103,103.8700,9
34797204024177,09:39:57.204,103.9800,2
34806037864081,09:40:06.037,103.9800,18
34806037864081,09:40:06.037,103.9800,218
34806037864081,09:40:06.037,104.0100,64
34806037929831,09:40:06.037,104.0100,36
34806037929831,09:40:06.037,104.0100,100
34806037940640,09:40:06.037,104.0600,100
34806038763595,09:40:06.038,104.2800,13
34806038763595,09:40:06.038,104.3200,100
34806038763595,09:40:06.038,104.3200,94
34806167520913,09:40:06.167,104.0500,100
34831445673946,09:40:31.445,103.9100,100
34847447229427,09:40:47.447,103.8100,13
34854960668648,09:40:54.960,103.8100,87
34854960668648,09:40:54.960,103.7200,100
34854960668648,09:40:54.960,103.7200,13
34862237236055,09:41:02.237,103.7800,5
34862237236055,09:41:02.237,103.7400,90
34862237236055,09:41:02.237,103.7200,100
34862237236055,09:41:02.237,103.7200,5
34862237263120,09:41:02.237,103.7200,95
34862237738159,09:41:02.237,103.7200,100
34862237770181,09:41:02.237,103.7900,3
34862237801247,09:41:02.237,103.7900,97
34862237974678,09:41:02.237,103.7100,37
34862237982714,09:41:02.237,103.7100,63
34862238180847,09:41:02.238,103.7800,100
34862238318016,09:41:02.238,103.7200,100
34862238489728,09:41:02.238,103.7700,10
34862238570682,09:41:02.238,103.7200,10
34862238638892,09:41:02.238,103.7900,100
34862238958646,09:41:02.238,103.7200,10
34862239026674,09:41:02.239,103.7200,100
34862239047740,09:41:02.239,103.7200,26
34865026338707,09:41:05.026,103.7100,50
34866049561067,09:41:06.049,103.7100,104
34872475656241,09:41:12.475,103.6100,100
34872475656241,09:41:12.475,103.5200,100
34873457474961,09:41:13.457,103.6800,9
34873457497316,09:41:13.457,103.6800,50
34873457531171,09:41:13.457,103.6800,93
34873457531171,09:41:13.457,103.6800,7
34873457547102,09:41:13.457,103.6800,93
34873457547102,09:41:13.457,103.6700,7
34873457573005,09:41:13.457,103.6700,93
34873457601783,09:41:13.457,103.6900,93
34873492162318,09:41:13.492,103.6700,99
34880023483156,09:41:20.023,103.5600,50
34884824941978,09:41:24.824,103.5600,50
34884824941978,09:41:24.824,103.5200,100
34884824941978,09:41:24.824,103.5200,50
34891941421732,09:41:31.941,103.6000,100
34892070026002,09:41:32.070,103.6000,30
34893520042417,09:41:33.520,103.5800,100
34893520354156,09:41:33.520,103.5800,100
34895023567926,09:41:35.023,103.5100,100
34895201015564,09:41:35.201,103.5000,4
34895201015564,09:41:35.201,103.5000,100
34895201015564,09:41:35.201,103.5000,100
34898567459699,09:41:38.567,103.6300,200
34898567459699,09:41:38.567,103.6600,100
34900025476474,09:41:40.025,103.5000,100
34900025502593,09:41:40.025,103.5000,100
34900025502593,09:41:40.025,103.5000,50
34900056444045,09:41:40.056,103.4400,100
34900129591535,09:41:40.129,103.4500,100
34900139009633,09:41:40.139,103.4400,100
34900148518067,09:41:40.148,103.4000,200
34900148518067,09:41:40.148,103.4000,25
34906004468688,09:41:46.004,103.0400,70
34915865008749,09:41:55.865,102.8000,100
34915865008749,09:41:55.865,102.7800,100
34918864926695,09:41:58.864,102.8500,100
34918864926695,09:41:58.864,102.8500,100
34920359535710,09:42:00.359,102.8600,100
34920359535710,09:42:00.359,102.8300,100
34920359561258,09:42:00.359,102.8300,100
34926690597470,09:42:06.690,102.8600,100
34926690597470,09:42:06.690,102.8500,100
34926690597470,09:42:06.690,102.8300,100
34928596141577,09:42:08.596,102.8900,100
34955985428274,09:42:35.985,102.7700,300
34955985930546,09:42:35.985,102.7700,100
34955985985756,09:42:35.985,102.8000,100
34955986676027,09:42:35.986,102.7900,100
34955986700777,09:42:35.986,102.7900,100
34955986784339,09:42:35.986,102.8400,10
34955995592313,09:42:35.995,102.7900,10
34956004933675,09:42:36.004,102.7700,100
34958013002291,09:42:38.013,102.8500,200
34958013002291,09:42:38.013,102.8600,97
34958013295317,09:42:38.013,102.8600,100
34958013295317,09:42:38.013,102.8600,100
34958013933032,09:42:38.013,102.8700,100
34968901260224,09:42:48.901,102.8900,100
34972289369430,09:42:52.289,102.8900,100
34972289369430,09:42:52.289,102.8900,100
34972290040940,09:42:52.290,102.9000,100
34976917645696,09:42:56.917,102.9400,1
34985831116344,09:43:05.831,102.9400,11
34985831145363,09:43:05.831,102.8300,100
34985831599222,09:43:05.831,102.9500,100
34988271209313,09:43:08.271,102.9800,100
34988271209313,09:43:08.271,102.9800,25
34988271281293,09:43:08.271,102.9900,100
34988271281293,09:43:08.271,103.0000,2
34988271289623,09:43:08.271,103.0100,134
34988271293237,09:43:08.271,103.0400,11
34988271295758,09:43:08.271,103.0400,89
34988271300966,09:43:08.271,103.0400,11
34991052690922,09:43:11.052,103.0400,89
34991052690922,09:43:11.052,103.1400,100
34991052690922,09:43:11.052,103.1700,100
34991052690922,09:43:11.052,103.1700,2
34991052690922,09:43:11.052,103.1800,100
34996118544136,09:43:16.118,103.3600,100
35039838263569,09:43:59.838,103.0700,100
35039838263569,09:43:59.838,103.0600,100
35039838289833,09:43:59.838,103.0600,100
35039838291052,09:43:59.838,103.0600,68
35039838341535,09:43:59.838,103.0000,61
35039838983879,09:43:59.838,103.0000,39
35039862500861,09:43:59.862,103.0500,100
35039875853641,09:43:59.875,103.0400,100
35039876289348,09:43:59.876,103.0400,40
35039876291824,09:43:59.876,103.0400,60
35039876305007,09:43:59.876,103.0500,63
35039876951840,09:43:59.876,103.0500,37
35039877603384,09:43:59.877,103.0300,100
35053051559644,09:44:13.051,102.9700,100
35053051559644,09:44:13.051,102.9900,82
35053051571790,09:44:13.051,102.9900,18
35053051571790,09:44:13.051,103.0000,21
35053051574799,09:44:13.051,103.0000,64
35053051578828,09:44:13.051,103.0000,100
35053051578828,09:44:13.051,103.0000,4
35053051581906,09:44:13.051,103.0000,39
35053051583472,09:44:13.051,103.0000,57
35053051583472,09:44:13.051,103.0000,7
35053051584443,09:44:13.051,103.0000,50
35053051610456,09:44:13.051,103.0000,3
35053051675522,09:44:13.051,103.0000,100
35053052356959,09:44:13.052,103.0100,100
35053052394342,09:44:13.052,103.0100,12
35053052394342,09:44:13.052,103.0100,24
35053052455800,09:44:13.052,103.0100,10
35053052503086,09:44:13.052,103.0400,100
35053055315481,09:44:13.055,103.0400,86
35053623753787,09:44:13.623,103.1700,100
35053624128119,09:44:13.624,103.1800,47
35053624141873,09:44:13.624,103.1800,50
35053624145474,09:44:13.624,103.1800,3
35076224830776,09:44:36.224,103.2800,31
35076224830776,09:44:36.224,103.1300,69
35076224857239,09:44:36.224,103.1300,31
35076224857239,09:44:36.224,103.1300,10
35076224945516,09:44:36.224,103.1300,100
35076225416970,09:44:36.225,103.1600,100
35076225420922,09:44:36.225,103.1300,100
35090236372801,09:44:50.236,103.1700,100
35090236372801,09:44:50.236,103.1700,100
35091350441955,09:44:51.350,103.1800,100
35091350475294,09:44:51.350,103.1800,13
35091350515330,09:44:51.350,103.1800,36
35091350578051,09:44:51.350,103.1900,8
35091350582400,09:44:51.350,103.1900,29
35091350605083,09:44:51.350,103.1900,8
35091350605083,09:44:51.350,103.1800,92
35091350631221,09:44:51.350,103.1800,8
35114366688939,09:45:14.366,103.2100,63
35114366722376,09:45:14.366,103.2100,37
35114366722376,09:45:14.366,103.2200,100
35114366722376,09:45:14.366,103.2200,100
35114366722376,09:45:14.366,103.2200,3
35114366722376,09:45:14.366,103.2200,63
35114366757973,09:45:14.366,103.2200,37
35114366769734,09:45:14.366,103.2400,63
35114366779259,09:45:14.366,103.2400,13
35114366797899,09:45:14.366,103.2400,24
35114367428226,09:45:14.367,103.2600,100
35148831942051,09:45:48.831,103.2400,100
35148831942051,09:45:48.831,103.2400,100
35148831974805,09:45:48.831,103.2500,200
35148831974805,09:45:48.831,103.2500,100
35148832075674,09:45:48.832,103.2800,100
35148832731670,09:45:48.832,103.2400,100
35150802573786,09:45:50.802,103.2500,100
35155025817387,09:45:55.025,103.2200,50
35155025841951,09:45:55.025,103.2200,1
35162972234454,09:46:02.972,103.2300,10
35174399043197,09:46:14.399,103.3100,100
35174399043197,09:46:14.399,103.3100,148
35174399079911,09:46:14.399,103.3200,37
35174399094706,09:46:14.399,103.3200,63
35174399094706,09:46:14.399,103.3200,2
35174399107439,09:46:14.399,103.3200,98
35174399704871,09:46:14.399,103.3100,100
35178066986895,09:46:18.066,103.2000,100
35184228634152,09:46:24.228,103.3500,100
35184228634152,09:46:24.228,103.3900,100
35187060739849,09:46:27.060,103.2300,100
35198053788185,09:46:38.053,103.2200,1
35198053803995,09:46:38.053,103.1900,100
35198053803995,09:46:38.053,103.1900,45
35198053809442,09:46:38.053,103.1900,55
35198054422800,09:46:38.054,103.1900,100
35202407711465,09:46:42.407,103.1700,17
35211250490616,09:46:51.250,103.2900,100
35211250601027,09:46:51.250,103.3000,100
35211250640815,09:46:51.250,103.3100,100
35211250682443,09:46:51.250,103.3200,100
35211250970902,09:46:51.250,103.3400,4
35211250995269,09:46:51.250,103.3400,96
35211251208950,09:46:51.251,103.3400,100
35211251277905,09:46:51.251,103.3100,100
35211303190677,09:46:51.303,103.3800,2
35228824720877,09:47:08.824,103.2900,100
35232253829031,09:47:12.253,103.2600,50
35232721938563,09:47:12.721,103.2700,62
35232721942134,09:47:12.721,103.2700,38
35232722467695,09:47:12.722,103.2700,100
35232727788720,09:47:12.727,103.2700,100
35235900892313,09:47:15.900,103.3100,50
35235900923392,09:47:15.900,103.3100,50
35235901008798,09:47:15.901,103.3100,100
35235901597600,09:47:15.901,103.3000,100
35235905927023,09:47:15.905,103.3200,100
35235905978718,09:47:15.905,103.3400,100
35235906446009,09:47:15.906,103.3600,100
35254609817409,09:47:34.609,103.2700,1
35263677686457,09:47:43.677,103.2600,1
35263677686457,09:47:43.677,103.2600,99
35263677716854,09:47:43.677,103.2600,1
35263681168474,09:47:43.681,103.2400,39
35263681168474,09:47:43.681,103.2400,61
35263686228252,09:47:43.686,103.2200,5
35263686228252,09:47:43.686,103.2000,100
35263686258232,09:47:43.686,103.2000,685
35263686268089,09:47:43.686,103.2000,50
35263686272917,09:47:43.686,103.1900,100
35263686282607,09:47:43.686,103.2000,3821
35263686288660,09:47:43.686,103.1900,100
35263686295741,09:47:43.686,103.2000,100
35263686298436,09:47:43.686,103.2000,100
35263686322930,09:47:43.686,103.2000,136
35263686374305,09:47:43.686,103.2000,112
35263686670648,09:47:43.686,103.2000,74
35263687219049,09:47:43.687,103.1500,49
35263691389360,09:47:43.691,103.1500,51
35263692519434,09:47:43.692,103.1500,10
35263695678357,09:47:43.695,103.1900,100
35263696272448,09:47:43.696,103.2000,5718
35263706515285,09:47:43.706,103.2000,100
35263813346539,09:47:43.813,103.2000,100
35263813398713,09:47:43.813,103.2000,100
35263813406923,09:47:43.813,103.2000,100
35263814999968,09:47:43.814,103.2000,1000
35263828685487,09:47:43.828,103.1900,100
35266866260163,09:47:46.866,103.1800,100
35266866260163,09:47:46.866,103.1800,50
35272791074439,09:47:52.791,103.1800,100
35273802420811,09:47:53.802,103.1100,100
35273803344893,09:47:53.803,103.0800,95
35273803350208,09:47:53.803,103.0800,4
35273848318865,09:47:53.848,103.1500,7
35274860460718,09:47:54.860,103.0800,1
35274860460718,09:47:54.860,103.0700,99
35274978210538,09:47:54.978,103.0400,100
35281887446457,09:48:01.887,103.0600,100
35281887971076,09:48:01.887,103.0700,61
35281888010042,09:48:01.888,103.0700,39
35281888010042,09:48:01.888,103.0700,11
35281888021647,09:48:01.888,103.0700,50
35281888032454,09:48:01.888,103.0700,39
35281888032454,09:48:01.888,103.0700,8
35281888059146,09:48:01.888,103.0700,50
35281888060816,09:48:01.888,103.0700,42
35281888069995,09:48:01.888,103.0600,100
35287119105423,09:48:07.119,103.0600,100
35287459648130,09:48:07.459,102.9800,69
35287461373884,09:48:07.461,102.9700,62
35287461378221,09:48:07.461,102.9700,7
35287461670237,09:48:07.461,102.9200,200
35287461783580,09:48:07.461,102.9100,4
35287462105466,09:48:07.462,102.8700,100
35287862116169,09:48:07.862,102.8600,100
35288406189954,09:48:08.406,102.8600,100
35294911120605,09:48:14.911,102.8600,100
35300601400352,09:48:20.601,102.8600,100
35302147852385,09:48:22.147,102.8100,100
35302153145494,09:48:22.153,102.8100,100
35302153145494,09:48:22.153,102.8000,1
35302153170675,09:48:22.153,102.8000,99
35302153170675,09:48:22.153,102.8000,1
35302153207138,09:48:22.153,102.8000,100
35302153222848,09:48:22.153,102.7900,100
35302813253996,09:48:22.813,102.8700,100
35304762773972,09:48:24.762,102.8400,10
35304762867656,09:48:24.762,102.8400,120
35304763427386,09:48:24.763,102.8400,15
35308539193400,09:48:28.539,102.8800,31
35308539195878,09:48:28.539,102.8800,50
35308539217417,09:48:28.539,102.8800,19
35308539230301,09:48:28.539,102.8900,19
35308539232647,09:48:28.539,102.8900,50
35308539264246,09:48:28.539,102.8900,31
35308539264246,09:48:28.539,102.8900,31
35308539288933,09:48:28.539,102.8900,50
35308539302547,09:48:28.539,102.8900,19
35308539305460,09:48:28.539,102.8800,100
35308539642588,09:48:28.539,102.9200,100
35308539642588,09:48:28.539,102.9000,100
35308539642588,09:48:28.539,102.8700,15
35308539670457,09:48:28.539,102.8700,200
35310178050330,09:48:30.178,102.9100,12
35311260060031,09:48:31.260,102.8300,27
35317552013977,09:48:37.552,102.8500,60
35318557168631,09:48:38.557,102.8700,100
35318557168631,09:48:38.557,102.8700,68
35319965354849,09:48:39.965,102.8100,100
35321399773069,09:48:41.399,102.8100,200
35321399773069,09:48:41.399,102.7400,100
35324296599097,09:48:44.296,102.8600,100
35324296664942,09:48:44.296,102.8700,32
35324296664942,09:48:44.296,102.8700,100
35324296673292,09:48:44.296,102.8600,28
35324296698552,09:48:44.296,102.8600,72
35324350491976,09:48:44.350,102.8800,50
35326345634671,09:48:46.345,102.8800,25
35328385171653,09:48:48.385,102.8800,25
35330641434754,09:48:50.641,102.7700,60
35330641439768,09:48:50.641,102.7700,40
35330641439768,09:48:50.641,102.7400,100
35330641439768,09:48:50.641,102.7100,60
35330641439768,09:48:50.641,102.7100,56
35330641449798,09:48:50.641,102.7100,15
35330641450363,09:48:50.641,102.7100,29
35330641450363,09:48:50.641,102.7000,15
35330641451159,09:48:50.641,102.7000,29
35330641736174,09:48:50.641,102.7000,29
35330641995863,09:48:50.641,102.7000,227
35330641997653,09:48:50.641,102.7100,100
35330642577762,09:48:50.642,102.7100,100
35330642631328,09:48:50.642,102.7000,28
35330643603207,09:48:50.643,102.7100,172
35330643603207,09:48:50.643,102.7100,84
35330647962402,09:48:50.647,102.7200,100
35330647962402,09:48:50.647,102.7100,16
35330648664606,09:48:50.648,102.7000,100
35330648797342,09:48:50.648,102.7300,100
35330649601556,09:48:50.649,102.7300,100
35330649601556,09:48:50.649,102.7300,100
35330649816607,09:48:50.649,102.7100,100
35332006612104,09:48:52.006,102.7800,100
35332174018024,09:48:52.174,102.7400,300
35332393109506,09:48:52.393,102.8300,19
35332448268468,09:48:52.448,102.8300,20
35333104209884,09:48:53.104,102.8300,100
35333104859539,09:48:53.104,102.8400,100
35335794573054,09:48:55.794,102.8800,100
35335794573054,09:48:55.794,102.8800,48
35335794581034,09:48:55.794,102.8800,52
35335794581034,09:48:55.794,102.8800,23
35335794585675,09:48:55.794,102.8800,73
35335794588093,09:48:55.794,102.8800,4
35335794588093,09:48:55.794,102.8800,100
35335794588093,09:48:55.794,102.9000,100
35342564582958,09:49:02.564,102.9800,20
35342564614256,09:49:02.564,102.9800,80
35342564614256,09:49:02.564,102.9800,100
35342564614256,09:49:02.564,102.9800,100
35342564614256,09:49:02.564,102.9800,100
35346589766194,09:49:06.589,102.9900,1
35349579590108,09:49:09.579,102.9900,100
35349579702160,09:49:09.579,103.0000,1898
35349579715772,09:49:09.579,103.0000,100
35349579727050,09:49:09.579,103.0000,398
35349579736676,09:49:09.579,103.0000,200
35349579737237,09:49:09.579,103.0000,208
35349579741391,09:49:09.579,103.0000,100
35349579744996,09:49:09.579,103.0000,100
35349579776423,09:49:09.579,103.0000,193
35349580067453,09:49:09.580,103.0000,265
35349580111870,09:49:09.580,103.0000,58
35349580155726,09:49:09.580,103.0000,50
35349580164353,09:49:09.580,103.0000,1023
35349580281342,09:49:09.580,103.0300,100
35358513841551,09:49:18.513,102.9700,13
35363272091816,09:49:23.272,102.9500,100
35365128905733,09:49:25.128,102.9500,1
35365129039554,09:49:25.129,102.9500,1
35365129301473,09:49:25.129,102.9500,2
35365129840802,09:49:25.129,102.9500,1
35365129899555,09:49:25.129,102.9500,1
35365129948564,09:49:25.129,102.9500,1
35365130000860,09:49:25.130,102.9500,1
35365130068209,09:49:25.130,102.9500,1
35365130131522,09:49:25.130,102.9500,1
35365130182611,09:49:25.130,102.9500,1
35365130240890,09:49:25.130,102.9500,1
35365130313314,09:49:25.130,102.9500,1
35365130371519,09:49:25.130,102.9500,1
35365130464675,09:49:25.130,102.9500,1
35365130548960,09:49:25.130,102.9500,1
35365130602756,09:49:25.130,102.9500,1
35365130677334,09:49:25.130,102.9500,1
35365130797104,09:49:25.130,102.9500,1
35365130906647,09:49:25.130,102.9500,1
35365130969208,09:49:25.130,102.9500,1
35365131120471,09:49:25.131,102.9500,1
35365131251895,09:49:25.131,102.9500,1
35365131400872,09:49:25.131,102.9500,1
35365131546247,09:49:25.131,102.9500,1
35365131622120,09:49:25.131,102.9500,1
35365131672477,09:49:25.131,102.9500,1
35365131776258,09:49:25.131,102.9500,1
35365131907462,09:49:25.131,102.9500,1
35365132023886,09:49:25.132,102.9500,1
35365132101255,09:49:25.132,102.9500,1
35365132223431,09:49:25.132,102.9500,1
35365132384258,09:49:25.132,102.9500,1
35365132483522,09:49:25.132,102.9500,1
35365132532247,09:49:25.132,102.9500,1
35365132808155,09:49:25.132,102.9500,1
35365132869267,09:49:25.132,102.9500,1
35365133029823,09:49:25.133,102.9500,1
35365133083634,09:49:25.133,102.9500,1
35365133201697,09:49:25.133,102.9500,1
35365133265784,09:49:25.133,102.9500,1
35365133347384,09:49:25.133,102.9500,1
35365133398378,09:49:25.133,102.9500,1
35365133485775,09:49:25.133,102.9500,1
35365133656397,09:49:25.133,102.9500,1
35365133908115,09:49:25.133,102.9500,1
35365134001259,09:49:25.134,102.9500,1
35365134124848,09:49:25.134,102.9500,1
35365134232553,09:49:25.134,102.9500,1
35365145188953,09:49:25.145,102.9500,100
35372811263277,09:49:32.811,102.8800,51
35372811263277,09:49:32.811,102.8700,240
35372811289348,09:49:32.811,102.8700,51
35372811561860,09:49:32.811,102.8600,100
35380577644876,09:49:40.577,102.9100,100
35380577644876,09:49:40.577,102.9400,100
35380577644876,09:49:40.577,102.9600,100
35380577644876,09:49:40.577,102.9700,100
35380577644876,09:49:40.577,102.9700,100
35380577644876,09:49:40.577,102.9800,100
35380577723031,09:49:40.577,102.9700,100
35383522264865,09:49:43.522,102.9200,100
35383522264865,09:49:43.522,102.8900,100
35383522264865,09:49:43.522,102.8600,200
35383522264865,09:49:43.522,102.8000,100
35383522264865,09:49:43.522,102.8000,100
35383522264865,09:49:43.522,102.8000,100
35383522317353,09:49:43.522,102.8000,200
35383522355474,09:49:43.522,102.8000,100
35383522396339,09:49:43.522,102.8000,171
35383522650173,09:49:43.522,102.8000,200
35383522712052,09:49:43.522,102.8000,74
35383522714990,09:49:43.522,102.8000,58
35383522717436,09:49:43.522,102.8000,61
35383966465868,09:49:43.966,102.7900,100
35383966661126,09:49:43.966,102.7900,24
35383966681233,09:49:43.966,102.7900,76
35384421896904,09:49:44.421,102.7200,100
35384421900893,09:49:44.421,102.7100,100
35384422236036,09:49:44.422,102.6900,100
35384706562266,09:49:44.706,102.7700,90
35386482647743,09:49:46.482,102.7300,10
35386984118737,09:49:46.984,102.7300,2
35387037370558,09:49:47.037,102.7300,1
35413701927028,09:50:13.701,102.6000,100
35413701958301,09:50:13.701,102.6000,2354
35413701966609,09:50:13.701,102.6000,50
35413701968036,09:50:13.701,102.6000,100
35413701975096,09:50:13.701,102.6000,100
35413701983686,09:50:13.701,102.6000,183
35413701998597,09:50:13.701,102.6000,50
35413702000172,09:50:13.702,102.6000,100
35413702010175,09:50:13.702,102.6000,100
35413702059068,09:50:13.702,102.6000,44
35414272845505,09:50:14.272,102.7400,100
35414272845505,09:50:14.272,102.7400,100
35414272928393,09:50:14.272,102.7400,100
35423377801791,09:50:23.377,102.6600,1
35423689880996,09:50:23.689,102.6600,1
35427836332890,09:50:27.836,102.7000,3
35428447718623,09:50:28.447,102.6300,100
35430287479311,09:50:30.287,102.5700,100
35430651682377,09:50:30.651,102.5700,100
35430695952500,09:50:30.695,102.5600,100
35430696289759,09:50:30.696,102.5600,100
35431858215942,09:50:31.858,102.6200,51
35446680170959,09:50:46.680,102.4800,100
35447057394948,09:50:47.057,102.4800,100
35447057394948,09:50:47.057,102.4700,100
35447057394948,09:50:47.057,102.4600,100
35447057394948,09:50:47.057,102.4600,100
35447057394948,09:50:47.057,102.4600,100
35447058588275,09:50:47.058,102.3800,100
35447058588275,09:50:47.058,102.3800,100
35447058588275,09:50:47.058,102.3800,33
35447059565434,09:50:47.059,102.4500,1
35450273420679,09:50:50.273,102.5100,100
35450273420679,09:50:50.273,102.5100,111
35450273420679,09:50:50.273,102.5100,100
35450273501351,09:50:50.273,102.5100,24
35450273520048,09:50:50.273,102.5100,76
35450273933233,09:50:50.273,102.5200,100
35450274092855,09:50:50.274,102.5100,99
35450406628889,09:50:50.406,102.5000,6
35463013613151,09:51:03.013,102.5000,5
35464275855850,09:51:04.275,102.5000,24
35465703979574,09:51:05.703,102.5000,10
35465804338469,09:51:05.804,102.5000,5
35467734564961,09:51:07.734,102.5000,1
35469893030204,09:51:09.893,102.3900,100
35469893030204,09:51:09.893,102.3900,100
35469893030204,09:51:09.893,102.3800,40
35469893030204,09:51:09.893,102.3800,100
35469893030204,09:51:09.893,102.3800,100
35469893030204,09:51:09.893,102.3800,50
35469893030204,09:51:09.893,102.3700,10
35471512852635,09:51:11.512,102.3300,100
35471515573950,09:51:11.515,102.3300,100
35471672993252,09:51:11.672,102.4100,90
35473703523000,09:51:13.703,102.4300,98
35473703568976,09:51:13.703,102.4300,2
35473703856835,09:51:13.703,102.4400,100
35500518215114,09:51:40.518,102.3200,144
35500518240622,09:51:40.518,102.3200,56
35500518240622,09:51:40.518,102.3200,53
35500518240622,09:51:40.518,102.3200,16
35500518243903,09:51:40.518,102.3200,30
35500518243903,09:51:40.518,102.3200,10
35500520285818,09:51:40.520,102.2800,1
35502982699661,09:51:42.982,102.2300,100
35515016337272,09:51:55.016,102.2400,10
35515016980668,09:51:55.016,102.2300,56
35516203668113,09:51:56.203,102.2700,14
35519015057759,09:51:59.015,102.1500,14
35519015546325,09:51:59.015,102.1500,7
35519015570602,09:51:59.015,102.1500,8
35519024591969,09:51:59.024,102.1400,100
35530379908818,09:52:10.379,102.1100,20
35530443937042,09:52:10.443,102.1100,50
35530497027167,09:52:10.497,102.1100,30
35530497027167,09:52:10.497,102.0300,20
35536505175840,09:52:16.505,102.0200,30
35536505175840,09:52:16.505,102.0200,20
35536505202523,09:52:16.505,102.0200,80
35536505222176,09:52:16.505,102.0100,2
35536505795538,09:52:16.505,102.0000,2
35536506443904,09:52:16.506,101.9500,48
35540604908007,09:52:20.604,101.9500,52
35540606680370,09:52:20.606,101.9300,50
35541077378318,09:52:21.077,101.9950,100
35541077378318,09:52:21.077,102.0700,100
35541077378318,09:52:21.077,102.0700,100
35541767399812,09:52:21.767,101.9700,50
35542322658070,09:52:22.322,102.0700,100
35542322658070,09:52:22.322,102.0900,100
35543628043093,09:52:23.628,102.0800,21
35543630406555,09:52:23.630,102.0800,79
35543690041440,09:52:23.690,102.0800,13
35545651690400,09:52:25.651,102.0800,87
35549660708169,09:52:29.660,102.1100,100
35549660708169,09:52:29.660,102.1100,100
35552709419578,09:52:32.709,102.1100,127
35552709419578,09:52:32.709,102.1100,73
35555417207760,09:52:35.417,102.1100,27
35555417207760,09:52:35.417,102.1100,100
35555419143046,09:52:35.419,102.1500,100
35555419891445,09:52:35.419,102.1700,28
35555419903006,09:52:35.419,102.1700,50
35555419918715,09:52:35.419,102.1700,122
35555419918715,09:52:35.419,102.1700,100
35555420197274,09:52:35.420,102.1400,100
35569353258885,09:52:49.353,102.0000,100
35569353285481,09:52:49.353,102.0000,100
35569353285481,09:52:49.353,101.9600,100
35569353285481,09:52:49.353,101.9600,100
35569353285481,09:52:49.353,101.9500,90
35569353285481,09:52:49.353,101.9400,100
35569353285481,09:52:49.353,101.9400,10
35569357303356,09:52:49.357,101.9700,100
35569357906321,09:52:49.357,101.9400,100
35569358797575,09:52:49.358,101.9600,60
35569361193182,09:52:49.361,102.0900,100
35569361193182,09:52:49.361,102.1000,100
35569361329267,09:52:49.361,102.1000,100
35571443765892,09:52:51.443,102.0800,11
35582297729174,09:53:02.297,102.1600,1
35582356023370,09:53:02.356,102.0800,100
35582356042357,09:53:02.356,102.0800,100
35582356058498,09:53:02.356,102.0800,100
35582356064363,09:53:02.356,102.0800,100
35582356104365,09:53:02.356,102.0800,39
35582356107389,09:53:02.356,102.0800,61
35582356107389,09:53:02.356,102.0800,39
35582356504468,09:53:02.356,102.0800,100
35582356506234,09:53:02.356,102.0800,61
35582356506234,09:53:02.356,102.0800,39
35582356511453,09:53:02.356,102.0800,41
35582356654942,09:53:02.356,102.0800,20
35582356654942,09:53:02.356,102.0700,80
35582356694851,09:53:02.356,102.0700,20
35582357056054,09:53:02.357,102.0700,100
35583141969291,09:53:03.141,102.1700,100
35583141969291,09:53:03.141,102.1900,100
35605911287690,09:53:25.911,102.0700,9
35605911831366,09:53:25.911,102.0700,24
35605912355674,09:53:25.912,102.0700,24
35605913288579,09:53:25.913,102.0700,24
35605913820039,09:53:25.913,102.0700,15
35605914343912,09:53:25.914,102.0700,13
35605917732541,09:53:25.917,102.1100,100
35606034167476,09:53:26.034,102.1200,100
35606034167476,09:53:26.034,102.1200,147
35606034170026,09:53:26.034,102.1200,53
35606034353906,09:53:26.034,102.1200,100
35606034353906,09:53:26.034,102.1200,400
35606034798487,09:53:26.034,102.1500,5
35606461570736,09:53:26.461,102.1500,95
35606461570736,09:53:26.461,102.1500,5
35607184178949,09:53:27.184,102.1500,3
35609193220257,09:53:29.193,102.1500,1
35611185462141,09:53:31.185,102.1500,5
35611238081392,09:53:31.238,102.1500,1
35619329499192,09:53:39.329,102.1500,85
35619329499192,09:53:39.329,102.1500,100
35619329499192,09:53:39.329,102.1500,100
35619329499192,09:53:39.329,102.1500,400
35619329499192,09:53:39.329,102.1500,100
35645028794185,09:54:05.028,102.3400,96
35645028810710,09:54:05.028,102.3400,4
35645028810710,09:54:05.028,102.3400,96
35645028818742,09:54:05.028,102.3400,4
35645028818742,09:54:05.028,102.3400,100
35645028821675,09:54:05.028,102.3400,200
35645028823617,09:54:05.028,102.3400,104
35645028835657,09:54:05.028,102.3400,104
35645028844140,09:54:05.028,102.3400,4
35645028852320,09:54:05.028,102.3400,4
35645028857564,09:54:05.028,102.3400,90
35645028885071,09:54:05.028,102.3400,6
35645028885071,09:54:05.028,102.3400,94
35645028911001,09:54:05.028,102.3400,92
35645028912809,09:54:05.028,102.3400,8
35645028912809,09:54:05.028,102.3400,92
35645028919551,09:54:05.028,102.3400,6
35645028920969,09:54:05.028,102.3400,6
35645028925901,09:54:05.028,102.3400,100
35645028929950,09:54:05.028,102.3400,190
35645028940516,09:54:05.028,102.3600,200
35645028940516,09:54:05.028,102.3600,100
35645029178902,09:54:05.029,102.3600,1
35645029204131,09:54:05.029,102.3600,99
35645029366577,09:54:05.029,102.3400,10
35645029366577,09:54:05.029,102.3300,90
35645033899404,09:54:05.033,102.3600,10
35645507363619,09:54:05.507,102.4500,12
35647402423394,09:54:07.402,102.4500,88
35682182585980,09:54:42.182,102.6100,100
35682182585980,09:54:42.182,102.6100,100
35682182585980,09:54:42.182,102.6300,100
35682182585980,09:54:42.182,102.6300,100
35682182585980,09:54:42.182,102.6400,100
35682182585980,09:54:42.182,102.6500,100
35682183570174,09:54:42.183,102.7200,50
35682834453803,09:54:42.834,102.7500,100
35682834548968,09:54:42.834,102.7500,100
35682834584598,09:54:42.834,102.7700,100
35682834584598,09:54:42.834,102.7500,100
35684731727380,09:54:44.731,102.7700,14
35685881723813,09:54:45.881,102.9000,94
35687288827740,09:54:47.288,102.8900,100
35687893995076,09:54:47.893,102.8300,2
35687894015128,09:54:47.894,102.8700,100
35687894015128,09:54:47.894,102.8300,36
35687894016910,09:54:47.894,102.8300,62
35687894029569,09:54:47.894,102.8000,1
35687894029569,09:54:47.894,102.7800,1
35687894089055,09:54:47.894,102.8000,100
35687894107217,09:54:47.894,102.7800,132
35692001824904,09:54:52.001,102.8700,100
35697751570275,09:54:57.751,102.9300,100
35697751570275,09:54:57.751,102.9600,100
35697751595997,09:54:57.751,102.9600,100
35697751661349,09:54:57.751,102.9900,150
35697751689425,09:54:57.751,102.9900,50
35697753686808,09:54:57.753,103.0400,100
35697753686808,09:54:57.753,103.0500,100
35697753712987,09:54:57.753,103.0500,100
35697753752426,09:54:57.753,103.0600,50
35697753758072,09:54:57.753,103.0600,50
35697753776174,09:54:57.753,103.0600,100
35712391215122,09:55:12.391,102.9900,100
35712391604818,09:55:12.391,102.9900,100
35712391605388,09:55:12.391,102.9900,100
35713583495320,09:55:13.583,103.0500,100
35714383631748,09:55:14.383,103.0700,100
35714383706131,09:55:14.383,103.0800,100
35715814947144,09:55:15.814,103.1700,100
35724025678013,09:55:24.025,103.1000,100
35724652840540,09:55:24.652,103.1400,100
35730414725899,09:55:30.414,103.0000,1
35730414725899,09:55:30.414,102.9800,49
35730414824048,09:55:30.414,102.9800,51
35741128700954,09:55:41.128,103.1300,100
35741128700954,09:55:41.128,103.1400,100
35747291433063,09:55:47.291,103.0450,100
35767780364347,09:56:07.780,103.1400,25
35773296945742,09:56:13.296,103.0000,100
35773296945742,09:56:13.296,102.9400,56
35773296971185,09:56:13.296,102.9600,100
35773296982295,09:56:13.296,102.9400,44
35773296982295,09:56:13.296,102.9400,56
35773297315385,09:56:13.297,102.9400,100
35773297958239,09:56:13.297,102.9100,100
35773297991591,09:56:13.297,102.9100,50
35773298029192,09:56:13.298,102.9100,42
35775852598211,09:56:15.852,103.0000,100
35781893131378,09:56:21.893,102.8700,1
35781924215649,09:56:21.924,102.9050,100
35787026294868,09:56:27.026,103.0100,99
35787026324547,09:56:27.026,103.0100,1
35787026324547,09:56:27.026,103.0100,200
35787026324547,09:56:27.026,103.0100,151
35787026399258,09:56:27.026,103.0100,100
35787027284632,09:56:27.027,103.0600,100
35787114255450,09:56:27.114,103.0100,100
35792141992346,09:56:32.141,103.0000,1
35792142029792,09:56:32.142,103.0350,100
35793028748303,09:56:33.028,103.0500,100
35793426858571,09:56:33.426,103.0500,25
35793426888990,09:56:33.426,103.0500,75
35797465436269,09:56:37.465,103.1100,100
35797465436269,09:56:37.465,103.1200,100
35797465504990,09:56:37.465,103.1200,100
35797466034385,09:56:37.466,103.1500,100
35797466034385,09:56:37.466,103.1500,100
35797466589370,09:56:37.466,103.1700,50
35797467216828,09:56:37.467,103.2000,100
35823966366198,09:57:03.966,103.1100,100
35823966526112,09:57:03.966,103.1200,100
35823966558905,09:57:03.966,103.1200,48
35823966562485,09:57:03.966,103.1200,52
35823966611576,09:57:03.966,103.1500,32
35823966619411,09:57:03.966,103.1500,9
35823966642795,09:57:03.966,103.1500,48
35823966694671,09:57:03.966,103.1500,11
35823966707223,09:57:03.966,103.1600,39
35823967143707,09:57:03.967,103.1600,61
35825133655823,09:57:05.133,103.2600,100
35837003117577,09:57:17.003,103.2600,100
35837003248311,09:57:17.003,103.2100,10
35837003695832,09:57:17.003,103.2600,200
35837003735519,09:57:17.003,103.2900,22
35837003744753,09:57:17.003,103.2900,28
35850706011837,09:57:30.706,103.2300,9
35850706041442,09:57:30.706,103.2400,100
35859210199395,09:57:39.210,103.2400,100
35868488958596,09:57:48.488,103.2300,100
35872665407251,09:57:52.665,103.2400,100
35872722634324,09:57:52.722,103.2500,38
35874963238073,09:57:54.963,103.2500,1
35875076731611,09:57:55.076,103.2500,61
35875076731611,09:57:55.076,103.2500,100
35875076731611,09:57:55.076,103.2500,100
35875078096030,09:57:55.078,103.3000,100
35875078741412,09:57:55.078,103.3700,100
35875078741412,09:57:55.078,103.3700,100
35875078788752,09:57:55.078,103.3800,43
35875079286866,09:57:55.079,103.3800,39
35877117123321,09:57:57.117,103.3800,18
35877117123321,09:57:57.117,103.5000,1
35877117123321,09:57:57.117,103.5000,100
35877117123321,09:57:57.117,103.5400,50
35877117123321,09:57:57.117,103.5400,31
35881185844710,09:58:01.185,103.4100,10
35881873735652,09:58:01.873,103.5600,5
35885916863115,09:58:05.916,103.5900,100
35887017659515,09:58:07.017,103.4600,30
35887897277352,09:58:07.897,103.3300,1
35888011309827,09:58:08.011,103.3900,100
35888106809321,09:58:08.106,103.3900,100
35888671397504,09:58:08.671,103.4000,100
35888695130473,09:58:08.695,103.4000,138
35888701447523,09:58:08.701,103.4600,100
35888701447523,09:58:08.701,103.4700,10
35895521958805,09:58:15.521,103.4000,100
35895521958805,09:58:15.521,103.3800,1
35909480423561,09:58:29.480,103.3500,1
35909480492349,09:58:29.480,103.3500,82
35909480530833,09:58:29.480,103.3500,18
35914898607405,09:58:34.898,103.4000,100
35914898704278,09:58:34.898,103.4000,98
35914898716723,09:58:34.898,103.4000,2
35922383916182,09:58:42.383,103.3800,10
35922434874692,09:58:42.434,103.3200,100
35922435225559,09:58:42.435,103.3100,300
35922435225559,09:58:42.435,103.3100,100
35922435225559,09:58:42.435,103.3100,100
35922435437017,09:58:42.435,103.3100,28
35922435554596,09:58:42.435,103.3100,39
35922435569130,09:58:42.435,103.3100,50
35922435580229,09:58:42.435,103.3100,11
35922435826303,09:58:42.435,103.3100,1
35923299950326,09:58:43.299,103.2400,100
35925024128815,09:58:45.024,103.2300,100
35927380806082,09:58:47.380,103.3300,100
35927380806082,09:58:47.380,103.3400,100
35927380806082,09:58:47.380,103.3400,100
35927380844512,09:58:47.380,103.3400,100
35927380949762,09:58:47.380,103.4000,124
35927473939029,09:58:47.473,103.3800,100
35939483196619,09:58:59.483,103.5100,33
35939659095982,09:58:59.659,103.5100,15
35939659158734,09:58:59.659,103.5100,4
35939659162645,09:58:59.659,103.5100,17
35939659316705,09:58:59.659,103.5100,79
35939659638726,09:58:59.659,103.5200,100
35939659686100,09:58:59.659,103.5500,100
35939659720272,09:58:59.659,103.5600,100
35939660270573,09:58:59.660,103.5600,100
35939660305825,09:58:59.660,103.5600,40
35939660308613,09:58:59.660,103.5600,60
35940937731001,09:59:00.937,103.5200,10
35940937731001,09:59:00.937,103.5200,15
35940937731001,09:59:00.937,103.5200,10
35940937907675,09:59:00.937,103.4900,16
35940937933969,09:59:00.937,103.4900,84
35940937969703,09:59:00.937,103.5000,100
35944257782814,09:59:04.257,103.3900,1
35944257782814,09:59:04.257,103.3800,99
35944257839991,09:59:04.257,103.4300,200
35944257839991,09:59:04.257,103.3800,1
35944257866838,09:59:04.257,103.3900,100
35944257866838,09:59:04.257,103.3800,100
35944257870501,09:59:04.257,103.3800,100
35944705160452,09:59:04.705,103.4200,12
35945726775007,09:59:05.726,103.4600,49
35964301251657,09:59:24.301,103.4000,100
35971486032296,09:59:31.486,103.4100,12
35972735822264,09:59:32.735,103.4500,1
35972735962128,09:59:32.735,103.4500,100
35972736205069,09:59:32.736,103.5000,100
35972736366738,09:59:32.736,103.5000,100
35972736366738,09:59:32.736,103.5000,100
35972736366738,09:59:32.736,103.5000,100
35972736483729,09:59:32.736,103.4900,3
35972736638416,09:59:32.736,103.4700,100
35972737175176,09:59:32.737,103.4900,10
35972737175176,09:59:32.737,103.4900,97
35972906120825,09:59:32.906,103.6000,38
35980883496308,09:59:40.883,103.4700,10
35980883496308,09:59:40.883,103.4700,10
35980883496308,09:59:40.883,103.4700,10
35980883496308,09:59:40.883,103.4700,10
36009907305281,10:00:09.907,103.5200,100
36010888116704,10:00:10.888,103.5000,35
36010888118461,10:00:10.888,103.5000,60
36010888142302,10:00:10.888,103.5000,5
36011125906230,10:00:11.125,103.5000,5
36011207003912,10:00:11.207,103.5000,23
36012910848818,10:00:12.910,103.5000,72
36012910848818,10:00:12.910,103.5000,223
36012910848818,10:00:12.910,103.5000,100
36012910848818,10:00:12.910,103.5000,5
36012910890049,10:00:12.910,103.5000,31
36012910890049,10:00:12.910,103.5000,13
36013064308851,10:00:13.064,103.6000,100
36013064365782,10:00:13.064,103.6000,72
36013064492149,10:00:13.064,103.6000,28
36013064929997,10:00:13.064,103.6100,91
36013064939075,10:00:13.064,103.6100,50
36020729083929,10:00:20.729,103.6800,62
36020729083929,10:00:20.729,103.6800,38
36026787727634,10:00:26.787,103.5600,100
36026787787637,10:00:26.787,103.5500,5
36026787821532,10:00:26.787,103.5500,5
36026787824947,10:00:26.787,103.5500,50
36026787827508,10:00:26.787,103.5500,40
36026788315027,10:00:26.788,103.5500,40
36026788318719,10:00:26.788,103.5500,60
36026788807305,10:00:26.788,103.5200,9
36026788881442,10:00:26.788,103.5200,91
36026788881442,10:00:26.788,103.5200,15
36026788911833,10:00:26.788,103.5100,100
36026788911833,10:00:26.788,103.5100,100
36026788911833,10:00:26.788,103.5100,100
36026788961421,10:00:26.788,103.4900,54
36026788991527,10:00:26.788,103.4900,6
36026789382968,10:00:26.789,103.4900,6
36026789396136,10:00:26.789,103.4900,34
36028401048902,10:00:28.401,103.5900,21
36030433145209,10:00:30.433,103.6300,5
36030488873131,10:00:30.488,103.6300,1
36031835507340,10:00:31.835,103.5600,24
36032446283445,10:00:32.446,103.5600,5
36032502016750,10:00:32.502,103.5600,10
36032917569576,10:00:32.917,103.5600,61
36032917630455,10:00:32.917,103.5600,37
36032917643455,10:00:32.917,103.5600,63
36032917646098,10:00:32.917,103.5700,3
36032917646098,10:00:32.917,103.5700,100
36033121969253,10:00:33.121,103.6300,100
36036549415764,10:00:36.549,103.6300,1
36039419586503,10:00:39.419,103.6300,11
36039474700788,10:00:39.474,103.6300,2
36047075296657,10:00:47.075,103.5100,36
36047075309234,10:00:47.075,103.5100,50
36047075321784,10:00:47.075,103.5100,14
36047075333093,10:00:47.075,103.5700,100
36047075786914,10:00:47.075,103.5000,58
36047075798815,10:00:47.075,103.5000,10
36047075815425,10:00:47.075,103.5000,32
36047076266081,10:00:47.076,103.4900,70
36047076691503,10:00:47.076,103.4900,30
36047079620284,10:00:47.079,103.4900,100
36047585335723,10:00:47.585,103.5500,100
36047585404714,10:00:47.585,103.5500,100
36049681152510,10:00:49.681,103.6000,100
36049681170087,10:00:49.681,103.6000,3
36049681175528,10:00:49.681,103.6000,50
36049681182274,10:00:49.681,103.6300,86
36049681182274,10:00:49.681,103.6300,100
36049681182274,10:00:49.681,103.6300,100
36049681196425,10:00:49.681,103.6000,47
36049681304507,10:00:49.681,103.6000,10
36049681568608,10:00:49.681,103.6000,10
36049698636482,10:00:49.698,103.6000,6
36050178411432,10:00:50.178,103.6000,100
36050537055077,10:00:50.537,103.6200,99
36053471711311,10:00:53.471,103.6000,50
36053471725378,10:00:53.471,103.6000,50
36053962747148,10:00:53.962,103.6000,100
36055916110694,10:00:55.916,103.5900,100
36055916110694,10:00:55.916,103.6000,100
36055916110694,10:00:55.916,103.6000,82
36055916110694,10:00:55.916,103.6000,100
36055916790608,10:00:55.916,103.6100,200
36055917352423,10:00:55.917,103.6200,100
36055917949805,10:00:55.917,103.6300,18
36057598712571,10:00:57.598,103.6300,82
36060023345771,10:01:00.023,103.6100,100
36062840332850,10:01:02.840,103.5900,100
36065121916060,10:01:05.121,103.5600,100
36067991064002,10:01:07.991,103.6200,100
36067993831123,10:01:07.993,103.6500,100
36067993832377,10:01:07.993,103.6500,100
36070903615846,10:01:10.903,103.6100,100
36070942517993,10:01:10.942,103.5800,100
36071823250206,10:01:11.823,103.5700,100
36071823327577,10:01:11.823,103.5500,50
36071823338828,10:01:11.823,103.5500,50
36072143473964,10:01:12.143,103.6100,100
36077257149134,10:01:17.257,103.6800,81
36077257578481,10:01:17.257,103.7000,49
36077257623587,10:01:17.257,103.7000,51
36077257623587,10:01:17.257,103.7000,100
36077257635446,10:01:17.257,103.7100,100
36077258170058,10:01:17.258,103.6800,100
36077643936837,10:01:17.643,103.6800,100
36083624785249,10:01:23.624,103.5900,100
36083624785249,10:01:23.624,103.5900,100
36083624821429,10:01:23.624,103.5900,100
36083624890945,10:01:23.624,103.5900,100
36083625485625,10:01:23.625,103.5800,2
36083626161219,10:01:23.626,103.5600,29
36083626185450,10:01:23.626,103.5600,71
36084691931050,10:01:24.691,103.5400,1
36084691955126,10:01:24.691,103.5400,99
36084692795385,10:01:24.692,103.5100,100
36084693113682,10:01:24.693,103.5100,100
36085769626486,10:01:25.769,103.5400,84
36085770108152,10:01:25.770,103.5400,100
36086008180099,10:01:26.008,103.5700,100
36087018164008,10:01:27.018,103.5900,25
36089022630923,10:01:29.022,103.5900,7
36090021048685,10:01:30.021,103.5100,60
36090021048685,10:01:30.021,103.4700,100
36090021048685,10:01:30.021,103.4700,40
36090021075262,10:01:30.021,103.4700,60
36090022870160,10:01:30.022,103.4500,100
36094905913197,10:01:34.905,103.4600,100
36094906355720,10:01:34.906,103.4600,72
36095777127867,10:01:35.777,103.5300,100
36095777553383,10:01:35.777,103.5750,68
36095777555414,10:01:35.777,103.5750,32
36095777555414,10:01:35.777,103.5750,68
36095777590968,10:01:35.777,103.5300,100
36095777708687,10:01:35.777,103.5700,100
36097050386049,10:01:37.050,103.5700,32
36097050386049,10:01:37.050,103.5900,36
36097107257733,10:01:37.107,103.5900,32
36097144074503,10:01:37.144,103.6500,100
36106158770332,10:01:46.158,103.6700,100
36116912051763,10:01:56.912,103.5600,100
36121138495990,10:02:01.138,103.5700,75
36121138535387,10:02:01.138,103.5800,49
36121138535387,10:02:01.138,103.6100,14
36121138535387,10:02:01.138,103.6200,37
36121310622611,10:02:01.310,103.6200,75
36122209180191,10:02:02.209,103.6100,25
36122296369355,10:02:02.296,103.6300,24
36122333298624,10:02:02.333,103.5700,50
36122333625377,10:02:02.333,103.5700,25
36122333857235,10:02:02.333,103.5500,25
36125106421893,10:02:05.106,103.6100,100
36125106421893,10:02:05.106,103.6300,76
36125106421893,10:02:05.106,103.6300,100
36125107070512,10:02:05.107,103.6400,100
36133464109593,10:02:13.464,103.5700,100
36133524563441,10:02:13.524,103.5600,100
36139916996077,10:02:19.916,103.5200,19
36139916996077,10:02:19.916,103.5200,81
36139917021180,10:02:19.917,103.5200,19
36139917089430,10:02:19.917,103.5200,100
36140350397519,10:02:20.350,103.6400,13
36141527932808,10:02:21.527,103.6400,2
36141585478808,10:02:21.585,103.6400,3
36143540569229,10:02:23.540,103.6400,1
36145025169524,10:02:25.025,103.5200,100
36150911666468,10:02:30.911,103.5300,100
36150913716216,10:02:30.913,103.5700,25
36166688474548,10:02:46.688,103.4700,100
36166688474548,10:02:46.688,103.4600,100
36166706349405,10:02:46.706,103.4500,28
36167911454328,10:02:47.911,103.4700,200
36167911498759,10:02:47.911,103.4300,200
36167912365673,10:02:47.912,103.4300,200
36167943942654,10:02:47.943,103.4300,200
36168213327391,10:02:48.213,103.4300,200
36168621872578,10:02:48.621,103.4300,100
36168622004591,10:02:48.622,103.4500,10
36168633025938,10:02:48.633,103.4700,25
36168687115413,10:02:48.687,103.4700,75
36169539569096,10:02:49.539,103.4700,10
36174567547189,10:02:54.567,103.4800,15
36174567575063,10:02:54.567,103.4800,76
36180183939620,10:03:00.183,103.4500,100
36183013658059,10:03:03.013,103.4100,100
36187274234411,10:03:07.274,103.4000,2
36187274258813,10:03:07.274,103.4000,98
36187274258813,10:03:07.274,103.4000,100
36187274259700,10:03:07.274,103.4000,198
36187274357179,10:03:07.274,103.4000,102
36188097765424,10:03:08.097,103.3900,100
36192716304211,10:03:12.716,103.4500,39
36193117130843,10:03:13.117,103.3700,100
36193117155261,10:03:13.117,103.3700,200
36193117157888,10:03:13.117,103.3700,100
36195034905745,10:03:15.034,103.3400,7
36195034962060,10:03:15.034,103.2800,100
36195034962060,10:03:15.034,103.2800,100
36195035300342,10:03:15.035,103.3300,100
36195035300342,10:03:15.035,103.3300,31
36196072748131,10:03:16.072,103.3200,17
36196130158018,10:03:16.130,103.3200,8
36196483759335,10:03:16.483,103.2600,73
36196483783800,10:03:16.483,103.2600,27
36196483818838,10:03:16.483,103.2500,34
36196483843720,10:03:16.483,103.2500,27
36196484324217,10:03:16.484,103.2500,39
36197045503623,10:03:17.045,103.2200,100
36198137308702,10:03:18.137,103.3000,1
36200038872769,10:03:20.038,103.2000,100
36200039364644,10:03:20.039,103.2000,1
36200039390517,10:03:20.039,103.2000,99
36202080461329,10:03:22.080,103.1900,100
36204082637473,10:03:24.082,103.2200,100
36207961450643,10:03:27.961,103.2000,100
36209130674157,10:03:29.130,103.2500,1
36209144552795,10:03:29.144,103.2500,86
36209253553827,10:03:29.253,103.2500,13
36209975849764,10:03:29.975,103.2600,100
36209975849764,10:03:29.975,103.2600,100
36209976155413,10:03:29.976,103.2250,100
36218089618498,10:03:38.089,103.1700,100
36218090109223,10:03:38.090,103.1600,1
36218090134617,10:03:38.090,103.1600,31
36218090134617,10:03:38.090,103.1600,100
36218090165797,10:03:38.090,103.1500,100
36219164018695,10:03:39.164,103.2200,10
36219218966009,10:03:39.218,103.2300,2
36227291628939,10:03:47.291,103.2000,7
36229257287376,10:03:49.257,103.2000,6
36229311830316,10:03:49.311,103.2000,1
36230616395014,10:03:50.616,103.1200,93
36230616986265,10:03:50.616,103.0900,1
36230617013234,10:03:50.617,103.0900,99
36230617433449,10:03:50.617,103.0800,1
36237372978565,10:03:57.372,103.1900,1
36237402597767,10:03:57.402,103.1300,100
36242618344214,10:04:02.618,103.1900,5
36246668919720,10:04:06.668,103.1400,100
36252665088116,10:04:12.665,103.1500,1
36252720850743,10:04:12.720,103.1500,17
36253628283712,10:04:13.628,103.0900,100
36253628724318,10:04:13.628,103.0900,99
36254969235955,10:04:14.969,103.1400,100
36254969235955,10:04:14.969,103.1400,100
36257168256359,10:04:17.168,103.0900,50
36258837855415,10:04:18.837,103.1150,100
36260315134850,10:04:20.315,103.1150,100
36260757451803,10:04:20.757,103.1400,12
36260814221921,10:04:20.814,103.1400,22
36262433005019,10:04:22.433,103.0900,100
36265351296534,10:04:25.351,103.0900,41
36265351396910,10:04:25.351,103.0900,10
36265351396910,10:04:25.351,103.0800,40
36265351490213,10:04:25.351,103.0800,59
36265359068105,10:04:25.359,103.0300,1
36270844411022,10:04:30.844,103.0700,100
36270844411022,10:04:30.844,103.1100,100
36270844411022,10:04:30.844,103.1100,9
36270898274583,10:04:30.898,103.1100,12
36271362993265,10:04:31.362,103.0500,100
36273014103312,10:04:33.014,103.0500,100
36274012231608,10:04:34.012,103.0400,100
36278021997753,10:04:38.021,103.0200,100
36279312318941,10:04:39.312,103.0200,100
36281140640190,10:04:41.140,102.9800,100
36282582386961,10:04:42.582,103.0000,100
36292880429737,10:04:52.880,102.8200,100
36300656318941,10:05:00.656,102.7900,100
36333136709217,10:05:33.136,102.8450,100
36338322198577,10:05:38.322,102.8800,5
36338379647715,10:05:38.379,102.8800,2
36339415037254,10:05:39.415,102.8800,54
36339415037254,10:05:39.415,102.8800,100
36339415037254,10:05:39.415,102.8800,46
36339415075501,10:05:39.415,102.8800,54
36339415394410,10:05:39.415,102.9000,100
36339415650391,10:05:39.415,102.9200,70
36339415799461,10:05:39.415,102.9200,75
36339415799461,10:05:39.415,102.9200,8
36339415802487,10:05:39.415,102.9200,92
36339421673864,10:05:39.421,102.9700,100
36339422438166,10:05:39.422,103.0000,100
36339422439445,10:05:39.422,103.0000,100
36339422804596,10:05:39.422,103.0300,77
36345719306674,10:05:45.719,102.9400,100
36347917381341,10:05:47.917,102.9700,146
36347917398207,10:05:47.917,102.9700,54
36348919030030,10:05:48.919,102.9700,100
36354373690437,10:05:54.373,103.0300,30
36354373803681,10:05:54.373,103.0300,10
36354374277642,10:05:54.374,103.0300,60
36354374277642,10:05:54.374,103.0300,40
36354374280852,10:05:54.374,103.0300,60
36356572147319,10:05:56.572,103.0500,100
36356572270032,10:05:56.572,103.0500,100
36356573655179,10:05:56.573,103.0400,100
36373084086155,10:06:13.084,103.1100,100
36373084097245,10:06:13.084,103.1100,90
36373084108314,10:06:13.084,103.1100,10
36373084108314,10:06:13.084,103.1300,100
36373084108314,10:06:13.084,103.1300,86
36373084110114,10:06:13.084,103.1300,14
36373084110114,10:06:13.084,103.1300,200
36383968931619,10:06:23.968,103.2800,12
36384335179300,10:06:24.335,103.2800,88
36384335179300,10:06:24.335,103.2900,12
36384345864839,10:06:24.345,103.2900,88
36423766330282,10:07:03.766,103.3400,100
36423766330282,10:07:03.766,103.3400,100
36423766330282,10:07:03.766,103.3400,100
36423766330282,10:07:03.766,103.3400,15
36423766372382,10:07:03.766,103.3400,85
36423766372382,10:07:03.766,103.3500,51
36423766434369,10:07:03.766,103.3500,8
36423766959125,10:07:03.766,103.3500,100
36423766987456,10:07:03.766,103.3500,10
36423766989900,10:07:03.766,103.3500,31
36425344378450,10:07:05.344,103.3200,50
36425437614819,10:07:05.437,103.3100,25
36434224285198,10:07:14.224,103.3300,25
36435379753453,10:07:15.379,103.3300,50
36435383246078,10:07:15.383,103.3200,44
36439422706285,10:07:19.422,103.3000,69
36439423147332,10:07:19.423,103.3000,31
36439423155760,10:07:19.423,103.2900,100
36439423809368,10:07:19.423,103.2700,3
36439423833568,10:07:19.423,103.2700,97
36439426109677,10:07:19.426,103.1900,50
36453564998280,10:07:33.564,103.2500,50
36455019532734,10:07:35.019,103.3000,100
36481049749084,10:08:01.049,103.2700,100
36481050486060,10:08:01.050,103.2000,9
36507159819431,10:08:27.159,103.3100,100
36507159991454,10:08:27.159,103.3100,100
36507159993758,10:08:27.159,103.3100,100
36507159993758,10:08:27.159,103.3100,75
36507159993758,10:08:27.159,103.3100,100
36507159993758,10:08:27.159,103.3100,100
36507159993758,10:08:27.159,103.3100,100
36507160136741,10:08:27.160,103.3400,100
36507160136741,10:08:27.160,103.3400,100
36507267455588,10:08:27.267,103.3650,100
36509151570821,10:08:29.151,103.4050,100
36509188722365,10:08:29.188,103.4400,200
36510025799799,10:08:30.025,103.3700,17
36525678608064,10:08:45.678,103.4300,67
36525679744206,10:08:45.679,103.4400,94
36525679744206,10:08:45.679,103.4400,183
36525679744206,10:08:45.679,103.4400,100
36531698212145,10:08:51.698,103.4300,100
36531702816085,10:08:51.702,103.4300,100
36534585173376,10:08:54.585,103.5000,25
36534757194496,10:08:54.757,103.4900,35
36534759248416,10:08:54.759,103.4900,25
36534760827565,10:08:54.760,103.4600,25
36534762247280,10:08:54.762,103.4600,25
36538359218509,10:08:58.359,103.4700,50
36543719179036,10:09:03.719,103.5700,100
36550024099527,10:09:10.024,103.4700,100
36550024099527,10:09:10.024,103.4700,100
36553572434853,10:09:13.572,103.4500,31
36553572451118,10:09:13.572,103.4500,50
36553572463361,10:09:13.572,103.4500,19
36553572463361,10:09:13.572,103.4500,100
36553572463361,10:09:13.572,103.4500,100
36553572463361,10:09:13.572,103.4500,50
36553572464763,10:09:13.572,103.4500,33
36553572465204,10:09:13.572,103.4500,17
36555070656689,10:09:15.070,103.3800,100
36555486431355,10:09:15.486,103.4200,100
36556083234856,10:09:16.083,103.4600,49
36577102335558,10:09:37.102,103.5400,100
36577102379941,10:09:37.102,103.5400,50
36577102381431,10:09:37.102,103.5400,19
36577102381431,10:09:37.102,103.5400,48
36577102395341,10:09:37.102,103.5400,52
36577102395341,10:09:37.102,103.5400,48
36577102408949,10:09:37.102,103.5400,52
36577102408949,10:09:37.102,103.5400,48
36577102413058,10:09:37.102,103.5400,52
36577102413058,10:09:37.102,103.5400,48
36577102414802,10:09:37.102,103.5400,50
36577102433378,10:09:37.102,103.5400,2
36581434957097,10:09:41.434,103.5900,100
36586040706046,10:09:46.040,103.6500,100
36586044811258,10:09:46.044,103.6600,100
36588994450666,10:09:48.994,103.6400,31
36592946853634,10:09:52.946,103.6500,8
36598131827489,10:09:58.131,103.6700,100
36604239476687,10:10:04.239,103.7500,39
36606944739907,10:10:06.944,103.6800,6
36606944765062,10:10:06.944,103.6800,86
36606944765062,10:10:06.944,103.6800,100
36606944765062,10:10:06.944,103.6800,100
36606944833315,10:10:06.944,103.6700,100
36606945237549,10:10:06.945,103.6700,100
36606945973943,10:10:06.945,103.6300,45
36606946022923,10:10:06.946,103.6300,55
36607844267268,10:10:07.844,103.6700,50
36607845718868,10:10:07.845,103.6700,25
36607848543606,10:10:07.848,103.6800,50
36610023660310,10:10:10.023,103.6200,100
36610967136644,10:10:10.967,103.6100,48
36614038973852,10:10:14.038,103.6100,15
36615216914909,10:10:15.216,103.6100,100
36615216970372,10:10:15.216,103.6100,33
36615216973101,10:10:15.216,103.6100,7
36615216994348,10:10:15.216,103.6100,7
36615217006807,10:10:15.217,103.6100,53
36615217123038,10:10:15.217,103.6000,7
36617362699050,10:10:17.362,103.5500,7
36635130939774,10:10:35.130,103.5800,100
36635131159421,10:10:35.131,103.5800,52
36635131185783,10:10:35.131,103.5800,48
36635135584228,10:10:35.135,103.6100,100
36635135825254,10:10:35.135,103.6100,171
36635135825254,10:10:35.135,103.6100,100
36635135825254,10:10:35.135,103.6100,128
36635135825254,10:10:35.135,103.6100,37
36635313540586,10:10:35.313,103.6600,50
36635313600261,10:10:35.313,103.6700,25
36635315831767,10:10:35.315,103.6700,25
36635363934137,10:10:35.363,103.6200,200
36637254921802,10:10:37.254,103.6800,8
36637254946038,10:10:37.254,103.6250,100
36637254946038,10:10:37.254,103.6800,93
36637255250917,10:10:37.255,103.6800,99
36637255250917,10:10:37.255,103.6800,1
36637255375126,10:10:37.255,103.6800,35
36637255407763,10:10:37.255,103.6800,65
36637255834160,10:10:37.255,103.7200,100
36637255895761,10:10:37.255,103.7200,100
36637255904617,10:10:37.255,103.7300,100
36637256081423,10:10:37.256,103.7300,100
36637260178003,10:10:37.260,103.7400,10
36637260178003,10:10:37.260,103.7400,100
36637260935802,10:10:37.260,103.7500,70
36637260935802,10:10:37.260,103.7500,100
36637261700877,10:10:37.261,103.7500,20
36637261725814,10:10:37.261,103.7500,8
36637261725814,10:10:37.261,103.7500,89
36637261725814,10:10:37.261,103.7500,10
36639627463934,10:10:39.627,103.8000,100
36639627463934,10:10:39.627,103.8000,100
36639627463934,10:10:39.627,103.8200,100
36639627463934,10:10:39.627,103.8300,50
36639627463934,10:10:39.627,103.8300,35
36645702520785,10:10:45.702,103.8200,100
36645702520785,10:10:45.702,103.8200,96
36647801332248,10:10:47.801,103.8300,31
36649989838599,10:10:49.989,103.9000,5
36649990158210,10:10:49.990,103.9000,95
36649990158210,10:10:49.990,103.9000,5
36649990159791,10:10:49.990,103.9000,95
36650181225865,10:10:50.181,103.9000,53
36650181225865,10:10:50.181,103.9100,20
36650181225865,10:10:50.181,103.9100,96
36650181225865,10:10:50.181,103.9100,31
36650186593044,10:10:50.186,103.9100,51
36650186593044,10:10:50.186,103.9200,49
36651469440750,10:10:51.469,103.8500,100
36653243664431,10:10:53.243,103.9100,100
36653243664431,10:10:53.243,103.9200,51
36653243664431,10:10:53.243,103.9200,100
36653243664431,10:10:53.243,103.9200,49
36678526303364,10:11:18.526,103.8900,100
36683075940390,10:11:23.075,103.9000,17
36683075940390,10:11:23.075,103.9000,33
36684132321254,10:11:24.132,103.9000,67
36684132321254,10:11:24.132,103.9000,100
36684133528531,10:11:24.133,103.8600,100
36684134396745,10:11:24.134,103.8500,100
36685026327933,10:11:25.026,103.8300,100
36691571259972,10:11:31.571,103.8900,100
36691571298605,10:11:31.571,103.9000,81
36691571298605,10:11:31.571,103.9000,69
36691571300833,10:11:31.571,103.9000,39
36691571891503,10:11:31.571,103.9200,100
36691758487668,10:11:31.758,103.9500,4
36691758487668,10:11:31.758,103.9500,1
36691819031098,10:11:31.819,103.9500,50
36691821014739,10:11:31.821,103.9500,25
36691830626098,10:11:31.830,103.9500,24
36691830626098,10:11:31.830,103.9600,1
36691830960068,10:11:31.830,103.9600,99
36691830961935,10:11:31.830,103.9500,100
36691849484630,10:11:31.849,103.9500,25
36695300071416,10:11:35.300,103.9900,100
36695300071416,10:11:35.300,104.0000,2
36695300071416,10:11:35.300,104.0000,40
36695300071416,10:11:35.300,104.0000,100
36695300148989,10:11:35.300,104.0000,100
36695300777656,10:11:35.300,104.0400,50
36707233779244,10:11:47.233,104.0900,100
36715958149384,10:11:55.958,104.1100,100
36715958149384,10:11:55.958,104.1200,100
36715958149384,10:11:55.958,104.1200,100
36715958149384,10:11:55.958,104.1200,100
36715958249584,10:11:55.958,104.1300,28
36715958251239,10:11:55.958,104.1300,22
36715958468276,10:11:55.958,104.1300,22
36715958483860,10:11:55.958,104.1300,78
36715958490080,10:11:55.958,104.1300,22
36715958665207,10:11:55.958,104.1200,100
36715965667366,10:11:55.965,104.1700,100
36725034591454,10:12:05.034,104.2000,200
36725034591454,10:12:05.034,104.2000,100
36728194172705,10:12:08.194,104.2500,2
36728317011720,10:12:08.317,104.1900,37
36728670825947,10:12:08.670,104.1500,100
36728670871851,10:12:08.670,104.1500,100
36728670912720,10:12:08.670,104.1400,100
36736776954535,10:12:16.776,104.2000,50
36736777514854,10:12:16.777,104.2000,71
36736777514854,10:12:16.777,104.2000,47
36736777514854,10:12:16.777,104.2000,32
36746463304434,10:12:26.463,104.1200,100
36746463304434,10:12:26.463,104.1200,100
36752479759810,10:12:32.479,104.0200,100
36752479907058,10:12:32.479,104.0200,54
36752479909180,10:12:32.479,103.9900,87
36752534958551,10:12:32.534,103.9900,13
36752535288253,10:12:32.535,104.0200,10
36754697297290,10:12:34.697,104.0300,100
36756246897321,10:12:36.246,104.0300,17
36756246925604,10:12:36.246,104.0300,30
36758725671106,10:12:38.725,104.0000,92
36758725688515,10:12:38.725,104.0000,100
36758725691721,10:12:38.725,104.0000,58
36759282253240,10:12:39.282,104.0100,100
36760731459687,10:12:40.731,104.0400,100
36760731585854,10:12:40.731,104.0400,30
36760732001821,10:12:40.732,104.0500,100
36760732001821,10:12:40.732,104.0500,26
36760732004916,10:12:40.732,104.0500,50
36760732028952,10:12:40.732,104.0500,124
36760732028952,10:12:40.732,104.0500,100
36760964105878,10:12:40.964,104.1000,100
36780019708068,10:13:00.019,104.0200,100
36801239448542,10:13:21.239,104.1400,84
36801239457661,10:13:21.239,104.1400,16
36801239457661,10:13:21.239,104.1400,21
36801239459221,10:13:21.239,104.1400,50
36801239465588,10:13:21.239,104.1400,29
36801239465588,10:13:21.239,104.1400,21
36801239467416,10:13:21.239,104.1400,79
36801239467416,10:13:21.239,104.1400,21
36801239477450,10:13:21.239,104.1400,80
36801239477980,10:13:21.239,104.1400,76
36801239481410,10:13:21.239,104.1400,23
36801239743953,10:13:21.239,104.1800,100
36801240442560,10:13:21.240,104.1900,100
36801240715199,10:13:21.240,104.2000,100
36801243134578,10:13:21.243,104.2000,100
36815445266002,10:13:35.445,104.1100,100
36815445307749,10:13:35.445,104.1100,100
36815445656601,10:13:35.445,104.1000,26
36822395334450,10:13:42.395,104.1500,100
36822395334450,10:13:42.395,104.1700,100
36822395334450,10:13:42.395,104.1700,4
36822395334450,10:13:42.395,104.1700,96
36822395407477,10:13:42.395,104.1700,100
36822395430061,10:13:42.395,104.1800,100
36822395807477,10:13:42.395,104.1700,43
36827362679128,10:13:47.362,104.2400,5
36827362679128,10:13:47.362,104.2400,19
36827363937888,10:13:47.363,104.2500,100
36828594877419,10:13:48.594,104.2400,50
36841465256603,10:14:01.465,104.1500,100
36850883923542,10:14:10.883,104.1300,21
36851153200771,10:14:11.153,104.0700,400
36851153387452,10:14:11.153,104.0700,100
36851156927128,10:14:11.156,104.0700,400
36852305796597,10:14:12.305,104.0700,100
36852305820959,10:14:12.305,104.0700,300
36852305934006,10:14:12.305,104.0700,400
36852306177468,10:14:12.306,104.0700,100
36852306296126,10:14:12.306,104.0700,100
36859805878746,10:14:19.805,104.1400,100
36863361679094,10:14:23.361,104.1000,100
36867277160209,10:14:27.277,104.1400,100
36867277402386,10:14:27.277,104.1400,26
36867277418663,10:14:27.277,104.1400,108
36867277436936,10:14:27.277,104.1400,52
36867277436936,10:14:27.277,104.1400,100
36867277436936,10:14:27.277,104.1400,100
36867277436936,10:14:27.277,104.1400,173
36868994498417,10:14:28.994,104.1700,100
36869263313662,10:14:29.263,104.1700,100
36872045233904,10:14:32.045,104.2200,100
36876981774343,10:14:36.981,104.2900,50
36876981993028,10:14:36.981,104.2900,50
36879593655658,10:14:39.593,104.3300,100
36879598831337,10:14:39.598,104.3300,100
36879617217492,10:14:39.617,104.2800,100
36879619334751,10:14:39.619,104.2800,100
36879628603775,10:14:39.628,104.2700,100
36881865649413,10:14:41.865,104.3100,100
36882225553851,10:14:42.225,104.2400,5
36884163374501,10:14:44.163,104.2200,100
36889526844461,10:14:49.526,104.1700,21
36889526870647,10:14:49.526,104.1700,79
36902648329366,10:15:02.648,104.1000,100
36902648406178,10:15:02.648,104.1000,50
36902650410982,10:15:02.650,104.1000,150
36902680311346,10:15:02.680,104.1000,100
36918561518550,10:15:18.561,104.0700,100
36918561651041,10:15:18.561,104.0700,100
36918562170486,10:15:18.562,104.0400,95
36918562198979,10:15:18.562,104.0400,5
36925553851323,10:15:25.553,103.9900,87
36925553877442,10:15:25.553,103.9900,13
36928388878354,10:15:28.388,103.9300,32
36928388946529,10:15:28.388,103.9200,18
36928389013200,10:15:28.389,103.9200,64
36928389809272,10:15:28.389,103.9100,100
36928390525568,10:15:28.390,103.9100,80
36928390553466,10:15:28.390,103.9100,20
36928390553466,10:15:28.390,103.9100,100
36932425170951,10:15:32.425,103.8400,25
36932602083910,10:15:32.602,103.8400,75
36932602083910,10:15:32.602,103.8300,25
36932602117807,10:15:32.602,103.8300,75
36937451954346,10:15:37.451,103.8000,100
36937499432460,10:15:37.499,103.7900,100
36945140924565,10:15:45.140,103.7900,100
36945140953172,10:15:45.140,103.7900,100
36945141052409,10:15:45.141,103.8100,100
36945141052409,10:15:45.141,103.8100,100
36945141052409,10:15:45.141,103.8100,19
36945141080643,10:15:45.141,103.8100,81
36945141080643,10:15:45.141,103.8100,100
36945141142093,10:15:45.141,103.8500,100
36945141826549,10:15:45.141,103.8600,100
36945445991676,10:15:45.445,104.0000,300
36945446051072,10:15:45.446,104.0000,75
36945446069992,10:15:45.446,104.0000,25
36958261500657,10:15:58.261,103.9900,100
36958261500657,10:15:58.261,103.9900,100
36960426352388,10:16:00.426,104.0000,1
36963460559496,10:16:03.460,104.0000,100
36963460560887,10:16:03.460,104.0000,88
36963460610702,10:16:03.460,104.0100,100
36978475314388,10:16:18.475,104.0800,19
36978475363148,10:16:18.475,104.0800,102
36978475593148,10:16:18.475,104.0800,79
36978475593148,10:16:18.475,104.0800,21
36978475634737,10:16:18.475,104.0800,73
36978475634737,10:16:18.475,104.0800,100
36978475634737,10:16:18.475,104.0800,27
36978475677615,10:16:18.475,104.0800,73
36978476130430,10:16:18.476,104.0900,38
36978476405842,10:16:18.476,104.0900,62
36978476405842,10:16:18.476,104.0900,38
36978476445493,10:16:18.476,104.0900,62
36978477101591,10:16:18.477,104.1000,15
36978477117529,10:16:18.477,104.1000,15
36978477131183,10:16:18.477,104.1000,35
36978477188154,10:16:18.477,104.1000,4
36992172373233,10:16:32.172,104.0500,100
36993480951205,10:16:33.480,104.0700,100
36993480951205,10:16:33.480,104.0800,40
37033595510175,10:17:13.595,103.9600,10
37033595510175,10:17:13.595,103.9600,10
37033595510175,10:17:13.595,103.9600,20
37033595510175,10:17:13.595,103.9400,60
37033595542474,10:17:13.595,103.9400,40
37033595542474,10:17:13.595,103.9400,100
37033595542474,10:17:13.595,103.9400,100
37033595542474,10:17:13.595,103.9400,100
37033595546305,10:17:13.595,103.9400,100
37034221514991,10:17:14.221,103.9400,100
37034221543163,10:17:14.221,103.9800,100
37036784306324,10:17:16.784,103.9800,54
37042171811047,10:17:22.171,103.9700,100
37056449928288,10:17:36.449,103.9800,46
37056449928288,10:17:36.449,103.9800,100
37056450499246,10:17:36.450,103.9900,200
37056450499246,10:17:36.450,103.9900,200
37057452120112,10:17:37.452,103.9900,100
37075994038415,10:17:55.994,103.9500,17
37075994551916,10:17:55.994,103.9500,100
37082912790576,10:18:02.912,103.9900,25
37088491023024,10:18:08.491,103.9100,100
37088491023024,10:18:08.491,103.9100,73
37088491034231,10:18:08.491,103.9100,27
37088491044559,10:18:08.491,103.9100,27
37088491051368,10:18:08.491,103.9100,27
37088491052007,10:18:08.491,103.9100,27
37088491094546,10:18:08.491,103.9100,19
37088491110177,10:18:08.491,103.8800,46
37088491479345,10:18:08.491,103.8800,54
37088494745507,10:18:08.494,103.8900,21
37088496519405,10:18:08.496,103.8700,300
37089214310258,10:18:09.214,103.8500,100
37089644431514,10:18:09.644,103.8400,100
37090445428891,10:18:10.445,103.8400,100
37116731399166,10:18:36.731,103.8000,100
37119343981456,10:18:39.343,103.7400,100
37119343981456,10:18:39.343,103.7300,100
37119572910206,10:18:39.572,103.8000,100
37119573311007,10:18:39.573,103.8000,100
37130811114052,10:18:50.811,103.7300,100
37131749775663,10:18:51.749,103.7900,100
37131749914842,10:18:51.749,103.7900,70
37131749940514,10:18:51.749,103.7900,30
37131749967673,10:18:51.749,103.8000,100
37151015853528,10:19:11.015,103.8300,100
37151015932994,10:19:11.015,103.8400,100
37151015935082,10:19:11.015,103.8500,50
37151016208566,10:19:11.016,103.8500,21
37151016293935,10:19:11.016,103.8500,12
37151016517529,10:19:11.016,103.8500,54
37151016822915,10:19:11.016,103.8700,100
37151018391175,10:19:11.018,103.8850,100
37151021213591,10:19:11.021,103.8900,100
37151021213591,10:19:11.021,103.9400,100
37151021213591,10:19:11.021,103.9500,100
37156277987972,10:19:16.277,103.9400,52
37156277997620,10:19:16.277,103.9400,48
37189020517297,10:19:49.020,103.9900,100
37189020517297,10:19:49.020,104.0000,30
37189020517297,10:19:49.020,104.0000,100
37189020517297,10:19:49.020,104.0000,100
37189020517297,10:19:49.020,104.0000,200
37189020559636,10:19:49.020,104.0000,50
37189020583920,10:19:49.020,104.0000,50
37192663473164,10:19:52.663,104.0400,1
37208682205173,10:20:08.682,104.0600,10
37208741595735,10:20:08.741,104.0800,2
37210726250372,10:20:10.726,104.0800,50
37210756082462,10:20:10.756,104.0300,10
37210756333693,10:20:10.756,104.0300,10
37214363469771,10:20:14.363,104.0800,48
37217189392941,10:20:17.189,104.0400,100
37217189418107,10:20:17.189,104.0400,100
37217189902974,10:20:17.189,104.0400,100
37217718442244,10:20:17.718,104.1000,50
37218705834241,10:20:18.705,104.1000,100
37218706190802,10:20:18.706,104.1200,100
37218711118840,10:20:18.711,104.1300,100
37218711118840,10:20:18.711,104.1400,100
37218711118840,10:20:18.711,104.1500,100
37218711158355,10:20:18.711,104.1500,200
37220189562178,10:20:20.189,104.2300,100
37220189562178,10:20:20.189,104.2600,100
37220189562178,10:20:20.189,104.2600,100
37222267318585,10:20:22.267,104.2300,34
37222386321006,10:20:22.386,104.2700,100
37222386371140,10:20:22.386,104.2700,100
37222386371140,10:20:22.386,104.2700,100
37222386371140,10:20:22.386,104.2700,100
37224293723923,10:20:24.293,104.3000,5
37228267391664,10:20:28.267,104.3000,1
37230869899164,10:20:30.869,104.3000,5
37232954241054,10:20:32.954,104.3000,2
37233094409997,10:20:33.094,104.3000,50
37234977637033,10:20:34.977,104.3000,4
37236965284146,10:20:36.965,104.3000,1
37238955964297,10:20:38.955,104.3000,5
37239011801350,10:20:39.011,104.3000,1
37251603943501,10:20:51.603,104.2100,100
37251604015152,10:20:51.604,104.1900,48
37251604935577,10:20:51.604,104.1900,52
37251604935577,10:20:51.604,104.1900,8
37251604962173,10:20:51.604,104.1900,92
37251604962173,10:20:51.604,104.1900,8
37251604964547,10:20:51.604,104.1900,15
37251608956806,10:20:51.608,104.2100,90
37251625472799,10:20:51.625,104.1900,10
37261679676170,10:21:01.679,104.2100,10
37261679676170,10:21:01.679,104.2200,15
37263157987539,10:21:03.157,104.2300,50
37263162851165,10:21:03.162,104.2500,25
37263165478197,10:21:03.165,104.2500,50
37263859707050,10:21:03.859,104.2500,25
37263859707050,10:21:03.859,104.2500,53
37263859771699,10:21:03.859,104.2500,100
37264600387164,10:21:04.600,104.2700,75
37264617601958,10:21:04.617,104.2700,69
37264617601958,10:21:04.617,104.2700,31
37265152391768,10:21:05.152,104.2700,69
37265152421795,10:21:05.152,104.2800,31
37266100647207,10:21:06.100,104.2900,100
37266101526380,10:21:06.101,104.2700,10
37272692948227,10:21:12.692,104.3300,25
37272750298972,10:21:12.750,104.3500,24
37274705526732,10:21:14.705,104.2600,100
37275370759801,10:21:15.370,104.3300,21
37275424736133,10:21:15.424,104.3300,4
37277084876572,10:21:17.084,104.2500,51
37281421689251,10:21:21.421,104.3300,13
37281482434197,10:21:21.482,104.2500,100
37292872177576,10:21:32.872,104.2100,100
37297483017391,10:21:37.483,104.2100,100
37297483064051,10:21:37.483,104.2000,10
37297483064051,10:21:37.483,104.1900,90
37297483443518,10:21:37.483,104.1900,10
37297665781319,10:21:37.665,104.2100,10
37297665781319,10:21:37.665,104.2100,1
37298213769776,10:21:38.213,104.2100,9
37298213769776,10:21:38.213,104.2100,10
37298213769776,10:21:38.213,104.2100,81
37298214101364,10:21:38.214,104.2100,19
37298214223684,10:21:38.214,104.2100,100
37301230157761,10:21:41.230,104.1600,100
37316820956090,10:21:56.820,104.1800,100
37338101513714,10:22:18.101,104.2300,1
37339382157868,10:22:19.382,104.2300,2
37339439368137,10:22:19.439,104.2300,1
37340237152671,10:22:20.237,104.2300,17
37342074629028,10:22:22.074,104.2300,12
37342129770450,10:22:22.129,104.2400,3
37344086411663,10:22:24.086,104.2400,1
37344322727025,10:22:24.322,104.2400,100
37347955940982,10:22:27.955,104.1400,100
37347956247517,10:22:27.956,104.1300,15
37347956275820,10:22:27.956,104.1300,85
37352150352324,10:22:32.150,104.2200,4
37352205213860,10:22:32.205,104.2200,2
37359206109491,10:22:39.206,104.1900,100
37359206110973,10:22:39.206,104.2200,100
37359206464072,10:22:39.206,104.2400,196
37359206464072,10:22:39.206,104.2400,104
37359206523133,10:22:39.206,104.2400,31
37359209124367,10:22:39.209,104.2900,100
37360287983978,10:22:40.287,104.2900,1
37360591789804,10:22:40.591,104.2500,100
37373866078132,10:22:53.866,104.2100,10
37373866082266,10:22:53.866,104.2100,60
37373866422112,10:22:53.866,104.2100,30
37373866422112,10:22:53.866,104.2100,22
37373866437290,10:22:53.866,104.2100,50
37373866458093,10:22:53.866,104.2100,2
37373866495985,10:22:53.866,104.2100,26
37384775637332,10:23:04.775,104.2500,100
37384775637332,10:23:04.775,104.2600,100
37384775637332,10:23:04.775,104.2600,101
37384775637332,10:23:04.775,104.2800,100
37384775637332,10:23:04.775,104.3300,135
37384775637332,10:23:04.775,104.3300,100
37384775637332,10:23:04.775,104.3500,26
37384775637332,10:23:04.775,104.4000,1200
37384775637332,10:23:04.775,104.4100,46
37384775637332,10:23:04.775,104.4200,100
37384775637332,10:23:04.775,104.4500,100
37384775637332,10:23:04.775,104.5000,1000
37384775861783,10:23:04.775,104.3200,100
37384776410046,10:23:04.776,104.5600,11
37384776612907,10:23:04.776,104.5400,54
37384776630886,10:23:04.776,104.5400,50
37384777252670,10:23:04.777,104.3300,100
37384780772279,10:23:04.780,104.5300,100
37384782277146,10:23:04.782,104.5400,64
37384782277146,10:23:04.782,104.5400,168
37384782277146,10:23:04.782,104.5400,49
37385329502608,10:23:05.329,104.5600,100
37386069430486,10:23:06.069,104.5000,100
37386849085224,10:23:06.849,104.5000,100
37400859672300,10:23:20.859,104.5300,100
37402671489196,10:23:22.671,104.5500,5
37402671526488,10:23:22.671,104.5500,50
37402671527685,10:23:22.671,104.5500,45
37402671527685,10:23:22.671,104.5500,5
37402671541553,10:23:22.671,104.5500,35
37402671569931,10:23:22.671,104.5500,60
37402671569931,10:23:22.671,104.5500,90
37402671584515,10:23:22.671,104.5500,10
37402671584515,10:23:22.671,104.5500,35
37402671669275,10:23:22.671,104.5400,100
37402672005005,10:23:22.672,104.5500,10
37402672134317,10:23:22.672,104.5400,10
37402672443941,10:23:22.672,104.5500,90
37402678699269,10:23:22.678,104.5500,100
37402678699269,10:23:22.678,104.5600,39
37402678822737,10:23:22.678,104.5600,50
37402678931978,10:23:22.678,104.5600,50
37408736720302,10:23:28.736,104.4400,75
37410587340688,10:23:30.587,104.4400,37
37410840965223,10:23:30.840,104.5000,1
37412802036511,10:23:32.802,104.4400,81
37412833345005,10:23:32.833,104.5000,3
37414822310081,10:23:34.822,104.4600,100
37415215128851,10:23:35.215,104.5000,13
37415215128851,10:23:35.215,104.5000,187
37415215147677,10:23:35.215,104.5000,13
37420874524365,10:23:40.874,104.4900,100
37420874540171,10:23:40.874,104.4800,94
37420874547427,10:23:40.874,104.4800,6
37420874547427,10:23:40.874,104.4700,100
37420874547427,10:23:40.874,104.4600,4
37420874549334,10:23:40.874,104.4600,6
37420874549334,10:23:40.874,104.4600,94
37420874613580,10:23:40.874,104.4300,6
37420875712833,10:23:40.875,104.4300,94
37421328296555,10:23:41.328,104.4700,50
37429141517098,10:23:49.141,104.4700,100
37432528694353,10:23:52.528,104.5000,4
37441108427362,10:24:01.108,104.5000,5
37450919978290,10:24:10.919,104.5000,95
37450920107414,10:24:10.920,104.5000,100
37450920521895,10:24:10.920,104.5200,5
37461287255389,10:24:21.287,104.5000,100
37461308896409,10:24:21.308,104.5200,13
37462670840675,10:24:22.670,104.5200,12
37462784683941,10:24:22.784,104.5200,50
37463259819141,10:24:23.259,104.5200,20
37463259819141,10:24:23.259,104.5300,16
37463259819141,10:24:23.259,104.5300,14
37463347112374,10:24:23.347,104.5500,25
37464281226108,10:24:24.281,104.5200,50
37464298581756,10:24:24.298,104.5200,50
37464298581756,10:24:24.298,104.5300,50
37465864550518,10:24:25.864,104.5100,25
37466264190634,10:24:26.264,104.5100,50
37466332823027,10:24:26.332,104.5100,25
37466332823027,10:24:26.332,104.5400,100
37466332823027,10:24:26.332,104.5400,25
37467247025608,10:24:27.247,104.5100,50
37468050368273,10:24:28.050,104.5400,100
37468050603019,10:24:28.050,104.5500,200
37468050603019,10:24:28.050,104.5500,36
37474738285294,10:24:34.738,104.5900,1
37489984367043,10:24:49.984,104.5000,100
37500144800535,10:25:00.144,104.4700,100
37500150071703,10:25:00.150,104.4200,100
37500150071703,10:25:00.150,104.4200,100
37500150108743,10:25:00.150,104.4200,100
37500150851233,10:25:00.150,104.4100,100
37516161621832,10:25:16.161,104.4200,100
37516161621832,10:25:16.161,104.4200,100
37516161621832,10:25:16.161,104.4100,26
37516162026708,10:25:16.162,104.4100,100
37516162026708,10:25:16.162,104.4100,100
37516162133337,10:25:16.162,104.4100,100
37516166532281,10:25:16.166,104.4100,100
37516421519477,10:25:16.421,104.4300,100
37516421556461,10:25:16.421,104.4300,2
37516421567156,10:25:16.421,104.4300,98
37516421578698,10:25:16.421,104.4300,100
37517627830603,10:25:17.627,104.4200,100
37517627854398,10:25:17.627,104.4200,100
37523416206518,10:25:23.416,104.5200,100
37523416628904,10:25:23.416,104.5300,15
37535642381202,10:25:35.642,104.5200,7
37550586160499,10:25:50.586,104.5400,1
37563963211528,10:26:03.963,104.5050,100
37574168141238,10:26:14.168,104.4900,100
37589230619167,10:26:29.230,104.5000,100
37589479978783,10:26:29.479,104.5000,100
37591537378377,10:26:31.537,104.5300,1
37591537378377,10:26:31.537,104.5400,99
37591537458031,10:26:31.537,104.5300,100
37591537529131,10:26:31.537,104.5000,10
37594621327058,10:26:34.621,104.5300,1
37600769796765,10:26:40.769,104.5000,90
37600769796765,10:26:40.769,104.4600,10
37600769822070,10:26:40.769,104.4600,90
37600770871104,10:26:40.770,104.4300,100
37600770912669,10:26:40.770,104.4300,37
37600770921487,10:26:40.770,104.4300,154
37600770952517,10:26:40.770,104.4300,9
37600770970028,10:26:40.770,104.4100,39
37600772357704,10:26:40.772,104.4100,61
37600772357704,10:26:40.772,104.4100,100
37600785555074,10:26:40.785,104.4500,139
37606010002576,10:26:46.010,104.3900,100
37608754788833,10:26:48.754,104.4300,6
37608809564635,10:26:48.809,104.4300,1
37614696680187,10:26:54.696,104.3800,100
37614696680187,10:26:54.696,104.3800,100
37614697948359,10:26:54.697,104.3800,100
37616745596956,10:26:56.745,104.3900,100
37616745596956,10:26:56.745,104.3900,50
37616745596956,10:26:56.745,104.3900,50
37616745767568,10:26:56.745,104.3900,57
37616745839176,10:26:56.745,104.4000,41
37616745891347,10:26:56.745,104.4000,59
37616746268808,10:26:56.746,104.4300,93
37616746268808,10:26:56.746,104.4300,7
37616746277901,10:26:56.746,104.4300,93
37628166350814,10:27:08.166,104.4800,100
37628166350814,10:27:08.166,104.4600,100
37628302887906,10:27:08.302,104.4500,50
37631824129485,10:27:11.824,104.4800,100
37631824129485,10:27:11.824,104.5200,100
37631824129485,10:27:11.824,104.5200,33
37663310781055,10:27:43.310,104.5300,100
37663310781055,10:27:43.310,104.5400,100
37663310781055,10:27:43.310,104.5400,100
37663310781055,10:27:43.310,104.5400,100
37663310781055,10:27:43.310,104.5400,100
37663310792226,10:27:43.310,104.5400,100
37663310792226,10:27:43.310,104.5400,100
37663311590248,10:27:43.311,104.5600,100
37663312864531,10:27:43.312,104.6000,100
37663312905696,10:27:43.312,104.6000,100
37663315670885,10:27:43.315,104.6500,100
37663315735281,10:27:43.315,104.6500,100
37663471832581,10:27:43.471,104.6900,48
37663504419115,10:27:43.504,104.7200,48
37667628937924,10:27:47.628,104.7000,25
37667629434496,10:27:47.629,104.7000,25
37667629550301,10:27:47.629,104.6900,25
37669372562870,10:27:49.372,104.7400,25
37675390313564,10:27:55.390,104.7500,100
37675390313564,10:27:55.390,104.7500,186
37687498833780,10:28:07.498,104.7600,30
37691113286135,10:28:11.113,104.8300,10
37693552397350,10:28:13.552,104.8300,14
37693552409172,10:28:13.552,104.8300,76
37693552409172,10:28:13.552,104.8300,100
37693552620039,10:28:13.552,104.8400,100
37693553588234,10:28:13.553,104.8600,10
37693553590120,10:28:13.553,104.8600,690
37697975182800,10:28:17.975,104.9100,100
37697977263865,10:28:17.977,104.9100,100
37697977263865,10:28:17.977,104.9100,200
37706911150810,10:28:26.911,104.8200,100
37706911238576,10:28:26.911,104.8200,8
37706911247887,10:28:26.911,104.8200,50
37706911458806,10:28:26.911,104.8100,100
37706911941784,10:28:26.911,104.8000,16
37706912088052,10:28:26.912,104.8000,35
37706912092130,10:28:26.912,104.8000,46
37706912114510,10:28:26.912,104.8000,3
37706912348623,10:28:26.912,104.7900,5
37706912348623,10:28:26.912,104.7900,95
37706912430704,10:28:26.912,104.7900,100
37706912462483,10:28:26.912,104.7900,60
37706912505764,10:28:26.912,104.7900,45
37706912788634,10:28:26.912,104.7600,4
37714353861631,10:28:34.353,104.8100,50
37716100384274,10:28:36.100,104.8200,100
37717397463380,10:28:37.397,104.8100,100
37726083364802,10:28:46.083,104.8100,50
37727257842691,10:28:47.257,104.8100,50
37727259522799,10:28:47.259,104.8100,50
37727259566595,10:28:47.259,104.8100,50
37745112957580,10:29:05.112,104.7900,90
37745215149174,10:29:05.215,104.8400,14
37745215149174,10:29:05.215,104.8500,100
37745215149174,10:29:05.215,104.8500,100
37748795315004,10:29:08.795,104.8500,100
37748795700131,10:29:08.795,104.8600,163
37748795752465,10:29:08.795,104.8700,100
37748795761951,10:29:08.795,104.8700,50
37748795764885,10:29:08.795,104.8700,50
37748796312070,10:29:08.796,104.9000,100
37748799813564,10:29:08.799,104.9000,100
37748888042398,10:29:08.888,104.9000,100
37748888042398,10:29:08.888,104.9000,100
37751444214973,10:29:11.444,104.9000,5
37759701786756,10:29:19.701,104.8500,100
37762302056039,10:29:22.302,104.7900,100
37762302581900,10:29:22.302,104.7800,100
37763098072477,10:29:23.098,104.7600,96
37763098072477,10:29:23.098,104.7600,100
37763098112748,10:29:23.098,104.7500,50
37763098320875,10:29:23.098,104.7500,50
37763098320875,10:29:23.098,104.7500,27
37763098349870,10:29:23.098,104.7500,73
37784103695429,10:29:44.103,104.7100,100
37784103709961,10:29:44.103,104.7100,100
37784103737471,10:29:44.103,104.7100,42
37790066858538,10:29:50.066,104.7600,100
37790066858538,10:29:50.066,104.7700,39
37795549025066,10:29:55.549,104.6800,100
37797193758775,10:29:57.193,104.6600,100
37797193792404,10:29:57.193,104.6600,50
37797193843383,10:29:57.193,104.6600,50
37797208418967,10:29:57.208,104.6500,1
37797208484488,10:29:57.208,104.6500,99
37799068549594,10:29:59.068,104.6400,100
37799073455520,10:29:59.073,104.6400,300
37799074556606,10:29:59.074,104.6400,100
37800069821275,10:30:00.069,104.6700,100
37800073743193,10:30:00.073,104.6700,100
37800073743193,10:30:00.073,104.6700,1
37800800809876,10:30:00.800,104.6700,100
37806309370267,10:30:06.309,104.7100,100
37806309766678,10:30:06.309,104.7400,100
37806309766678,10:30:06.309,104.7400,100
37806309832315,10:30:06.309,104.7600,100
37806309976630,10:30:06.309,104.7400,13
37806318025049,10:30:06.318,104.7300,70
37806379409838,10:30:06.379,104.7300,30
37806786895453,10:30:06.786,104.7600,6
37812871280913,10:30:12.871,104.7500,10
37812927895885,10:30:12.927,104.7500,2
37814894343891,10:30:14.894,104.7500,1
37819378893430,10:30:19.378,104.7100,100
37820409547416,10:30:20.409,104.7100,100
37820409575655,10:30:20.409,104.7100,100
37820998635159,10:30:20.998,104.7600,1
37822309368923,10:30:22.309,104.7500,100
37822309368923,10:30:22.309,104.7600,93
37822309394301,10:30:22.309,104.7600,100
37830188997603,10:30:30.188,104.7600,100
37830188997603,10:30:30.188,104.7600,100
37830188997603,10:30:30.188,104.7600,100
37830189561053,10:30:30.189,104.7800,100
37830189561951,10:30:30.189,104.7900,37
37830189620992,10:30:30.189,104.7900,63
37830211321076,10:30:30.211,104.7600,100
37831190644747,10:30:31.190,104.7700,100
37865066549060,10:31:05.066,104.7200,7
37865066549060,10:31:05.066,104.7200,80
37865066551960,10:31:05.066,104.7200,20
37865066690566,10:31:05.066,104.7200,100
37865391887975,10:31:05.391,104.7500,1
37866491811596,10:31:06.491,104.7100,13
37866491837598,10:31:06.491,104.7100,87
37866491837598,10:31:06.491,104.7100,31
37866491925391,10:31:06.491,104.7100,69
37866491934656,10:31:06.491,104.7100,31
37867424896098,10:31:07.424,104.7000,100
37867466747627,10:31:07.466,104.7300,44
37868071775251,10:31:08.071,104.6700,100
37868071906435,10:31:08.071,104.6700,100
37871026994773,10:31:11.026,104.6600,100
37871027019718,10:31:11.027,104.6600,1
37871027073357,10:31:11.027,104.6600,99
37902734769950,10:31:42.734,104.6600,34
37902734769950,10:31:42.734,104.6500,66
37905145297975,10:31:45.145,104.6400,400
37905145367094,10:31:45.145,104.6400,100
37905145367094,10:31:45.145,104.6400,100
37905145743029,10:31:45.145,104.6400,1
37905146012866,10:31:45.146,104.6400,60
37908975656867,10:31:48.975,104.6400,100
37916381968278,10:31:56.381,104.6600,38
37916386806731,10:31:56.386,104.6400,100
37916387507405,10:31:56.387,104.6400,100
37916387509402,10:31:56.387,104.6400,39
37916387509402,10:31:56.387,104.6400,100
37916388375127,10:31:56.388,104.6500,62
37916388812686,10:31:56.388,104.6450,100
37916389040617,10:31:56.389,104.6500,100
37916439961759,10:31:56.439,104.6500,100
37916439961759,10:31:56.439,104.6500,14
37916492835057,10:31:56.492,104.6900,200
37916492835057,10:31:56.492,104.6900,165
37916492835057,10:31:56.492,104.6900,100
37916493286644,10:31:56.493,104.7000,131
37916493299478,10:31:56.493,104.7000,69
37916493299478,10:31:56.493,104.7000,31
37916493315546,10:31:56.493,104.7000,69
37916493662620,10:31:56.493,104.7100,38
37916493662620,10:31:56.493,104.7100,29
37916493701710,10:31:56.493,104.7100,29
37916493746262,10:31:56.493,104.7100,42
37916493746262,10:31:56.493,104.7100,6
37916494000799,10:31:56.494,104.7100,50
37916494036960,10:31:56.494,104.7100,44
37916549805963,10:31:56.549,104.7100,100
37916549805963,10:31:56.549,104.6900,100
37916549805963,10:31:56.549,104.6800,100
37916549895303,10:31:56.549,104.6800,100
37916549905426,10:31:56.549,104.6800,100
37916549922633,10:31:56.549,104.6800,100
37916550303504,10:31:56.550,104.6800,100
37917503019392,10:31:57.503,104.6800,100
37917503658112,10:31:57.503,104.6800,100
37917503687312,10:31:57.503,104.6800,100
37921516366669,10:32:01.516,104.6200,50
37921536585037,10:32:01.536,104.6200,50
37921536585037,10:32:01.536,104.6200,100
37922725980103,10:32:02.725,104.6100,100
37926630949949,10:32:06.630,104.6200,10
37951503589590,10:32:31.503,104.6700,100
37951525841102,10:32:31.525,104.6800,35
37951535879567,10:32:31.535,104.6800,3
37951535879567,10:32:31.535,104.6800,27
37951537152555,10:32:31.537,104.6800,25
37951539287912,10:32:31.539,104.6800,25
37951539865602,10:32:31.539,104.6800,50
37951540609794,10:32:31.540,104.6800,25
37953511841388,10:32:33.511,104.6800,25
37953511867900,10:32:33.511,104.6800,23
37953511867900,10:32:33.511,104.6800,7
37953511867900,10:32:33.511,104.6800,100
37953512145937,10:32:33.512,104.6900,75
37953512173312,10:32:33.512,104.6900,25
37954374094662,10:32:34.374,104.7000,25
37960228506267,10:32:40.228,104.6600,100
37971552762138,10:32:51.552,104.7000,100
37971552762138,10:32:51.552,104.7100,100
37985258053537,10:33:05.258,104.7300,61
37987835073890,10:33:07.835,104.7300,1
37998376501407,10:33:18.376,104.7000,100
37998376509508,10:33:18.376,104.6900,18
37998376509508,10:33:18.376,104.6900,32
