timestamp,time,price,volume
34200348954609,09:30:00.348,0.0000,0
34202837718591,09:30:02.837,14.0600,100
34203037862932,09:30:03.037,14.0200,55
34203037862932,09:30:03.037,14.0200,45
34223294371599,09:30:23.294,14.0700,100
34224259039154,09:30:24.259,14.0800,100
34224259148326,09:30:24.259,14.0600,100
34224260674601,09:30:24.260,14.0700,100
34224260674601,09:30:24.260,14.0700,100
34224261087285,09:30:24.261,14.0700,100
34224261087285,09:30:24.261,14.0700,100
34224261087285,09:30:24.261,14.0700,100
34224261087285,09:30:24.261,14.0700,100
34224261087285,09:30:24.261,14.0700,100
34224261087285,09:30:24.261,14.0700,100
34225025333877,09:30:25.025,14.0100,100
34225236542408,09:30:25.236,14.0200,100
34225236647589,09:30:25.236,14.0300,50
34225818401490,09:30:25.818,14.0300,50
34225818401490,09:30:25.818,14.0300,50
34249031569761,09:30:49.031,14.0200,100
34249949166092,09:30:49.949,13.9500,5
34249949166092,09:30:49.949,13.9500,95
34252552022097,09:30:52.552,13.9800,5
34259248527145,09:30:59.248,13.9700,500
34267489440626,09:31:07.489,13.9500,205
34281299558812,09:31:21.299,13.8700,4
34281299700582,09:31:21.299,13.8700,36
34281300269217,09:31:21.300,13.8500,4
34281300916742,09:31:21.300,13.8200,34
34281300958863,09:31:21.300,13.8200,59
34281301367378,09:31:21.301,13.8200,7
34281309900070,09:31:21.309,13.8000,100
34281309982634,09:31:21.309,13.8000,100
34281309982634,09:31:21.309,13.8000,210
34281309982634,09:31:21.309,13.7800,190
34281310008829,09:31:21.310,13.7800,310
34325599189254,09:32:05.599,13.7500,250
34325599189254,09:32:05.599,13.7500,300
34325600569932,09:32:05.600,13.8200,100
34325600569932,09:32:05.600,13.8000,100
34367063591182,09:32:47.063,13.8200,100
34416218584907,09:33:36.218,13.8500,100
34417382220891,09:33:37.382,13.8400,100
34431712997221,09:33:51.712,13.8000,50
34431713202824,09:33:51.713,13.8000,37
34431713228159,09:33:51.713,13.8000,3290
34431713277584,09:33:51.713,13.8000,3300
34431713360560,09:33:51.713,13.8000,63
34431713599459,09:33:51.713,13.8000,100
34431713923464,09:33:51.713,13.8000,73
34431713926149,09:33:51.713,13.8000,72
34431713928843,09:33:51.713,13.8000,73
34431715876451,09:33:51.715,13.8000,912
34462907546010,09:34:22.907,13.8800,100
34462907546010,09:34:22.907,13.8600,200
34464065878562,09:34:24.065,13.8600,100
34464065878562,09:34:24.065,13.8500,100
34464177195473,09:34:24.177,13.8500,100
34472231024203,09:34:32.231,13.8500,100
34489547693926,09:34:49.547,13.9000,50
34489548744198,09:34:49.548,13.9100,100
34489550648918,09:34:49.550,13.9100,100
34489552852321,09:34:49.552,13.9200,100
34489810816700,09:34:49.810,13.9100,200
34498666149869,09:34:58.666,13.9000,100
34501667642468,09:35:01.667,13.9000,100
34501667642468,09:35:01.667,13.9000,100
34517937975005,09:35:17.937,13.9000,71
34517938564036,09:35:17.938,13.9000,29
34517938564036,09:35:17.938,13.9100,100
34517938977987,09:35:17.938,13.9100,100
34517938977987,09:35:17.938,13.9100,100
34535584788296,09:35:35.584,13.8600,4
34535584788296,09:35:35.584,13.8600,96
34544907105823,09:35:44.907,13.8700,100
34608588432414,09:36:48.588,13.8600,100
34627061179226,09:37:07.061,13.8500,100
34627061630282,09:37:07.061,13.8500,100
34627061630282,09:37:07.061,13.8500,100
34627061630282,09:37:07.061,13.8500,100
34639914729589,09:37:19.914,13.8600,104
34709561094432,09:38:29.561,13.8700,500
34709561223105,09:38:29.561,13.8900,100
34709564948153,09:38:29.564,13.9000,500
34709565990279,09:38:29.565,13.9100,171
34709566023603,09:38:29.566,13.9100,329
34710684947749,09:38:30.684,13.9100,100
34710684951635,09:38:30.684,13.9100,100
34727122897594,09:38:47.122,13.9200,100
34733769749070,09:38:53.769,13.9400,100
34734674210951,09:38:54.674,13.9400,400
34734674655468,09:38:54.674,13.9500,100
34761503527904,09:39:21.503,13.9000,100
34782957600120,09:39:42.957,13.9100,100
34782968085128,09:39:42.968,13.9100,200
34797631359614,09:39:57.631,13.9400,100
34797631599155,09:39:57.631,13.9500,100
34893712502509,09:41:33.712,13.9200,200
34893712529322,09:41:33.712,13.9200,300
34947880762071,09:42:27.880,13.9000,116
34947880824062,09:42:27.880,13.9000,1891
34978300118683,09:42:58.300,13.8800,300
35052885926401,09:44:12.885,13.9000,100
35096636798752,09:44:56.636,13.9100,100
35116591924011,09:45:16.591,13.9400,40
35116591924011,09:45:16.591,13.9400,60
35116986808896,09:45:16.986,13.9200,40
35120290205590,09:45:20.290,13.9500,200
35168814190355,09:46:08.814,13.9200,100
35172582572824,09:46:12.582,13.9400,5
35172582572824,09:46:12.582,13.9400,95
35177442911845,09:46:17.442,13.9000,1
35177442938552,09:46:17.442,13.9000,99
35181060898844,09:46:21.060,13.9000,5
35187870354335,09:46:27.870,13.9000,295
35229245165849,09:47:09.245,13.9500,100
35229245165849,09:47:09.245,13.9500,100
35229337218104,09:47:09.337,13.9400,100
35230728347849,09:47:10.728,13.9500,100
35230728347849,09:47:10.728,13.9500,100
35251445797505,09:47:31.445,13.9000,186
35251445798794,09:47:31.445,13.9000,14
35299243792449,09:48:19.243,13.8800,100
35322484418648,09:48:42.484,13.7500,50
35441676533411,09:50:41.676,13.7800,100
35441676533411,09:50:41.676,13.8000,100
35443195142910,09:50:43.195,13.8000,200
35486288165997,09:51:26.288,13.7800,100
35490700339577,09:51:30.700,13.8000,100
35490700339577,09:51:30.700,13.8000,200
35494446700110,09:51:34.446,13.7900,95
35500608140963,09:51:40.608,13.7500,50
35500608219484,09:51:40.608,13.7500,50
35508964133883,09:51:48.964,13.7300,236
35508964244589,09:51:48.964,13.7300,264
35508965228118,09:51:48.965,13.7100,500
35526103514743,09:52:06.103,13.7500,100
35585113981578,09:53:05.113,13.7250,100
35608311858731,09:53:28.311,13.7300,100
35643417045057,09:54:03.417,13.7500,100
35643985238556,09:54:03.985,13.7550,100
35734406331241,09:55:34.406,13.7800,5
35734406348496,09:55:34.406,13.7650,100
35744706076725,09:55:44.706,13.8500,200
35744706076725,09:55:44.706,13.8500,300
35744706180859,09:55:44.706,13.8500,100
35911396361321,09:58:31.396,13.8000,1
36167554677684,10:02:47.554,13.7500,100
36167566262590,10:02:47.566,13.7500,100
36167740421938,10:02:47.740,13.7400,100
36309930099145,10:05:09.930,13.7400,100
36561661110706,10:09:21.661,13.7300,15
36572018748045,10:09:32.018,13.7500,100
36572019442299,10:09:32.019,13.7600,10
36572019442299,10:09:32.019,13.7600,49
36572023133980,10:09:32.023,13.7800,49
36599060946534,10:09:59.060,13.7800,100
36599060946534,10:09:59.060,13.7800,100
37104477544141,10:18:24.477,13.8200,100
37104477912328,10:18:24.477,13.8200,100
37104477942956,10:18:24.477,13.8200,100
37104477945424,10:18:24.477,13.8200,100
37104477947106,10:18:24.477,13.8200,100
37104485803196,10:18:24.485,13.8400,100
37223811552146,10:20:23.811,13.9200,100
37226169737566,10:20:26.169,13.9300,200
37252234632157,10:20:52.234,13.9400,100
37288626010907,10:21:28.626,13.9400,100
37329417757988,10:22:09.417,13.9600,100
37388873124379,10:23:08.873,13.9300,100
37388873124379,10:23:08.873,13.9300,100
37388873639735,10:23:08.873,13.9300,15
37388873639735,10:23:08.873,13.9300,100
37388876436297,10:23:08.876,13.9300,100
37388876436297,10:23:08.876,13.9300,15
37390889009787,10:23:10.889,13.9100,100
37421720106369,10:23:41.720,13.8200,300
37421727365053,10:23:41.727,13.8100,100
37421727365053,10:23:41.727,13.8100,100
37427582833114,10:23:47.582,13.8300,100
37428997535165,10:23:48.997,13.8400,100
37567651688151,10:26:07.651,13.9500,50
37567651691851,10:26:07.651,13.9500,50
37625599945935,10:27:05.599,13.9600,33
37625600867233,10:27:05.600,13.9600,67
37625674425610,10:27:05.674,13.9600,33
37944875638139,10:32:24.875,13.9900,51
37944875639447,10:32:24.875,14.0000,126
37944875639987,10:32:24.875,14.0000,50
37944875703798,10:32:24.875,14.0000,50
37944876604664,10:32:24.876,13.9900,100
37944876604664,10:32:24.876,13.9900,100
37944876604664,10:32:24.876,13.9900,100
37944876604664,10:32:24.876,13.9900,100
37944876604664,10:32:24.876,13.9900,100
37944876604664,10:32:24.876,13.9900,100
37944877563520,10:32:24.877,13.9700,100
37944878037087,10:32:24.878,13.9900,100
37945684729196,10:32:25.684,13.9700,100
37945684884861,10:32:25.684,13.9700,100
37985857825835,10:33:05.857,13.9600,100
38086431283660,10:34:46.431,13.9600,100
38087788570475,10:34:47.788,13.9500,100
38089789816017,10:34:49.789,13.9500,7
38089789816017,10:34:49.789,13.9500,93
38090792233528,10:34:50.792,13.9500,100
38091865701502,10:34:51.865,13.9500,100
38158834838288,10:35:58.834,13.9600,200
38198969014410,10:36:38.969,13.9500,70
38198969014410,10:36:38.969,13.9500,7
38289606268464,10:38:09.606,13.9700,5
38289609181368,10:38:09.609,13.9500,100
38289609329028,10:38:09.609,13.9400,100
38297509452606,10:38:17.509,13.9500,200
38300880791029,10:38:20.880,13.9500,15
38300880791029,10:38:20.880,13.9500,100
38300880791029,10:38:20.880,13.9500,100
38300880791029,10:38:20.880,13.9500,100
38300880791029,10:38:20.880,13.9500,100
38300880791029,10:38:20.880,13.9500,100
38308117327744,10:38:28.117,13.9700,100
38362618885134,10:39:22.618,13.9800,100
38362618885134,10:39:22.618,13.9800,100
38362618885134,10:39:22.618,13.9800,100
38362618885134,10:39:22.618,13.9800,100
38447994399277,10:40:47.994,13.9700,100
38447994399277,10:40:47.994,13.9700,100
38447994399277,10:40:47.994,13.9700,100
38447994399277,10:40:47.994,13.9700,100
38447994399277,10:40:47.994,13.9700,100
38457945618057,10:40:57.945,13.9500,9
38457945618057,10:40:57.945,13.9500,71
38457945618057,10:40:57.945,13.9500,20
38495719159382,10:41:35.719,13.9700,100
38495719159382,10:41:35.719,13.9700,100
38495739952155,10:41:35.739,13.9500,100
38497755596637,10:41:37.755,13.9400,100
38497755812650,10:41:37.755,13.9400,100
38615803519855,10:43:35.803,13.9400,95
38630516636128,10:43:50.516,13.9400,5
38630516636128,10:43:50.516,13.9400,95
38630516672234,10:43:50.516,13.9400,5
38630516672234,10:43:50.516,13.9400,4
38630516675049,10:43:50.516,13.9400,50
38630516723067,10:43:50.516,13.9400,46
38714892454434,10:45:14.892,13.9500,29
38792810649251,10:46:32.810,13.9900,200
39020065697269,10:50:20.065,14.0000,100
39177283975025,10:52:57.283,14.0800,9
39177283975025,10:52:57.283,14.0700,15
39177283975025,10:52:57.283,14.0700,76
39177284014120,10:52:57.284,14.0700,24
39177284024764,10:52:57.284,14.0400,26
39177284029344,10:52:57.284,14.0400,50
39177284449763,10:52:57.284,14.0400,24
39295184161354,10:54:55.184,14.0500,5
39486205871151,10:58:06.205,14.1400,37
39486205872985,10:58:06.205,14.1400,63
39486205872985,10:58:06.205,14.1400,100
39538829326163,10:58:58.829,14.0900,7
39538892864534,10:58:58.892,14.0900,5
39538892864534,10:58:58.892,14.0900,100
39538892864534,10:58:58.892,14.0900,195
39666552627762,11:01:06.552,14.1300,100
39666552792980,11:01:06.552,14.1600,20
39666553231810,11:01:06.553,14.1600,30
39686946293515,11:01:26.946,14.1700,7
39722176488253,11:02:02.176,14.1600,100
39836953625943,11:03:56.953,14.1600,3
39906199502292,11:05:06.199,14.1300,100
39909481638280,11:05:09.481,14.1200,100
39909481638280,11:05:09.481,14.1300,300
39909481638280,11:05:09.481,14.1300,90
39909481638280,11:05:09.481,14.1300,10
40249325162449,11:10:49.325,14.1200,100
40569510228341,11:16:09.510,14.1400,100
40569510234767,11:16:09.510,14.1400,138
40569510253107,11:16:09.510,14.1400,124
40569510431850,11:16:09.510,14.1400,200
40569510466131,11:16:09.510,14.1400,1438
40569510867857,11:16:09.510,14.1500,100
40814938740653,11:20:14.938,14.1700,100
40814938740653,11:20:14.938,14.1700,95
40840242430664,11:20:40.242,14.1700,54
40994661084701,11:23:14.661,14.1300,100
41254204254544,11:27:34.204,14.1200,100
41299668720441,11:28:19.668,14.1000,100
41457892953925,11:30:57.892,14.0800,100
41596428508196,11:33:16.428,14.0200,22
41596428508196,11:33:16.428,14.0200,78
41970149792447,11:39:30.149,14.0000,100
41974389459556,11:39:34.389,14.0100,100
42023451913581,11:40:23.451,14.0100,10
42023452350815,11:40:23.452,14.0100,90
42142051158143,11:42:22.051,13.9800,100
42142051158143,11:42:22.051,13.9800,100
42514836693399,11:48:34.836,13.9900,5
43202837334118,12:00:02.837,14.0100,5
43202837334118,12:00:02.837,14.0100,95
43302537362768,12:01:42.537,13.9900,53
43302537803268,12:01:42.537,13.9900,47
43386314561279,12:03:06.314,14.0100,5
43386314561279,12:03:06.314,14.0100,90
43659660751749,12:07:39.660,13.9500,63
43659660754440,12:07:39.660,13.9500,37
43659660761204,12:07:39.660,13.9400,163
43659660763770,12:07:39.660,13.9400,100
43659660801796,12:07:39.660,13.9400,37
44566205282942,12:22:46.205,14.0400,5
44566205282942,12:22:46.205,14.0400,100
44566214427492,12:22:46.214,14.1000,300
44566218004889,12:22:46.218,14.1100,500
44566222304663,12:22:46.222,14.1200,300
44566222304663,12:22:46.222,14.1200,300
44566222304663,12:22:46.222,14.1200,100
44566222304663,12:22:46.222,14.1200,100
44619063678371,12:23:39.063,14.0800,100
44721931169768,12:25:21.931,14.0500,100
44721931169768,12:25:21.931,14.0500,100
44901352884814,12:28:21.352,14.1200,5
45005195013800,12:30:05.195,14.1450,100
45037679484083,12:30:37.679,14.1600,100
45039136296446,12:30:39.136,14.1600,100
45520351354342,12:38:40.351,14.1500,100
45883024884548,12:44:43.024,14.1200,100
46114860940594,12:48:34.860,14.1400,1553
46432473934564,12:53:52.473,14.2000,100
46444974602064,12:54:04.974,14.2400,100
46445034913967,12:54:05.034,14.2400,100
46506686117615,12:55:06.686,14.2200,100
46865967874383,13:01:05.967,14.2300,100
47332954679059,13:08:52.954,14.2400,5
47355849992986,13:09:15.849,14.2350,100
47355850051942,13:09:15.850,14.2400,100
47934890688315,13:18:54.890,14.2300,10
47952892213278,13:19:12.892,14.2400,5
47952892213278,13:19:12.892,14.2400,95
48098930525345,13:21:38.930,14.2300,90
48098930525345,13:21:38.930,14.2300,28
48098931646025,13:21:38.931,14.2200,100
48103334864748,13:21:43.334,14.2100,100
48103334864748,13:21:43.334,14.2100,100
48103336357912,13:21:43.336,14.2000,100
48103414798369,13:21:43.414,14.2000,83
48103414798369,13:21:43.414,14.2000,100
48142592343993,13:22:22.592,14.1800,15
48405583776236,13:26:45.583,14.1700,200
48405584215567,13:26:45.584,14.1600,108
48405584289824,13:26:45.584,14.1600,100
48406992679003,13:26:46.992,14.1600,100
48406993950212,13:26:46.993,14.1600,100
48406993992322,13:26:46.993,14.1600,92
48841045779077,13:34:01.045,14.1500,126
48841045789727,13:34:01.045,14.1500,74
48841626010303,13:34:01.626,14.1500,100
48861343188095,13:34:21.343,14.1600,20
49027926780671,13:37:07.926,14.1600,67
49123531113048,13:38:43.531,14.1500,100
49123531113048,13:38:43.531,14.1500,100
49123531254890,13:38:43.531,14.1400,74
49123531256079,13:38:43.531,14.1400,26
49206889908343,13:40:06.889,14.1000,47
49206889962316,13:40:06.889,14.1000,44
49206889963779,13:40:06.889,14.1000,9
49206890583392,13:40:06.890,14.1100,100
49206890680562,13:40:06.890,14.1000,100
49209037771117,13:40:09.037,14.0800,100
49645298399629,13:47:25.298,14.1100,5
49645298445412,13:47:25.298,14.1100,5
49853841339839,13:50:53.841,14.1100,100
50110869236890,13:55:10.869,14.0300,10
50110869236890,13:55:10.869,14.0400,40
50110869239781,13:55:10.869,14.0400,50
50110871144039,13:55:10.871,14.0400,10
50118180133196,13:55:18.180,14.0400,100
50191988341439,13:56:31.988,14.0300,100
50333905596861,13:58:53.905,14.0400,468
50458872028145,14:00:58.872,14.0800,9
50458872029934,14:00:58.872,14.0800,81
50567873401796,14:02:47.873,14.0800,10
50635323902498,14:03:55.323,14.0900,100
50635325149879,14:03:55.325,14.0900,100
50635325321556,14:03:55.325,14.0900,100
50635325321556,14:03:55.325,14.0900,100
50660297781966,14:04:20.297,14.1000,100
50660831072013,14:04:20.831,14.1000,100
50665656433023,14:04:25.656,14.1000,100
50723059026287,14:05:23.059,14.1200,100
50723932383338,14:05:23.932,14.1200,100
50723932477734,14:05:23.932,14.1200,100
50736279872712,14:05:36.279,14.1000,100
50736280170351,14:05:36.280,14.0900,200
50736280174259,14:05:36.280,14.0900,100
50736281483164,14:05:36.281,14.0800,100
50736288833665,14:05:36.288,14.0800,2
50736758880710,14:05:36.758,14.0700,100
50753698072359,14:05:53.698,14.0800,98
50753698072359,14:05:53.698,14.0800,100
50753698072359,14:05:53.698,14.0800,100
50766752403662,14:06:06.752,14.0900,100
50911008044777,14:08:31.008,14.1000,100
50911008482637,14:08:31.008,14.1000,43
50911008494344,14:08:31.008,14.1000,57
51031015945387,14:10:31.015,14.0800,100
51031015945387,14:10:31.015,14.0800,70
51032098887039,14:10:32.098,14.0700,6
51032098891400,14:10:32.098,14.0700,81
51032098897671,14:10:32.098,14.0700,13
51158137926876,14:12:38.137,14.1600,100
51158137926876,14:12:38.137,14.1500,100
51158137926876,14:12:38.137,14.1500,100
51158137926876,14:12:38.137,14.1500,100
51158137956755,14:12:38.137,14.1500,100
51334978494475,14:15:34.978,14.1500,100
51531285404277,14:18:51.285,14.1300,20
51976655581719,14:26:16.655,14.1400,186
51993871212965,14:26:33.871,14.1300,200
52060610299897,14:27:40.610,14.1000,100
52271114277327,14:31:11.114,14.1100,100
52510579148823,14:35:10.579,14.1200,100
52510579262948,14:35:10.579,14.1200,100
52565543845337,14:36:05.543,14.1100,98
52565544179876,14:36:05.544,14.1100,2
52566964347161,14:36:06.964,14.1100,100
52566966902228,14:36:06.966,14.1000,100
52580701788553,14:36:20.701,14.1100,100
52981539575532,14:43:01.539,14.1500,100
52981539575532,14:43:01.539,14.1500,100
53080577549974,14:44:40.577,14.1700,5
53091846580695,14:44:51.846,14.1600,100
53100508559026,14:45:00.508,14.1600,100
53188823483464,14:46:28.823,14.1600,100
53188823483464,14:46:28.823,14.1600,100
53189279619469,14:46:29.279,14.1600,100
53216220053928,14:46:56.220,14.1600,100
53216220053928,14:46:56.220,14.1600,100
53216221382211,14:46:56.221,14.1600,100
53216222771868,14:46:56.222,14.1600,100
53216228274350,14:46:56.228,14.1600,100
53216476272992,14:46:56.476,14.1600,100
53219318851357,14:46:59.318,14.1600,100
53225676317077,14:47:05.676,14.1600,100
53229317249398,14:47:09.317,14.1600,100
53240395358061,14:47:20.395,14.1600,100
53240413249863,14:47:20.413,14.1600,100
53240414244220,14:47:20.414,14.1600,100
53245361006273,14:47:25.361,14.1600,100
53264780612304,14:47:44.780,14.1600,100
53273985637391,14:47:53.985,14.1600,100
53281077444720,14:48:01.077,14.1600,100
53287100294124,14:48:07.100,14.1600,100
53309804475936,14:48:29.804,14.1500,88
53309804503159,14:48:29.804,14.1500,12
53309804503159,14:48:29.804,14.1500,1
53309804503159,14:48:29.804,14.1500,54
53309804503159,14:48:29.804,14.1500,46
53324441976769,14:48:44.441,14.1400,54
53347287665974,14:49:07.287,14.1400,122
53347287665974,14:49:07.287,14.1300,54
53419129079065,14:50:19.129,14.1200,100
53419129079065,14:50:19.129,14.1200,100
53425726928879,14:50:25.726,14.1100,100
53474618061696,14:51:14.618,14.1000,100
53510760109769,14:51:50.760,14.1100,100
53510760130728,14:51:50.760,14.1100,100
53523529607916,14:52:03.529,14.1100,100
53523543251840,14:52:03.543,14.1100,100
53529213214257,14:52:09.213,14.1100,91
53529213219711,14:52:09.213,14.1100,9
53535257768860,14:52:15.257,14.1100,100
53535258829212,14:52:15.258,14.1100,100
53542002401224,14:52:22.002,14.1100,100
53542014451774,14:52:22.014,14.1100,100
53542017123670,14:52:22.017,14.1100,64
53542029367781,14:52:22.029,14.1100,36
53542029367781,14:52:22.029,14.1100,64
53544868555993,14:52:24.868,14.1100,100
53544868555993,14:52:24.868,14.1100,100
53596570561353,14:53:16.570,14.1300,200
54095776100757,15:01:35.776,14.1300,1
54095776100757,15:01:35.776,14.1300,100
54095776100757,15:01:35.776,14.1300,1
54120195376815,15:02:00.195,14.1200,100
54120195376815,15:02:00.195,14.1200,100
54120195376815,15:02:00.195,14.1200,100
54225754469732,15:03:45.754,14.1200,100
54235022740596,15:03:55.022,14.1200,100
54264041306466,15:04:24.041,14.1100,100
54658687511399,15:10:58.687,14.0800,50
54658687513122,15:10:58.687,14.0800,50
54658687513122,15:10:58.687,14.0800,100
54772073745294,15:12:52.073,14.0900,100
54947278553337,15:15:47.278,14.1200,38
54947278553337,15:15:47.278,14.1200,5
55212052676226,15:20:12.052,14.1100,100
55335268229610,15:22:15.268,14.1000,100
55335791640021,15:22:15.791,14.0900,100
55335791664048,15:22:15.791,14.0900,1
55335791664048,15:22:15.791,14.0900,100
55335791665041,15:22:15.791,14.0900,101
55335791708853,15:22:15.791,14.0900,99
55336051731489,15:22:16.051,14.0900,300
55490112017250,15:24:50.112,14.1000,10
55490112017250,15:24:50.112,14.1000,90
55517106047622,15:25:17.106,14.1000,10
55517106047622,15:25:17.106,14.1000,100
55579603845891,15:26:19.603,14.1400,32
55708996942074,15:28:28.996,14.1600,100
55788757692554,15:29:48.757,14.1700,100
55809640322498,15:30:09.640,14.1600,100
55809640926641,15:30:09.640,14.1500,117
55809640951595,15:30:09.640,14.1500,2383
55885048039069,15:31:25.048,14.1600,100
56051243019182,15:34:11.243,14.1600,100
56051243019182,15:34:11.243,14.1600,96
56051243020088,15:34:11.243,14.1600,4
56051243020088,15:34:11.243,14.1600,46
56051243021005,15:34:11.243,14.1600,54
56051243021005,15:34:11.243,14.1600,10
56051243050194,15:34:11.243,14.1600,90
56051245146879,15:34:11.245,14.1500,1
56051245146879,15:34:11.245,14.1500,2
56051245146879,15:34:11.245,14.1500,97
56051245176734,15:34:11.245,14.1500,3
56070309429384,15:34:30.309,14.1500,5
56312976725767,15:38:32.976,14.1400,100
56313478936571,15:38:33.478,14.1300,1
56313478936571,15:38:33.478,14.1300,99
56313478962815,15:38:33.478,14.1300,1
56360061333738,15:39:20.061,14.1300,100
56360062767692,15:39:20.062,14.1400,100
56360062768982,15:39:20.062,14.1400,100
56360062768982,15:39:20.062,14.1400,88
56360062834299,15:39:20.062,14.1400,12
56360062834299,15:39:20.062,14.1400,100
56360062834299,15:39:20.062,14.1400,23
56480473000341,15:41:20.473,14.1200,100
56612345864041,15:43:32.345,14.1100,5
56612345864041,15:43:32.345,14.1100,95
56612345902565,15:43:32.345,14.1100,5
56669614802889,15:44:29.614,14.1100,1
56669615236675,15:44:29.615,14.1000,100
56669615236675,15:44:29.615,14.1000,1
56868983111581,15:47:48.983,14.1000,13
56868983111581,15:47:48.983,14.1000,87
56911752600128,15:48:31.752,14.1000,13
56911752600128,15:48:31.752,14.1000,100
56911752600128,15:48:31.752,14.1000,100
56911752600128,15:48:31.752,14.1000,87
56911753153895,15:48:31.753,14.0900,11
56911753159696,15:48:31.753,14.0900,16
56911753166582,15:48:31.753,14.0900,42
56911753485682,15:48:31.753,14.0900,31
56911753485682,15:48:31.753,14.0900,1
56911753485682,15:48:31.753,14.0900,30
56911753491995,15:48:31.753,14.0900,38
56911753606067,15:48:31.753,14.0900,32
56911755988402,15:48:31.755,14.0900,10
56964407097175,15:49:24.407,14.1000,150
56964407097175,15:49:24.407,14.1000,50
56964407134713,15:49:24.407,14.1000,50
56964407734678,15:49:24.407,14.1100,36
56964408245201,15:49:24.408,14.1100,37
56964462425395,15:49:24.462,14.1050,100
57015095673244,15:50:15.095,14.0900,100
57015095673244,15:50:15.095,14.0900,100
57075388752483,15:51:15.388,14.1100,100
57122410349210,15:52:02.410,14.1100,50
57151104617605,15:52:31.104,14.1000,100
57151137520368,15:52:31.137,14.1000,12
57151137520368,15:52:31.137,14.1000,88
57205826417453,15:53:25.826,14.0900,1
57205826417453,15:53:25.826,14.0900,100
57205826417453,15:53:25.826,14.0900,100
57205826417453,15:53:25.826,14.0900,12
57235490350409,15:53:55.490,14.0700,87
57235490353546,15:53:55.490,14.0700,13
57260048095142,15:54:20.048,14.0700,5
57283417098164,15:54:43.417,14.0900,2
57283417098164,15:54:43.417,14.0900,98
57283838526156,15:54:43.838,14.0900,2
57322308515350,15:55:22.308,14.1100,41
57330488720248,15:55:30.488,14.1000,100
57330491405918,15:55:30.491,14.0900,1
57330491405918,15:55:30.491,14.0900,1
57330494682923,15:55:30.494,14.0900,1
57394114142195,15:56:34.114,14.0900,8
57394114142195,15:56:34.114,14.0900,8
57394114142195,15:56:34.114,14.0900,1
57457326516727,15:57:37.326,14.1100,2
57484563985063,15:58:04.563,14.1100,100
57524573578778,15:58:44.573,14.1100,5
57526623006905,15:58:46.623,14.1150,400
57538201229453,15:58:58.201,14.1000,9
57538201229453,15:58:58.201,14.1000,17
57541443850204,15:59:01.443,14.0900,100
57598019654932,15:59:58.019,14.1000,87
57600465931534,16:00:00.465,0.0000,0
