timestamp,time,price,volume
34200946312555,09:30:00.946,62.5000,2138
34203128738551,09:30:03.128,62.6500,10
34230009818526,09:30:30.009,62.6500,90
34230010049775,09:30:30.010,62.7000,525
34230187829538,09:30:30.187,62.9500,100
34230187829538,09:30:30.187,62.9700,100
34230187829538,09:30:30.187,62.9900,125
34230411829133,09:30:30.411,63.0000,100
34262886220331,09:31:02.886,63.3000,100
34263367854989,09:31:03.367,63.3100,100
34267185584229,09:31:07.185,63.5000,997
34362278649591,09:32:42.278,64.0000,100
34362278649591,09:32:42.278,64.0000,96
34362278649591,09:32:42.278,64.0000,4
34362914231935,09:32:42.914,64.0700,100
34362914231935,09:32:42.914,64.0700,100
34395447848182,09:33:15.447,64.1000,100
34395447848182,09:33:15.447,64.0100,3
34395454724383,09:33:15.454,64.3400,100
34395458205631,09:33:15.458,64.4400,100
34421720661936,09:33:41.720,64.4800,100
34421720661936,09:33:41.720,64.4500,53
34421720723573,09:33:41.720,64.4500,100
34421720796008,09:33:41.720,64.4500,100
34423271746029,09:33:43.271,64.2100,100
34423272231755,09:33:43.272,64.2100,100
34451002791515,09:34:11.002,63.9600,4
34482992968556,09:34:42.992,63.9100,10
34482993249840,09:34:42.993,63.9100,10
34482994266020,09:34:42.994,63.9100,10
34489733370522,09:34:49.733,64.0000,10
34489733370522,09:34:49.733,64.0000,100
34489733578064,09:34:49.733,64.0000,100
34489733653192,09:34:49.733,64.0000,20
34489733653192,09:34:49.733,64.0000,16
34489733653192,09:34:49.733,63.9900,64
34489733700741,09:34:49.733,63.9100,10
34489733700741,09:34:49.733,63.8900,20
34489733700741,09:34:49.733,63.8900,20
34489733700741,09:34:49.733,63.8600,20
34489733700741,09:34:49.733,63.8600,20
34489733700741,09:34:49.733,63.8500,10
34492738727816,09:34:52.738,64.3900,175
34603906125732,09:36:43.906,64.1000,100
34603906191387,09:36:43.906,64.1000,100
34603906227572,09:36:43.906,64.1000,100
34603906255271,09:36:43.906,64.1000,100
34605607904480,09:36:45.607,63.9600,30
34605607904480,09:36:45.607,63.9400,57
34605607965146,09:36:45.607,63.9400,30
34605608522566,09:36:45.608,63.8700,20
34605608522566,09:36:45.608,63.8700,20
34605608719586,09:36:45.608,63.8500,90
34605608719586,09:36:45.608,63.8500,10
34605608944614,09:36:45.608,63.8500,90
34611912060134,09:36:51.912,63.8500,2
34623364815651,09:37:03.364,63.8500,39
34623364901417,09:37:03.364,63.8500,41
34631662537544,09:37:11.662,63.9900,100
34632592632344,09:37:12.592,63.9900,100
34632592692481,09:37:12.592,63.9900,100
34633726037325,09:37:13.726,63.9900,100
34652132821666,09:37:32.132,63.7600,60
34652132821666,09:37:32.132,63.7600,40
34656493621439,09:37:36.493,63.7600,20
34656493621439,09:37:36.493,63.7600,40
34656493621439,09:37:36.493,63.7500,440
34770885355025,09:39:30.885,63.7600,100
34770885678150,09:39:30.885,63.7800,100
34770885685484,09:39:30.885,63.7600,100
34770885969637,09:39:30.885,63.7600,36
34770886038016,09:39:30.886,63.7600,64
34770886128008,09:39:30.886,63.7800,100
34770888240597,09:39:30.888,63.6200,40
34770958128476,09:39:30.958,63.6100,64
34770958656271,09:39:30.958,63.5700,100
34770958667294,09:39:30.958,63.5700,100
34770958690670,09:39:30.958,63.5700,237
34770958707819,09:39:30.958,63.5700,100
34770958726488,09:39:30.958,63.5700,63
34770958726488,09:39:30.958,63.5700,37
34770958753399,09:39:30.958,63.5700,63
34770958800718,09:39:30.958,63.5700,100
34770958812108,09:39:30.958,63.5700,100
34770958846663,09:39:30.958,63.5700,100
34770958906357,09:39:30.958,63.5700,100
34770958980610,09:39:30.958,63.5700,100
34770959025111,09:39:30.959,63.5700,20
34770959259710,09:39:30.959,63.5700,600
34770959402184,09:39:30.959,63.6100,28
34770959544123,09:39:30.959,63.6100,56
34770959577920,09:39:30.959,63.6100,52
34771018633691,09:39:31.018,63.5700,200
34772058914824,09:39:32.058,63.7700,100
34772843451386,09:39:32.843,63.7900,100
34773627033047,09:39:33.627,63.7600,100
34774391354565,09:39:34.391,63.7900,100
34774839955385,09:39:34.839,63.7900,100
34775189410441,09:39:35.189,63.7700,100
34779901578293,09:39:39.901,63.5700,100
34779901704355,09:39:39.901,63.5700,100
34823829028896,09:40:23.829,63.8200,100
34828321270103,09:40:28.321,63.8200,100
34830419958238,09:40:30.419,63.8300,100
34830420074201,09:40:30.420,63.8300,100
34830420380908,09:40:30.420,63.8300,100
34833195913062,09:40:33.195,63.8300,100
34839869298242,09:40:39.869,63.5500,100
34839869385060,09:40:39.869,63.5500,100
34843961178412,09:40:43.961,63.5700,100
34844745260413,09:40:44.745,63.5900,13
34844745297391,09:40:44.745,63.5900,87
34878314177339,09:41:18.314,63.5500,100
34878314177339,09:41:18.314,63.5600,100
34878366077597,09:41:18.366,63.5600,100
34878366077597,09:41:18.366,63.5700,100
34878777352275,09:41:18.777,63.4100,100
34878777415028,09:41:18.777,63.4100,100
34886528909605,09:41:26.528,63.4900,600
34886529002648,09:41:26.529,63.4900,50
34886529008128,09:41:26.529,63.4900,100
34886529020033,09:41:26.529,63.4900,200
34886529229408,09:41:26.529,63.4900,50
34886529308842,09:41:26.529,63.4900,50
34886529434557,09:41:26.529,63.4900,100
34886531802263,09:41:26.531,63.4900,60
34887425830591,09:41:27.425,63.4900,200
34887447869621,09:41:27.447,63.4900,200
34927650189228,09:42:07.650,63.4100,50
34927650189228,09:42:07.650,63.4100,50
34927650284813,09:42:07.650,63.4100,50
34927650284813,09:42:07.650,63.4000,50
34927650287775,09:42:07.650,63.4000,50
34927650682088,09:42:07.650,63.3500,100
35005404386661,09:43:25.404,63.3100,6
35005404770899,09:43:25.404,63.1600,100
35005404854172,09:43:25.404,63.1500,100
35035086733459,09:43:55.086,62.8400,100
35035086801143,09:43:55.086,62.8500,100
35035086817146,09:43:55.086,62.8400,100
35052498712402,09:44:12.498,62.9800,100
35052542608300,09:44:12.542,63.0000,100
35078092415584,09:44:38.092,63.1400,100
35082334578043,09:44:42.334,63.1300,100
35084199932314,09:44:44.199,63.1400,100
35084199993076,09:44:44.199,63.1400,100
35086389525717,09:44:46.389,63.0000,100
35092807153057,09:44:52.807,62.8100,100
35095728183043,09:44:55.728,62.8100,100
35108291264749,09:45:08.291,62.7900,100
35129122599500,09:45:29.122,62.5900,8
35129123278875,09:45:29.123,62.5800,8
35135920491500,09:45:35.920,62.6300,100
35135920491500,09:45:35.920,62.6300,22
35135921026149,09:45:35.921,62.5800,84
35135921058692,09:45:35.921,62.6300,100
35233813183406,09:47:13.813,62.9200,100
35233813278203,09:47:13.813,62.9300,100
35326944946364,09:48:46.944,62.9500,100
35326944946364,09:48:46.944,62.9100,12
35326945021870,09:48:46.945,62.9100,100
35343949712561,09:49:03.949,62.7900,1000
35344972754671,09:49:04.972,62.7900,1000
35345141059858,09:49:05.141,62.7900,992
35345142818866,09:49:05.142,62.7900,8
35359494932083,09:49:19.494,62.8400,100
35366511127001,09:49:26.511,62.8900,100
35369104202619,09:49:29.104,62.8800,8
35369104202619,09:49:29.104,62.8000,100
35369104687486,09:49:29.104,62.8000,100
35374387755176,09:49:34.387,62.7400,100
35374388089791,09:49:34.388,62.7400,100
35378975176543,09:49:38.975,62.6800,100
35378975176543,09:49:38.975,62.6600,100
35378975930079,09:49:38.975,62.6600,100
35410391544803,09:50:10.391,62.4100,100
35457844809202,09:50:57.844,62.4000,100
35457844889802,09:50:57.844,62.4000,10
35510946443107,09:51:50.946,62.4700,100
35510963269271,09:51:50.963,62.5400,100
35510963627491,09:51:50.963,62.5400,100
35629304781055,09:53:49.304,62.0100,49
35630467403115,09:53:50.467,62.0000,50
35630467403115,09:53:50.467,62.0000,100
35637204418191,09:53:57.204,62.0000,100
35639789447418,09:53:59.789,62.0000,100
35639789561909,09:53:59.789,62.0000,100
35641962532188,09:54:01.962,61.8600,100
35641973955902,09:54:01.973,61.8600,100
35641988929423,09:54:01.988,61.8500,100
35661449004240,09:54:21.449,61.6500,1
35661449004240,09:54:21.449,61.6200,99
35661713398418,09:54:21.713,61.7500,100
35661713462694,09:54:21.713,61.7700,100
35661713976332,09:54:21.713,61.7700,100
35667281136155,09:54:27.281,61.7700,51
35667281141070,09:54:27.281,61.7700,49
35668282150534,09:54:28.282,61.7700,2
35668282158775,09:54:28.282,61.7700,50
35668282188662,09:54:28.282,61.7700,48
35668282220919,09:54:28.282,61.7700,48
35668282250877,09:54:28.282,61.7700,2
35668282273286,09:54:28.282,61.7700,50
35670836053627,09:54:30.836,61.7800,100
35670836535322,09:54:30.836,61.7800,100
35681079481988,09:54:41.079,61.8800,100
35690549677684,09:54:50.549,61.9000,100
35690549677684,09:54:50.549,61.9000,100
35715091374990,09:55:15.091,61.8100,100
35715091471697,09:55:15.091,61.7300,100
35715096564606,09:55:15.096,61.8100,10
35717579745160,09:55:17.579,61.7100,129
35717579745160,09:55:17.579,61.8700,71
35728136329346,09:55:28.136,61.8900,100
35728136415841,09:55:28.136,61.8900,100
35754236483415,09:55:54.236,61.9800,100
35756227239218,09:55:56.227,61.8500,100
35756227801582,09:55:56.227,61.8400,100
35756227891867,09:55:56.227,61.8400,100
35760071092226,09:56:00.071,61.8500,100
35763544414168,09:56:03.544,61.9900,100
35764624615571,09:56:04.624,61.9900,100
35764625246585,09:56:04.625,61.9900,100
35764625665039,09:56:04.625,62.0000,100
35764625814878,09:56:04.625,62.0000,200
35764625976636,09:56:04.625,62.0000,100
35764626066619,09:56:04.626,62.0000,100
35767447321361,09:56:07.447,61.8600,100
35772237379603,09:56:12.237,62.0200,100
35776481407063,09:56:16.481,61.8500,100
35777483010891,09:56:17.483,61.8500,100
35781164730989,09:56:21.164,61.8500,100
35781164910495,09:56:21.164,61.8500,100
35781165042391,09:56:21.165,61.8500,100
35787918688492,09:56:27.918,61.8300,100
35787922656594,09:56:27.922,61.8300,100
35787925532856,09:56:27.925,61.8300,100
35787925532856,09:56:27.925,61.8200,100
35787925532856,09:56:27.925,61.8000,80
35787966305922,09:56:27.966,61.8000,20
35800946601747,09:56:40.946,61.9700,100
35814236039067,09:56:54.236,61.9700,100
35828898510644,09:57:08.898,61.8000,100
35828898510644,09:57:08.898,61.8000,100
35828899033609,09:57:08.899,61.8000,100
35829421205820,09:57:09.421,61.7300,100
35830476441303,09:57:10.476,61.7800,100
35831477423295,09:57:11.477,61.7800,100
35833299969949,09:57:13.299,61.6300,100
35839112961554,09:57:19.112,61.6200,100
35852656515232,09:57:32.656,61.9200,100
35909936782695,09:58:29.936,61.9400,23
35909936782695,09:58:29.936,61.9600,77
35922943417366,09:58:42.943,61.9600,100
35936035825142,09:58:56.035,61.9600,100
35949236469654,09:59:09.236,61.9600,100
35962435837433,09:59:22.435,61.9600,100
35975636528301,09:59:35.636,61.9700,100
35975636587420,09:59:35.636,61.9700,28
35975637031272,09:59:35.637,61.9700,100
35975637082372,09:59:35.637,61.9700,72
35975637092971,09:59:35.637,61.9700,100
35975637117315,09:59:35.637,61.9700,100
35975640982541,09:59:35.640,61.9700,200
36000889221424,10:00:00.889,62.0300,63
36036533345210,10:00:36.533,62.1700,100
36139234210169,10:02:19.234,61.9100,100
36214260573514,10:03:34.260,61.7800,20
36214260573514,10:03:34.260,61.7800,1
36214260573514,10:03:34.260,61.7800,49
36214260573514,10:03:34.260,61.7800,4
36260459762303,10:04:20.459,62.0900,100
36260459762303,10:04:20.459,62.0900,100
36305688384178,10:05:05.688,61.8500,14
36333163303114,10:05:33.163,61.8100,51
36403714869515,10:06:43.714,61.9000,100
36408239657610,10:06:48.239,61.7900,100
36484145478734,10:08:04.145,61.7800,45
36484145539099,10:08:04.145,61.7800,34
36484145540658,10:08:04.145,61.7800,50
36484145542496,10:08:04.145,61.7800,16
36484145558356,10:08:04.145,61.7700,100
36484145559021,10:08:04.145,61.7700,100
36484145560566,10:08:04.145,61.7700,20
36484145560566,10:08:04.145,61.7600,80
36484146987962,10:08:04.146,61.7600,20
36484146987962,10:08:04.146,61.7600,6
36571174788994,10:09:31.174,61.7600,46
36571174928708,10:09:31.174,61.7600,100
36584627906398,10:09:44.627,61.8700,23
36802049150937,10:13:22.049,61.6200,50
36806804476226,10:13:26.804,61.7300,15
36823671195957,10:13:43.671,61.5100,100
36850554134343,10:14:10.554,61.5500,2
36854204494656,10:14:14.204,61.6800,100
36854204494656,10:14:14.204,61.6800,100
36854204494656,10:14:14.204,61.6800,3
36854204494656,10:14:14.204,61.6800,1
36854205681360,10:14:14.205,61.7300,100
36854205681360,10:14:14.205,61.7300,100
36871592403994,10:14:31.592,61.8900,1
36871593275613,10:14:31.593,61.9600,23
36877687159805,10:14:37.687,61.8800,100
36877687252327,10:14:37.687,61.8900,20
36877687888120,10:14:37.687,61.9900,100
36877688323967,10:14:37.688,61.9900,100
36877688323967,10:14:37.688,61.9900,100
36878672409004,10:14:38.672,61.9900,100
36878672409004,10:14:38.672,61.9900,44
36878672492329,10:14:38.672,61.9900,200
36878672493824,10:14:38.672,61.9900,100
36878672496411,10:14:38.672,61.9900,100
36878672496411,10:14:38.672,62.0000,100
36878673069292,10:14:38.673,61.9900,100
36878673536942,10:14:38.673,61.9900,6
36995706332676,10:16:35.706,61.9000,100
36995706431884,10:16:35.706,62.0000,100
37050228779547,10:17:30.228,61.7900,100
37090002263435,10:18:10.002,61.7300,100
37090002263435,10:18:10.002,61.7100,100
37090002263435,10:18:10.002,61.7100,200
37116025227179,10:18:36.025,61.7300,11
37147573026582,10:19:07.573,61.7200,10
37147573026582,10:19:07.573,61.7000,190
37147573074067,10:19:07.573,61.7000,310
37147573564122,10:19:07.573,61.6300,35
37147573641677,10:19:07.573,61.6200,100
37147598683144,10:19:07.598,61.6200,20
37238686787565,10:20:38.686,61.6900,100
37238686847405,10:20:38.686,61.7000,100
37238686902668,10:20:38.686,61.7000,100
37238686934095,10:20:38.686,61.7000,20
37238687021125,10:20:38.687,61.7000,100
37323967244323,10:22:03.967,61.7300,6
37335430064638,10:22:15.430,61.8400,100
37344187396411,10:22:24.187,61.8400,20
37344187396411,10:22:24.187,61.8500,80
37384004273805,10:23:04.004,61.8000,100
37424054138869,10:23:44.054,61.8700,100
37618581197843,10:26:58.581,61.8700,100
37622837112570,10:27:02.837,61.8700,100
37622837112570,10:27:02.837,61.8700,20
37630008134784,10:27:10.008,61.9400,11
37630020994638,10:27:10.020,62.0000,100
37630021420869,10:27:10.021,62.0000,2
37632607220473,10:27:12.607,61.9300,100
37632607338620,10:27:12.607,62.0000,20
37632607398127,10:27:12.607,62.0000,100
37649398357042,10:27:29.398,61.9900,200
37649398357042,10:27:29.398,61.9900,20
37649398357042,10:27:29.398,61.9900,100
37649525571848,10:27:29.525,62.2300,100
37649526314245,10:27:29.526,62.2400,100
37649526374569,10:27:29.526,62.2400,100
37649551446625,10:27:29.551,62.2200,20
37667441442318,10:27:47.441,62.2100,100
37667441444806,10:27:47.441,62.2100,100
37667441545465,10:27:47.441,62.2100,100
37667441546917,10:27:47.441,62.2100,100
37667441873704,10:27:47.441,62.2100,100
37670453685759,10:27:50.453,62.1100,100
37696299062886,10:28:16.299,62.2800,11
37705297888615,10:28:25.297,62.2900,20
37705297888615,10:28:25.297,62.2900,80
37705297950866,10:28:25.297,62.2900,20
37782643522616,10:29:42.643,62.2000,100
37782643964247,10:29:42.643,62.2000,100
37810690687601,10:30:10.690,62.3700,77
37810690687601,10:30:10.690,62.3800,60
37810690687601,10:30:10.690,62.3800,23
37810690690615,10:30:10.690,62.3800,77
37810698355823,10:30:10.698,62.3800,36
37810698355823,10:30:10.698,62.3800,13
37810698355823,10:30:10.698,62.3800,50
37810699603255,10:30:10.699,62.4600,9
37855687571360,10:30:55.687,62.3700,10
37900087802961,10:31:40.087,62.4500,100
37911152316332,10:31:51.152,62.3500,1
37919627556998,10:31:59.627,62.2100,10
37976640557112,10:32:56.640,62.2500,100
37978552050073,10:32:58.552,62.2800,100
38013620062282,10:33:33.620,62.2900,1
38015612830587,10:33:35.612,62.2900,99
38015612830587,10:33:35.612,62.2900,100
38015612830587,10:33:35.612,62.2800,1
38016333315869,10:33:36.333,62.2900,100
38016333335896,10:33:36.333,62.2800,99
38016334090926,10:33:36.334,62.2800,100
38016335705595,10:33:36.335,62.2700,8
38016335927014,10:33:36.335,62.2700,8
38016336043221,10:33:36.336,62.2700,16
38016339006657,10:33:36.339,62.2700,32
38016339418669,10:33:36.339,62.2700,32
38071249313287,10:34:31.249,62.2500,99
38199769146140,10:36:39.769,62.3600,300
38199769269273,10:36:39.769,62.3700,100
38199769309602,10:36:39.769,62.3900,10
38199769935199,10:36:39.769,62.4100,58
38199769968938,10:36:39.769,62.4100,42
38233987008426,10:37:13.987,62.4100,100
38243958251450,10:37:23.958,62.3600,100
38243958682310,10:37:23.958,62.3600,100
38243958777419,10:37:23.958,62.3600,100
38243958778018,10:37:23.958,62.3600,100
38243959370745,10:37:23.959,62.3600,100
38243968775830,10:37:23.968,62.3600,200
38313133987067,10:38:33.133,62.2900,100
38371292088471,10:39:31.292,62.3700,19
38419974008850,10:40:19.974,62.2300,5
38604234110847,10:43:24.234,62.2100,100
38615976937226,10:43:35.976,62.1900,5
38637383007442,10:43:57.383,62.3500,95
38695237716604,10:44:55.237,62.3100,19
38695237716604,10:44:55.237,62.3100,100
38695238430630,10:44:55.238,62.3200,100
38729498663822,10:45:29.498,62.4200,9
38811005053678,10:46:51.005,62.3500,100
38811005053678,10:46:51.005,62.3500,1
38811005557429,10:46:51.005,62.3500,100
38811005681458,10:46:51.005,62.3500,100
38811006160807,10:46:51.006,62.3500,2
38849032951925,10:47:29.032,62.4600,11
38862418438813,10:47:42.418,62.4700,100
38872264116063,10:47:52.264,62.3900,98
38897127196937,10:48:17.127,62.3500,98
38940176552062,10:49:00.176,62.3900,9
38940176552062,10:49:00.176,62.3900,7
39099034478374,10:51:39.034,62.4400,2
39099034478374,10:51:39.034,62.4400,4
39265601299342,10:54:25.601,62.4900,20
39288037684509,10:54:48.037,62.5000,2
39288037684509,10:54:48.037,62.5000,100
39288037684509,10:54:48.037,62.5000,7
39306596205180,10:55:06.596,62.5800,100
39306602519849,10:55:06.602,62.6900,100
39306602519849,10:55:06.602,62.6900,100
39306602519849,10:55:06.602,62.7000,100
39306616811806,10:55:06.616,62.5900,20
39306913091478,10:55:06.913,62.7000,100
39306913091478,10:55:06.913,62.7000,100
39331779722663,10:55:31.779,62.8600,1
39331779722663,10:55:31.779,62.9400,99
39334159825547,10:55:34.159,62.7700,48
39346022302460,10:55:46.022,62.7300,8
39374541778600,10:56:14.541,62.7100,49
39423049619705,10:57:03.049,62.6900,9
39451569648954,10:57:31.569,62.7600,20
39451569648954,10:57:31.569,62.7600,80
39460955315402,10:57:40.955,62.7600,1
39516049697862,10:58:36.049,62.6700,6
39516049797076,10:58:36.049,62.6700,2
39516049863120,10:58:36.049,62.6600,14
39516049863120,10:58:36.049,62.6600,100
39521480290455,10:58:41.480,62.5500,99
39521480349161,10:58:41.480,62.5500,1
39521480349161,10:58:41.480,62.5500,16
39572931156384,10:59:32.931,62.5800,100
39572931156384,10:59:32.931,62.5800,20
39572931156384,10:59:32.931,62.5800,3
39572931629503,10:59:32.931,62.6300,100
39598153097015,10:59:58.153,62.6500,100
39598153097015,10:59:58.153,62.6500,100
39598214830635,10:59:58.214,62.6300,200
39601648272606,11:00:01.648,62.6300,100
39601648577045,11:00:01.648,62.6300,200
39601705387404,11:00:01.705,62.6400,100
39601705440299,11:00:01.705,62.6300,100
39601705446148,11:00:01.705,62.6300,100
39601705447348,11:00:01.705,62.6400,100
39601706426401,11:00:01.706,62.6400,93
39601706427588,11:00:01.706,62.6400,7
39608070230371,11:00:08.070,62.7500,2
39608070301387,11:00:08.070,62.7500,98
39608753830571,11:00:08.753,62.7700,100
39608753896212,11:00:08.753,62.7900,9
39608778225259,11:00:08.778,62.7700,20
39631345501745,11:00:31.345,62.7400,100
39631345501745,11:00:31.345,62.7300,100
39631384220147,11:00:31.384,62.7300,100
39631384220147,11:00:31.384,62.7200,100
39633377875201,11:00:33.377,62.7200,100
39633532919388,11:00:33.532,62.7300,100
39633532919388,11:00:33.532,62.7200,100
39633711810154,11:00:33.711,62.7200,200
39633890618969,11:00:33.890,62.7300,100
39633890618969,11:00:33.890,62.7200,100
39640267388820,11:00:40.267,62.7300,100
39649005064749,11:00:49.005,62.7300,100
39652696318277,11:00:52.696,62.7200,100
39668097171323,11:01:08.097,62.7900,100
39668097229450,11:01:08.097,62.7900,4
39668097229450,11:01:08.097,62.7900,100
39679164906155,11:01:19.164,62.7000,100
39679453502381,11:01:19.453,62.7400,1
39679453566823,11:01:19.453,62.7400,8
39686678659141,11:01:26.678,62.8500,100
39686678659141,11:01:26.678,62.8500,4
39772281687440,11:02:52.281,62.9000,100
39787131790142,11:03:07.131,62.8900,100
39920044939911,11:05:20.044,62.8000,100
39922230810456,11:05:22.230,62.8900,24
39922230810456,11:05:22.230,62.8900,9
39922230810456,11:05:22.230,62.8900,100
39922230916805,11:05:22.230,62.8900,100
39991616338416,11:06:31.616,62.8900,18
39991662336587,11:06:31.662,62.8700,100
40039268460949,11:07:19.268,62.9600,32
40078927230318,11:07:58.927,62.9300,20
40078927230318,11:07:58.927,62.9300,6
40078927230318,11:07:58.927,62.9300,1
40078927230318,11:07:58.927,62.9300,16
40155137210106,11:09:15.137,62.8300,1
40176493204943,11:09:36.493,62.8200,100
40180922159386,11:09:40.922,62.7100,100
40188413489992,11:09:48.413,62.7500,152
40188413489992,11:09:48.413,62.7500,1
40188416923843,11:09:48.416,62.8100,100
40198453463441,11:09:58.453,62.8000,100
40198454540630,11:09:58.454,62.8100,100
40198477417243,11:09:58.477,62.8000,20
40213941683961,11:10:13.941,62.8600,1
40213941683961,11:10:13.941,62.8700,100
40213941683961,11:10:13.941,62.8700,100
40213963452167,11:10:13.963,62.8700,20
40214053282100,11:10:14.053,62.9500,100
40214054384466,11:10:14.054,62.9500,100
40214054736937,11:10:14.054,62.9500,50
40214054788048,11:10:14.054,62.9500,50
40317228136956,11:11:57.228,63.0100,59
40317228136956,11:11:57.228,62.9500,1
40715932996690,11:18:35.932,63.0500,1
40717288801364,11:18:37.288,63.0500,19
40717288801364,11:18:37.288,63.0500,24
40717288801364,11:18:37.288,63.0500,1
40717288801364,11:18:37.288,63.0500,1
40780247387629,11:19:40.247,62.9600,100
40780247387629,11:19:40.247,62.9200,1
40780247387629,11:19:40.247,62.9200,99
40780247728781,11:19:40.247,62.9500,100
40780274820223,11:19:40.274,62.9300,100
40780274820223,11:19:40.274,62.9200,100
40805024264465,11:20:05.024,63.0500,100
40805024830810,11:20:05.024,63.0600,1
40805024833140,11:20:05.024,63.0900,2
40805024865481,11:20:05.024,63.0900,72
40805024893067,11:20:05.024,63.0900,26
40822681017175,11:20:22.681,63.2700,1
40822681017175,11:20:22.681,63.2700,99
40822681277212,11:20:22.681,63.2700,1
40822681277212,11:20:22.681,63.2700,100
40822681277212,11:20:22.681,63.2700,20
40822681277212,11:20:22.681,63.2700,79
40822681333383,11:20:22.681,63.2700,21
40883245148596,11:21:23.245,63.2400,44
40883245593020,11:21:23.245,63.2400,56
40883245593020,11:21:23.245,63.2200,1
41095628765346,11:24:55.628,63.2000,1
41097756866340,11:24:57.756,63.2000,19
41097756866340,11:24:57.756,63.2000,12
41098692787964,11:24:58.692,63.2000,88
41098692787964,11:24:58.692,63.2000,1
41098692787964,11:24:58.692,63.2000,1
41098692787964,11:24:58.692,63.2000,2
41098692787964,11:24:58.692,63.2000,8
41098692827882,11:24:58.692,63.2000,2
41161855719397,11:26:01.855,63.2800,100
41161856814308,11:26:01.856,63.2800,100
41161857061943,11:26:01.857,63.2700,1
41161857066830,11:26:01.857,63.2500,100
41161857070472,11:26:01.857,63.2400,5
41173169026420,11:26:13.169,63.1500,100
41186257001372,11:26:26.257,63.1100,1
41186257001372,11:26:26.257,63.0900,99
41186455401015,11:26:26.455,63.0800,100
41252259772856,11:27:32.259,63.0800,100
41286234472393,11:28:06.234,63.0700,100
41286234472393,11:28:06.234,63.0500,100
41300009173431,11:28:20.009,63.0500,1
41300009173431,11:28:20.009,63.0500,99
41300009821172,11:28:20.009,63.0500,1
41340662995876,11:29:00.662,63.0400,100
41340662995876,11:29:00.662,63.0400,100
41340662995876,11:29:00.662,63.0400,100
41340663918317,11:29:00.663,63.0600,20
41340663918317,11:29:00.663,63.0600,14
41563508256420,11:32:43.508,63.2700,100
41563508328997,11:32:43.508,63.3000,100
41563508328997,11:32:43.508,63.3000,1
41563530929081,11:32:43.530,63.2900,20
41563530935342,11:32:43.530,63.3600,29
41579689030477,11:32:59.689,63.2700,1
41625789095830,11:33:45.789,63.2300,100
41634859909273,11:33:54.859,63.3300,1
41637751093435,11:33:57.751,63.3300,1
41642165698574,11:34:02.165,63.3300,18
41642166526727,11:34:02.166,63.3400,20
41673284664030,11:34:33.284,63.2800,100
41735639387045,11:35:35.639,63.2700,100
41740029482076,11:35:40.029,63.2700,100
41741538961745,11:35:41.538,63.2700,100
41741539620512,11:35:41.539,63.2600,5
41741541630030,11:35:41.541,63.3300,100
41741541673997,11:35:41.541,63.3400,100
41741563522022,11:35:41.563,63.3300,20
41755261613052,11:35:55.261,63.4100,20
41755262523369,11:35:55.262,63.4200,80
41755758538417,11:35:55.758,63.4100,10
41758264422152,11:35:58.264,63.4200,20
41758264422152,11:35:58.264,63.4200,100
41762913024301,11:36:02.913,63.3900,16
41815408456736,11:36:55.408,63.4400,100
41845265343716,11:37:25.265,63.4400,100
41845265343716,11:37:25.265,63.4400,100
41873834838105,11:37:53.834,63.5800,16
41873834838105,11:37:53.834,63.5900,7
41873835638695,11:37:53.835,63.6300,27
41918431297388,11:38:38.431,63.6900,50
41975035642388,11:39:35.035,63.5500,1
41975035642388,11:39:35.035,63.5500,100
41975035642388,11:39:35.035,63.5500,10
41975038694505,11:39:35.038,63.5600,100
41977122103688,11:39:37.122,63.6200,100
41985412385230,11:39:45.412,63.6900,31
42019173335291,11:40:19.173,63.7200,100
42036867328638,11:40:36.867,63.7500,100
42060906370963,11:41:00.906,63.7500,100
42091890209074,11:41:31.890,63.7600,100
42189482106756,11:43:09.482,63.8600,1
42298713061622,11:44:58.713,63.7200,1
42323469690570,11:45:23.469,63.8500,1
42323476365086,11:45:23.476,63.8800,180
42331001073517,11:45:31.001,63.8800,20
42343855812279,11:45:43.855,63.9300,61
42357709987406,11:45:57.709,63.9200,50
42369686699058,11:46:09.686,63.7900,100
42382829350087,11:46:22.829,63.7900,100
42382852029910,11:46:22.852,63.7800,100
42417480283885,11:46:57.480,63.8500,100
42424246900970,11:47:04.246,63.8500,100
42431166340511,11:47:11.166,63.7800,100
42435244369662,11:47:15.244,63.7700,100
42435244448888,11:47:15.244,63.7700,32
42436899353305,11:47:16.899,63.7700,100
42443469415669,11:47:23.469,63.8200,100
42443469430183,11:47:23.469,63.8200,50
42471421131211,11:47:51.421,63.7400,100
42471423974615,11:47:51.423,63.7400,100
42594259214475,11:49:54.259,63.5100,100
42763518281056,11:52:43.518,63.6300,50
42763518281056,11:52:43.518,63.6300,1
42771505674429,11:52:51.505,63.6500,9
42771505674429,11:52:51.505,63.6500,3
42771505674429,11:52:51.505,63.6500,1
42790577433077,11:53:10.577,63.7400,100
42790577433077,11:53:10.577,63.7400,100
42818765097801,11:53:38.765,63.7200,1
42836629510043,11:53:56.629,63.7300,1
42842005366181,11:54:02.005,63.7300,100
42843553558843,11:54:03.553,63.7300,100
42843553560236,11:54:03.553,63.7400,4
42851253783381,11:54:11.253,63.7350,100
42854483606457,11:54:14.483,63.7300,100
42854530680309,11:54:14.530,63.7300,10
42856343500533,11:54:16.343,63.7400,100
42856343500533,11:54:16.343,63.7400,1
42856344977490,11:54:16.344,63.7600,100
42858764085290,11:54:18.764,63.8600,100
42858764085290,11:54:18.764,63.8700,140
42863741073783,11:54:23.741,63.8600,100
42864881077174,11:54:24.881,63.8600,100
42866995484057,11:54:26.995,63.8700,100
42866995552688,11:54:26.995,63.8700,660
42895197446639,11:54:55.197,63.9200,100
42911684776009,11:55:11.684,63.9200,100
42955996438327,11:55:55.996,63.9200,100
43014659239391,11:56:54.659,63.9300,39
43014659239391,11:56:54.659,63.9300,100
43014659239391,11:56:54.659,63.9300,100
43014659239391,11:56:54.659,63.9300,61
43033160695001,11:57:13.160,63.7700,84
43033160695001,11:57:13.160,63.7600,100
43033160695001,11:57:13.160,63.7600,100
43033160695001,11:57:13.160,63.7600,200
43033160695001,11:57:13.160,63.7600,300
43033160695001,11:57:13.160,63.7500,1
43033160695001,11:57:13.160,63.7500,1
43033160695001,11:57:13.160,63.7500,100
43033160695001,11:57:13.160,63.7500,200
43033160695001,11:57:13.160,63.7500,14
43033239226123,11:57:13.239,63.7400,2
43033246338557,11:57:13.246,63.6600,198
43052435719889,11:57:32.435,63.6500,100
43052435719889,11:57:32.435,63.6500,100
43052436111666,11:57:32.436,63.6500,100
43052436113049,11:57:32.436,63.6500,100
43052436113577,11:57:32.436,63.6500,100
43052436165276,11:57:32.436,63.6500,100
43052436165276,11:57:32.436,63.6500,100
43052436432507,11:57:32.436,63.6900,100
43052498828824,11:57:32.498,63.7100,200
43052498828824,11:57:32.498,63.7000,91
43052514960096,11:57:32.514,63.6900,100
43054012368670,11:57:34.012,63.6900,100
43054013397869,11:57:34.013,63.6900,100
43060144942400,11:57:40.144,63.6000,100
43100160894833,11:58:20.160,63.6300,100
43100160894833,11:58:20.160,63.6200,99
43102121927454,11:58:22.121,63.6200,100
43102121927454,11:58:22.121,63.6100,100
43108102410797,11:58:28.102,63.6300,100
43108102410797,11:58:28.102,63.6200,100
43114418789567,11:58:34.418,63.5300,200
43145524372010,11:59:05.524,63.7900,100
43203490837166,12:00:03.490,63.8400,33
43203490837166,12:00:03.490,63.8400,17
43255423357632,12:00:55.423,63.9900,100
43350690367780,12:02:30.690,64.0000,11
43350690367780,12:02:30.690,64.0000,3
43394706013622,12:03:14.706,63.9500,1
43410203820335,12:03:30.203,63.8500,32
43410203820335,12:03:30.203,63.8000,68
43411507267750,12:03:31.507,63.9800,100
43411507267750,12:03:31.507,63.9800,100
43411507777234,12:03:31.507,63.9900,10
43411507829036,12:03:31.507,64.0000,2
43411507829036,12:03:31.507,64.0000,10
43411508231183,12:03:31.508,64.0000,22
43411509085425,12:03:31.509,64.0200,10
43411509765922,12:03:31.509,64.0300,10
43411509866398,12:03:31.509,64.0400,10
43411509915923,12:03:31.509,64.0400,1
43411509959243,12:03:31.509,64.0500,10
43411510050167,12:03:31.510,64.0600,10
43411510138231,12:03:31.510,64.0700,10
43411510225788,12:03:31.510,64.0800,10
43411510314500,12:03:31.510,64.0900,10
43411510401447,12:03:31.510,64.1000,40
43411510451519,12:03:31.510,64.1000,60
43411510451519,12:03:31.510,64.1000,10
43411510625639,12:03:31.510,64.1000,12
43411510862515,12:03:31.510,64.1000,3
43411511076085,12:03:31.511,64.1000,3
43411511257796,12:03:31.511,64.1100,20
43411511740489,12:03:31.511,64.1200,20
43411512064707,12:03:31.512,64.1200,9
43411512374949,12:03:31.512,64.1300,10
43411512814096,12:03:31.512,64.1300,81
43411512814096,12:03:31.512,64.1300,19
43411513222444,12:03:31.513,64.1400,10
43411515012972,12:03:31.515,64.1400,5
43411515648923,12:03:31.515,64.1500,20
43411516379719,12:03:31.516,64.1500,60
43411516379719,12:03:31.516,64.1500,64
43411531020138,12:03:31.531,64.1500,45
43411531020138,12:03:31.531,64.1500,16
43436615388727,12:03:56.615,64.0900,100
43437554060731,12:03:57.554,63.8500,59
43437554131971,12:03:57.554,63.8500,59
43437554309549,12:03:57.554,63.8500,59
43437554366189,12:03:57.554,63.8500,223
43451650426593,12:04:11.650,64.0200,100
43497175357035,12:04:57.175,64.0300,26
43497175357035,12:04:57.175,64.0300,1
43497175357035,12:04:57.175,64.0300,73
43546463461425,12:05:46.463,63.8400,7
43549761822314,12:05:49.761,64.0400,3
43549762113207,12:05:49.762,64.0400,2
43554108222982,12:05:54.108,64.0500,1
43554108222982,12:05:54.108,64.0500,100
43554109072761,12:05:54.109,64.0600,10
43554109072761,12:05:54.109,64.0600,10
43554109849178,12:05:54.109,64.0700,5
43554110617377,12:05:54.110,64.0900,10
43554110617377,12:05:54.110,64.0900,64
43566232181061,12:06:06.232,63.8400,100
43582302022960,12:06:22.302,63.8400,90
43582325501826,12:06:22.325,63.8200,70
43582638394405,12:06:22.638,63.8200,30
43582638394405,12:06:22.638,63.8200,100
43595129409384,12:06:35.129,64.0000,100
43685603669016,12:08:05.603,64.0800,1
43685604580087,12:08:05.604,64.0900,36
43685605366519,12:08:05.605,64.1000,63
43689795352484,12:08:09.795,64.1000,37
43689795352484,12:08:09.795,64.1000,63
43729799268808,12:08:49.799,64.0400,100
43729799487113,12:08:49.799,64.0300,100
43729799849601,12:08:49.799,64.0300,100
43729799993266,12:08:49.799,64.0300,100
43856970741860,12:10:56.970,64.0200,100
43857029846454,12:10:57.029,64.0900,1
43860215398247,12:11:00.215,64.0400,1
43860215398247,12:11:00.215,63.9900,2
43860215398247,12:11:00.215,63.9800,97
43860215934354,12:11:00.215,63.9800,3
44110699679930,12:15:10.699,63.9800,1
44126602328946,12:15:26.602,63.9100,3
44126602359101,12:15:26.602,63.9100,7
44126602385661,12:15:26.602,63.9100,33
44127264150456,12:15:27.264,63.9100,7
44335343029801,12:18:55.343,63.9500,5
44391247572942,12:19:51.247,63.9300,1
44482532938490,12:21:22.532,64.0000,1
44541034576728,12:22:21.034,64.0000,34
44541034576728,12:22:21.034,64.0000,1
44541034576728,12:22:21.034,64.0000,1
44541069027398,12:22:21.069,64.0200,100
44546722330538,12:22:26.722,64.0200,100
44557251330015,12:22:37.251,64.0800,1
44584909529057,12:23:04.909,64.0200,100
44614164388837,12:23:34.164,63.9300,100
44614174157986,12:23:34.174,63.9200,100
44614175495242,12:23:34.175,63.9600,200
44614175546342,12:23:34.175,63.9600,14
44614175902039,12:23:34.175,63.9300,100
44614176077353,12:23:34.176,63.9600,100
44615586209928,12:23:35.586,63.9300,100
44639814555949,12:23:59.814,63.9800,100
44639814555949,12:23:59.814,63.9800,100
44645862439240,12:24:05.862,64.0000,100
44666280248889,12:24:26.280,64.0000,100
44667703211594,12:24:27.703,64.0000,100
44667704131411,12:24:27.704,64.0000,100
44669814085334,12:24:29.814,64.0500,100
44674148643984,12:24:34.148,64.0500,1
44861821969095,12:27:41.821,64.0100,1
44871334955130,12:27:51.334,64.0100,1
44899243186173,12:28:19.243,63.9200,8
44899243186173,12:28:19.243,63.9100,41
44899243186173,12:28:19.243,63.8900,51
44911394915831,12:28:31.394,63.8800,20
44921260084349,12:28:41.260,63.8800,38
44921260433092,12:28:41.260,63.8700,27
44987493781606,12:29:47.493,63.9100,1
44987493781606,12:29:47.493,63.8900,36
45057861463287,12:30:57.861,63.9900,1
45057861463287,12:30:57.861,63.9600,100
45057861463287,12:30:57.861,63.9100,1
45057861463287,12:30:57.861,63.8700,28
45057861463287,12:30:57.861,63.8700,8
45099766459207,12:31:39.766,64.0100,100
45099767196074,12:31:39.767,64.0150,100
45099767279851,12:31:39.767,64.0150,100
45099781480392,12:31:39.781,64.0550,100
45099813815393,12:31:39.813,64.0700,20
45099813843963,12:31:39.813,64.0550,100
45099813847826,12:31:39.813,64.0550,100
45099813849250,12:31:39.813,64.0550,100
45099813866266,12:31:39.813,64.0550,100
45099813871638,12:31:39.813,64.0550,100
45099813909318,12:31:39.813,64.0700,100
45099813933448,12:31:39.813,64.0700,10
45121707162148,12:32:01.707,64.0200,1
45129332188415,12:32:09.332,64.0100,200
45161818046453,12:32:41.818,63.9900,1
45253806365840,12:34:13.806,63.9700,1
45285992722595,12:34:45.992,63.9800,1
45285992722595,12:34:45.992,63.9800,99
45357528863875,12:35:57.528,63.9500,3
45428729484056,12:37:08.729,64.0100,400
45428729898591,12:37:08.729,64.0400,1
45433126816051,12:37:13.126,64.0100,100
45433261868765,12:37:13.261,64.0100,233
45433321690389,12:37:13.321,64.0400,1
45434802922523,12:37:14.802,64.0400,18
45434802922523,12:37:14.802,64.0400,34
45450429776390,12:37:30.429,64.0200,700
45450430010972,12:37:30.430,64.0400,66
45450430010972,12:37:30.430,64.0400,9
45450430010972,12:37:30.430,64.0400,100
45450430010972,12:37:30.430,64.0400,12
45450430010972,12:37:30.430,64.0400,1
45450430010972,12:37:30.430,64.0400,4
45450432757763,12:37:30.432,64.0500,100
45450454616444,12:37:30.454,64.0550,1
45450457686660,12:37:30.457,64.0500,19
45459623403022,12:37:39.623,64.1000,37
45459623403022,12:37:39.623,64.1000,24
45459623405984,12:37:39.623,64.1000,50
45459624410696,12:37:39.624,64.1000,26
45459624410696,12:37:39.624,64.1100,10
45459624410696,12:37:39.624,64.1200,10
45459624410696,12:37:39.624,64.1300,10
45459624410696,12:37:39.624,64.1400,10
45459700478831,12:37:39.700,64.1600,1
45459751529406,12:37:39.751,64.1700,10
45459751693264,12:37:39.751,64.1800,10
45459751693264,12:37:39.751,64.1900,10
45459809312385,12:37:39.809,64.2000,1
45462155136380,12:37:42.155,64.2000,100
45463154833478,12:37:43.154,64.2000,100
45477275856735,12:37:57.275,64.1800,170
45526804386326,12:38:46.804,64.1550,100
45545387494216,12:39:05.387,64.1500,100
45545398843978,12:39:05.398,64.1300,1
45545398847176,12:39:05.398,64.1200,1
45546606253853,12:39:06.606,64.1500,100
45547806630048,12:39:07.806,64.1500,1
45598607304489,12:39:58.607,64.0800,1
45598607304489,12:39:58.607,64.0500,21
45625023489470,12:40:25.023,64.1300,100
45625023489470,12:40:25.023,64.1300,1
45625023574280,12:40:25.023,64.1400,20
45627699445290,12:40:27.699,64.1900,1
45627699445290,12:40:27.699,64.1900,19
45627709785278,12:40:27.709,64.2100,10
45627709785278,12:40:27.709,64.2100,1
45627709785278,12:40:27.709,64.2400,10
45627709785278,12:40:27.709,64.2400,10
45628634629074,12:40:28.634,64.2600,10
45628634629074,12:40:28.634,64.2600,11
45659466215741,12:40:59.466,64.2100,81
45662497223653,12:41:02.497,64.2000,19
45662812617902,12:41:02.812,64.2500,100
45662974459931,12:41:02.974,64.2300,1
45662974459931,12:41:02.974,64.2250,99
45710908408389,12:41:50.908,64.2100,100
45710908624317,12:41:50.908,64.2000,1
45710908744880,12:41:50.908,64.2000,100
45738404857925,12:42:18.404,64.2000,100
45843319304114,12:44:03.319,64.2000,100
45843319304114,12:44:03.319,64.2000,45
45843319304114,12:44:03.319,64.2000,55
45843319739139,12:44:03.319,64.2000,45
45869805386600,12:44:29.805,64.2600,100
45889818653541,12:44:49.818,64.2600,1
45893346982018,12:44:53.346,64.2700,100
45916778782444,12:45:16.778,64.2800,100
45916778782444,12:45:16.778,64.2800,1
45916778782444,12:45:16.778,64.2800,2
45916778848554,12:45:16.778,64.2800,98
45916779334518,12:45:16.779,64.2900,100
45917554839162,12:45:17.554,64.2700,100
45917554839162,12:45:17.554,64.2700,100
45917554879661,12:45:17.554,64.2600,1
45917555030234,12:45:17.555,64.2800,20
45917555111798,12:45:17.555,64.2600,20
45926148958488,12:45:26.148,64.1900,100
46037814228191,12:47:17.814,64.1700,1
46112281353264,12:48:32.281,64.2200,100
46131773812268,12:48:51.773,64.2200,20
46131773812268,12:48:51.773,64.2200,100
46131773812268,12:48:51.773,64.2200,87
46131773812268,12:48:51.773,64.2200,53
46134029691815,12:48:54.029,64.2400,1
46134029820167,12:48:54.029,64.2200,100
46134030109552,12:48:54.030,64.2600,1
46150746980994,12:49:10.746,64.3000,10
46150746980994,12:49:10.746,64.3000,100
46159567183748,12:49:19.567,64.3100,2
46165687180271,12:49:25.687,64.3200,10
46170405210448,12:49:30.405,64.3300,10
46173426651597,12:49:33.426,64.3400,1
46173426651597,12:49:33.426,64.3400,9
46197712720623,12:49:57.712,64.3500,1
46197712720623,12:49:57.712,64.3600,5
46197712720623,12:49:57.712,64.3600,15
46197712720623,12:49:57.712,64.3700,10
46197715903106,12:49:57.715,64.3800,5
46197715903106,12:49:57.715,64.3800,5
46197715903106,12:49:57.715,64.3900,1
46197715903106,12:49:57.715,64.4000,10
46197715974387,12:49:57.715,64.4000,92
46205973269442,12:50:05.973,64.4100,1
46205973269442,12:50:05.973,64.4100,99
46233810339350,12:50:33.810,64.4200,1
46252204377397,12:50:52.204,64.3700,100
46332883527794,12:52:12.883,64.4300,5
46332883527794,12:52:12.883,64.4300,5
46332883620261,12:52:12.883,64.4400,1
46332883620261,12:52:12.883,64.4400,9
46332883620261,12:52:12.883,64.4400,100
46332883660688,12:52:12.883,64.4500,5
46332883660688,12:52:12.883,64.4500,15
46332883660688,12:52:12.883,64.4600,1
46332883665280,12:52:12.883,64.4600,4
46332883667869,12:52:12.883,64.4600,5
46332883667869,12:52:12.883,64.4700,1
46332883667869,12:52:12.883,64.4800,10
46332883667869,12:52:12.883,64.4900,89
46332883716972,12:52:12.883,64.4900,11
46332883716972,12:52:12.883,64.4900,5
46332883716972,12:52:12.883,64.5000,4
46332884060986,12:52:12.884,64.5000,146
46332884060986,12:52:12.884,64.5000,2
46332884060986,12:52:12.884,64.5000,15
46332909185435,12:52:12.909,64.4400,20
46333967982920,12:52:13.967,64.5300,1
46333971209450,12:52:13.971,64.5600,5
46333971209450,12:52:13.971,64.5600,5
46333971209450,12:52:13.971,64.5600,10
46353302386792,12:52:33.302,64.5900,10
46384035854467,12:53:04.035,64.5900,1
46384035854467,12:53:04.035,64.5900,9
46389957282315,12:53:09.957,64.6000,10
46389958118961,12:53:09.958,64.6300,20
46389958985450,12:53:09.958,64.6400,1
46389958985450,12:53:09.958,64.6400,19
46389959306613,12:53:09.959,64.6500,20
46414115467660,12:53:34.115,64.6600,10
46429807397649,12:53:49.807,64.6400,1
46450721166721,12:54:10.721,64.6100,100
46513915297117,12:55:13.915,64.6800,1
46527331041471,12:55:27.331,64.6000,2
46527331151801,12:55:27.331,64.5900,1
46527331151801,12:55:27.331,64.5900,1
46527331151801,12:55:27.331,64.5900,1
46527331444286,12:55:27.331,64.5900,3
46585242140136,12:56:25.242,64.5400,100
46625806967647,12:57:05.806,64.6300,8
46625807041742,12:57:05.807,64.6400,20
46625807049536,12:57:05.807,64.7000,10
46625807049536,12:57:05.807,64.7000,10
46625807052786,12:57:05.807,64.7200,10
46625807052786,12:57:05.807,64.7200,10
46625807052786,12:57:05.807,64.7300,10
46625807052786,12:57:05.807,64.7300,80
46627807192551,12:57:07.807,64.7100,1
46627807192551,12:57:07.807,64.7100,99
46627807227117,12:57:07.807,64.7100,1
46723807298160,12:58:43.807,64.7000,26
46723807298160,12:58:43.807,64.7000,51
46723807298160,12:58:43.807,64.7000,23
46723809523786,12:58:43.809,64.7000,17
46753507651403,12:59:13.507,64.7300,20
46753507651403,12:59:13.507,64.7300,2
46753507651403,12:59:13.507,64.7400,10
46753507651403,12:59:13.507,64.7500,243
46753507744960,12:59:13.507,64.7500,157
46753817495188,12:59:13.817,64.7400,20
46753817495188,12:59:13.817,64.7400,100
46753820984129,12:59:13.820,64.7600,10
46754432877978,12:59:14.432,64.7700,10
46757512055149,12:59:17.512,64.7800,5
46757512055149,12:59:17.512,64.7800,45
46765161587681,12:59:25.161,64.7300,1
46765161693493,12:59:25.161,64.7600,100
46765164618790,12:59:25.164,64.7900,10
46765164695633,12:59:25.164,64.8000,10
46765164695633,12:59:25.164,64.8000,10
46765164770904,12:59:25.164,64.8100,10
46765165234974,12:59:25.165,64.8200,10
46765165234974,12:59:25.165,64.8200,10
46765165305671,12:59:25.165,64.8300,10
46765165371210,12:59:25.165,64.8400,10
46765165371210,12:59:25.165,64.8400,10
46765165440663,12:59:25.165,64.8500,100
46783533643395,12:59:43.533,64.7400,100
46783533643395,12:59:43.533,64.7300,100
46783533643395,12:59:43.533,64.7300,1
46902491974231,13:01:42.491,64.8700,10
46902491974231,13:01:42.491,64.8800,1
46902491974231,13:01:42.491,64.8800,7
46902492042053,13:01:42.492,64.8800,2
46902492067847,13:01:42.492,64.8700,100
46902492078326,13:01:42.492,64.8700,100
46902492459817,13:01:42.492,64.8800,10
46902501178582,13:01:42.501,64.8800,4
46902505702478,13:01:42.505,64.8900,1
46902505702478,13:01:42.505,64.8900,9
46902510295772,13:01:42.510,64.9000,10
46902510295772,13:01:42.510,64.9000,10
46902514855167,13:01:42.514,64.9100,10
46902519498799,13:01:42.519,64.9200,2
46902519498799,13:01:42.519,64.9200,8
46902524015622,13:01:42.524,64.9300,1
46902524015622,13:01:42.524,64.9300,9
46902528559338,13:01:42.528,64.9400,1
46902528559338,13:01:42.528,64.9400,19
46902533319843,13:01:42.533,64.9600,10
46902537965721,13:01:42.537,64.9700,6
46921128449356,13:02:01.128,64.8200,1
47027745218253,13:03:47.745,64.8100,1
47083554987453,13:04:43.554,64.7500,26
47083555053107,13:04:43.555,64.7500,74
47093264936535,13:04:53.264,64.7400,1
47093264936535,13:04:53.264,64.7300,1
47115810501430,13:05:15.810,64.7600,1
47115810967286,13:05:15.810,64.7600,100
47154059035887,13:05:54.059,64.7400,1
47206836301785,13:06:46.836,64.7300,46
47251236283276,13:07:31.236,64.6900,1
47311808118079,13:08:31.808,64.6700,1
47346519353673,13:09:06.519,64.6900,100
47394558808489,13:09:54.558,64.6800,1
47394559394976,13:09:54.559,64.6700,1
47394561059389,13:09:54.561,64.6200,100
47534179460214,13:12:14.179,64.6600,100
47542238240349,13:12:22.238,64.5900,1
47542238351873,13:12:22.238,64.6200,100
47611265457871,13:13:31.265,64.6050,2
47611265464260,13:13:31.265,64.6050,2
47611265502660,13:13:31.265,64.6050,96
47611265502660,13:13:31.265,64.6000,1
47645865803651,13:14:05.865,64.5400,1
47645865803651,13:14:05.865,64.5400,99
47646001659216,13:14:06.001,64.4600,1
47658099363583,13:14:18.099,64.5200,26
47658099363583,13:14:18.099,64.5200,100
47658099363583,13:14:18.099,64.5300,100
47658100430839,13:14:18.100,64.5300,1
47658101377080,13:14:18.101,64.4300,100
47658101438106,13:14:18.101,64.4300,54
47658101440575,13:14:18.101,64.4300,46
47658101446496,13:14:18.101,64.4300,54
47658101743154,13:14:18.101,64.4300,46
47658101830696,13:14:18.101,64.4300,4
47658104091241,13:14:18.104,64.4500,100
47711806008080,13:15:11.806,64.4400,93
47711807198843,13:15:11.807,64.4400,1
47761302809747,13:16:01.302,64.3600,7
47761302809747,13:16:01.302,64.3600,93
47765866946194,13:16:05.866,64.3000,1
47826985218653,13:17:06.985,64.1400,2
47888335194437,13:18:08.335,64.2350,100
47888365647806,13:18:08.365,64.1600,1
47889092517814,13:18:09.092,64.1500,1
47889093386473,13:18:09.093,64.1000,100
47889093671630,13:18:09.093,64.1000,67
47889094336909,13:18:09.094,64.1000,66
47889094371410,13:18:09.094,64.1000,1
47889094836562,13:18:09.094,64.1000,65
47889094876810,13:18:09.094,64.1000,1
47997808872979,13:19:57.808,64.0000,1
47998593129310,13:19:58.593,64.0500,80
48006697853950,13:20:06.697,64.0900,6
48006697853950,13:20:06.697,64.0900,1
48006698657737,13:20:06.698,64.1000,93
48006699876602,13:20:06.699,64.0300,100
48006699988942,13:20:06.699,64.0300,100
48006699988942,13:20:06.699,64.0300,100
48006699988942,13:20:06.699,64.1100,3
48006704022141,13:20:06.704,64.0300,1
48096809026876,13:21:36.809,63.9800,1
48137023629250,13:22:17.023,63.9000,1
48137023629250,13:22:17.023,63.9000,1
48137023713229,13:22:17.023,63.9000,8
48188027594981,13:23:08.027,64.0200,100
48194807826035,13:23:14.807,63.9500,1
48273824124952,13:24:33.824,64.0000,100
48273824124952,13:24:33.824,64.0100,100
48273826571837,13:24:33.826,64.0300,100
48282160879223,13:24:42.160,64.0100,100
48282160976086,13:24:42.160,64.0300,100
48282161674732,13:24:42.161,64.0100,100
48427235505455,13:27:07.235,63.9500,1
48427235505455,13:27:07.235,63.9000,99
48427235577483,13:27:07.235,63.9100,65
48427235595193,13:27:07.235,63.9000,65
48427237845388,13:27:07.237,63.8900,1
48427237845388,13:27:07.237,63.8900,1
48428218191925,13:27:08.218,63.8700,16
48428218191925,13:27:08.218,63.8700,15
48428218191925,13:27:08.218,63.8700,1
48428218233424,13:27:08.218,63.8500,2
48428218233424,13:27:08.218,63.8400,1
48428218233424,13:27:08.218,63.8400,1
48428218237007,13:27:08.218,63.8300,2
48428218237007,13:27:08.218,63.8200,2
48428218240791,13:27:08.218,63.8100,2
48428218242261,13:27:08.218,63.7800,2
48428218261468,13:27:08.218,63.7500,1
48428218261468,13:27:08.218,63.7500,1
48488540975962,13:28:08.540,63.7500,1
48488540975962,13:28:08.540,63.7400,2
48488540975962,13:28:08.540,63.7200,1
48488540975962,13:28:08.540,63.7100,5
48488540975962,13:28:08.540,63.7000,2
48488540975962,13:28:08.540,63.7000,89
48488549004551,13:28:08.549,63.7000,9
48488549368927,13:28:08.549,63.7000,2
48582136322112,13:29:42.136,63.6800,2
48582136322112,13:29:42.136,63.6800,3
48582136380678,13:29:42.136,63.6600,2
48582136506561,13:29:42.136,63.6500,5
48582136538207,13:29:42.136,63.6500,45
48582137713608,13:29:42.137,63.6300,10
48582139799560,13:29:42.139,63.6500,100
48582139887463,13:29:42.139,63.6700,6
48582139887463,13:29:42.139,63.6700,35
48743203969963,13:32:23.203,63.7700,7
48743203969963,13:32:23.203,63.7700,93
49078786415342,13:37:58.786,63.7600,100
49078786415342,13:37:58.786,63.7700,100
49078786415342,13:37:58.786,63.7700,100
49078786415342,13:37:58.786,63.7700,9
49078786415342,13:37:58.786,63.7700,47
49078786415342,13:37:58.786,63.7700,44
49078786915455,13:37:58.786,63.7700,100
49199841928612,13:39:59.841,63.6600,14
49199841928612,13:39:59.841,63.6600,86
49199842005290,13:39:59.842,63.6600,14
49199842005290,13:39:59.842,63.6600,1
49199844272572,13:39:59.844,63.6500,2
49199844608357,13:39:59.844,63.6200,1
49202842979779,13:40:02.842,63.6100,1
49202842979779,13:40:02.842,63.6100,1
49202873377005,13:40:02.873,63.6000,1
49202873377005,13:40:02.873,63.6000,1
49207087254546,13:40:07.087,63.5900,1
49207087254546,13:40:07.087,63.5900,1
49372278373994,13:42:52.278,63.5600,1
49372278373994,13:42:52.278,63.5600,1
49372278373994,13:42:52.278,63.5500,1
49372278373994,13:42:52.278,63.5500,1
49372281260051,13:42:52.281,63.6400,8
49382336895270,13:43:02.336,63.5400,1
49382336895270,13:43:02.336,63.5400,1
49382336895270,13:43:02.336,63.5400,1
49382336895270,13:43:02.336,63.5300,1
49382336895270,13:43:02.336,63.5300,1
49382336895270,13:43:02.336,63.5200,2
49382336895270,13:43:02.336,63.5200,100
49382336975049,13:43:02.336,63.5100,100
49382336975049,13:43:02.336,63.5100,5
49382341269112,13:43:02.341,63.5000,1
49382341269112,13:43:02.341,63.5000,1
49382343589478,13:43:02.343,63.4800,2
49382344038627,13:43:02.344,63.4700,1
49382344038627,13:43:02.344,63.4700,1
49382467763336,13:43:02.467,63.4600,1
49382467763336,13:43:02.467,63.4600,4
49382467765179,13:43:02.467,63.4400,1
49382467765179,13:43:02.467,63.4400,1
49382467769917,13:43:02.467,63.4200,2
49382467771608,13:43:02.467,63.4000,1
49382467771608,13:43:02.467,63.4000,4
49382467771608,13:43:02.467,63.4000,86
49382467778685,13:43:02.467,63.4000,2
49382467786511,13:43:02.467,63.4000,12
49382467786511,13:43:02.467,63.3900,2
49382467845460,13:43:02.467,63.3700,2
49383687470668,13:43:03.687,63.4700,100
49458102167654,13:44:18.102,63.3600,5
49481096744356,13:44:41.096,63.4700,20
49481096744356,13:44:41.096,63.4700,80
49492410048144,13:44:52.410,63.3300,1
49492410048144,13:44:52.410,63.3300,4
49492410048144,13:44:52.410,63.3200,15
49574797051841,13:46:14.797,63.3100,1
49591576338063,13:46:31.576,63.2900,2
49701265645336,13:48:21.265,63.2800,2
49701265645336,13:48:21.265,63.2800,3
49701265645336,13:48:21.265,63.2500,8
49701265645336,13:48:21.265,63.2200,2
49701265645336,13:48:21.265,63.2200,3
49701265645336,13:48:21.265,63.2100,1
49701265645336,13:48:21.265,63.1900,2
49701265645336,13:48:21.265,63.1900,3
49701265645336,13:48:21.265,63.1600,5
49738079147584,13:48:58.079,63.1500,4
49738079147584,13:48:58.079,63.1500,6
49894931575670,13:51:34.931,63.2000,100
49929527292142,13:52:09.527,63.1300,10
49929527292142,13:52:09.527,63.1200,90
49929529061845,13:52:09.529,63.1600,100
49929529061845,13:52:09.529,63.1700,100
49929529169080,13:52:09.529,63.1300,100
49930269633999,13:52:10.269,63.1700,100
49930269667437,13:52:10.269,63.1700,9
49949181471582,13:52:29.181,63.0900,5
49961215736196,13:52:41.215,63.1700,100
49961215736196,13:52:41.215,63.1700,100
49964159689090,13:52:44.159,63.1700,1
49964159689090,13:52:44.159,63.1700,99
49964159756316,13:52:44.159,63.1700,97
50155029533529,13:55:55.029,63.0700,2
50222709087852,13:57:02.709,63.0600,1
50230805866347,13:57:10.805,63.1900,100
50230805866347,13:57:10.805,63.2000,100
50230806352525,13:57:10.806,63.2000,100
50230806495171,13:57:10.806,63.1300,100
50236642763430,13:57:16.642,63.1700,100
50236642763430,13:57:16.642,63.1800,100
50282760140658,13:58:02.760,63.1800,1
50282760235271,13:58:02.760,63.2100,100
50282760274333,13:58:02.760,63.2100,2
50403717032228,14:00:03.717,63.1300,100
50410380773904,14:00:10.380,63.2900,2
50414643822037,14:00:14.643,63.1300,100
50414643822037,14:00:14.643,63.1300,1
50759219235506,14:05:59.219,63.1600,8
50760923713686,14:06:00.923,63.4700,2
50760923713686,14:06:00.923,63.4800,1
50760923857259,14:06:00.923,63.4800,100
50760923863199,14:06:00.923,63.4900,100
50760923923359,14:06:00.923,63.5000,100
50760924063188,14:06:00.924,63.4000,100
50760924093727,14:06:00.924,63.5000,1
50760924300213,14:06:00.924,63.5000,100
50760924803638,14:06:00.924,63.5200,1
50765117567727,14:06:05.117,63.4500,20
50765117567727,14:06:05.117,63.4500,10
50765117567727,14:06:05.117,63.4500,10
50765117567727,14:06:05.117,63.4400,60
50765118588427,14:06:05.118,63.4400,40
50873215833200,14:07:53.215,63.1700,1
50873226627721,14:07:53.226,63.1700,4
50992180312984,14:09:52.180,63.1700,100
51165342535221,14:12:45.342,63.4600,100
51165342950135,14:12:45.342,63.4600,100
51165343004362,14:12:45.343,63.4600,100
51165343014261,14:12:45.343,63.4600,50
51165343024356,14:12:45.343,63.4600,50
51165343037307,14:12:45.343,63.4600,50
51165343037807,14:12:45.343,63.4600,50
51165343217928,14:12:45.343,63.4200,100
51165343851723,14:12:45.343,63.4600,50
51330103321511,14:15:30.103,63.3600,9
51330103695531,14:15:30.103,63.3500,35
51330103695531,14:15:30.103,63.3500,1
51330104025102,14:15:30.104,63.3400,6
51330104574765,14:15:30.104,63.3300,100
51481313919423,14:18:01.313,63.4600,3
51481362307338,14:18:01.362,63.4600,4
51490177755546,14:18:10.177,63.4600,93
51490177755546,14:18:10.177,63.4600,1
51490177860328,14:18:10.177,63.5200,100
51490286196763,14:18:10.286,63.4300,100
51531027961483,14:18:51.027,63.5800,10
51540907968437,14:19:00.907,63.5800,1
51540908170430,14:19:00.908,63.5900,9
51540908227743,14:19:00.908,63.5900,91
51540908345043,14:19:00.908,63.6000,1
51541828091999,14:19:01.828,63.6200,1
51541828101497,14:19:01.828,63.6400,1
51541828101497,14:19:01.828,63.6600,1
51573173233079,14:19:33.173,63.9900,100
51573173233079,14:19:33.173,64.0000,284
51573173316541,14:19:33.173,64.0000,40
51573173316541,14:19:33.173,64.0000,100
51587584070886,14:19:47.584,63.9700,150
51587584080229,14:19:47.584,63.9700,100
51587584083986,14:19:47.584,63.9700,19
51587584643891,14:19:47.584,63.9700,100
51587584649487,14:19:47.584,63.9900,100
51587584747611,14:19:47.584,63.9700,100
51617285908016,14:20:17.285,64.0000,100
51617285908016,14:20:17.285,64.0100,20
51617316733523,14:20:17.316,63.9500,100
51657346301694,14:20:57.346,63.8600,100
51657346359637,14:20:57.346,63.8600,100
51657346374323,14:20:57.346,63.8600,100
51657346407368,14:20:57.346,63.8600,70
51657346407368,14:20:57.346,63.8600,10
51657346463876,14:20:57.346,63.8600,20
51657348318982,14:20:57.348,63.8300,100
51744248475188,14:22:24.248,63.9500,100
51744248475188,14:22:24.248,63.9800,100
51759206602810,14:22:39.206,63.8200,1
51759206602810,14:22:39.206,63.8100,100
51759206602810,14:22:39.206,63.8100,99
51767656447047,14:22:47.656,63.8100,1
51767656447047,14:22:47.656,63.8100,99
51767658547192,14:22:47.658,63.8100,11
51767658547192,14:22:47.658,63.7800,89
51767658616979,14:22:47.658,63.7800,11
51782443066984,14:23:02.443,63.7400,100
51811663267355,14:23:31.663,63.6200,4
52254294371629,14:30:54.294,63.4800,2
52262467004033,14:31:02.467,63.4500,34
52268010056785,14:31:08.010,63.4600,100
52268010056785,14:31:08.010,63.5000,100
52268010102862,14:31:08.010,63.5500,20
52268010102862,14:31:08.010,63.5500,56
52268010106851,14:31:08.010,63.5500,44
52268010106851,14:31:08.010,63.5500,1
52268010106851,14:31:08.010,63.5700,1
52268010108878,14:31:08.010,63.5900,1
52268061262577,14:31:08.061,63.6100,1
52268061535866,14:31:08.061,63.6300,1
52275894965503,14:31:15.894,63.5300,100
52275896513775,14:31:15.896,63.5200,100
52275898159371,14:31:15.898,63.5100,100
52275898898930,14:31:15.898,63.5000,150
52275898950948,14:31:15.898,63.5000,2
52278551761169,14:31:18.551,63.4500,10
52278552212523,14:31:18.552,63.4200,100
52278557084520,14:31:18.557,63.4900,50
52638407416280,14:37:18.407,63.4100,2
52664687336093,14:37:44.687,63.4800,10
52664687449090,14:37:44.687,63.5000,100
52664687449090,14:37:44.687,63.5000,100
52664687449090,14:37:44.687,63.5000,100
52664687449090,14:37:44.687,63.5000,8
52664687463552,14:37:44.687,63.5200,100
52664687746866,14:37:44.687,63.5200,20
52664687882175,14:37:44.687,63.5200,80
52692983536702,14:38:12.983,63.6600,75
52692984030891,14:38:12.984,63.6600,25
52793514723904,14:39:53.514,63.7000,1
52793532015569,14:39:53.532,63.5800,100
52824268436645,14:40:24.268,63.4900,5
52985655866306,14:43:05.655,63.4900,5
52985655866306,14:43:05.655,63.4900,24
52985656115003,14:43:05.656,63.4700,100
52985656119356,14:43:05.656,63.4300,1
52985656122781,14:43:05.656,63.4200,10
52985656122781,14:43:05.656,63.4200,21
52985656169454,14:43:05.656,63.4200,2
52985656172927,14:43:05.656,63.4200,2
53086803323455,14:44:46.803,63.5800,26
53086803387183,14:44:46.803,63.5900,100
53086803387183,14:44:46.803,63.5900,80
53086803400370,14:44:46.803,63.5900,20
53086803400370,14:44:46.803,63.5900,30
53086803403119,14:44:46.803,63.5800,100
53086803423509,14:44:46.803,63.5900,61
53086803443835,14:44:46.803,63.5900,9
53086803443835,14:44:46.803,63.5900,9
53086804262230,14:44:46.804,63.6000,3
53093797148003,14:44:53.797,63.6200,100
53240395322974,14:47:20.395,63.6700,100
53279300859047,14:47:59.300,63.5300,1
53374398633037,14:49:34.398,63.6900,100
53543491327870,14:52:23.491,63.8400,1
53543491329336,14:52:23.491,63.8400,5
53543491330009,14:52:23.491,63.8400,2
53543491330600,14:52:23.491,63.8400,2
53543491333351,14:52:23.491,63.8400,2
53543491337920,14:52:23.491,63.8400,2
53543491338461,14:52:23.491,63.8400,2
53596859908779,14:53:16.859,63.8200,5
53596859912033,14:53:16.859,63.8200,7
53596859915189,14:53:16.859,63.8200,2
53596859926206,14:53:16.859,63.8200,2
53596859926736,14:53:16.859,63.8200,3
53596859927380,14:53:16.859,63.8200,3
53596859930748,14:53:16.859,63.8200,5
53596859942060,14:53:16.859,63.8200,3
53596859942959,14:53:16.859,63.8200,3
53596859948259,14:53:16.859,63.8200,1
53596859951529,14:53:16.859,63.8200,2
53597116633228,14:53:17.116,63.8400,100
53597116751271,14:53:17.116,63.8400,3
53597116751271,14:53:17.116,63.8400,3
53597116913113,14:53:17.116,63.8400,6
53597117249122,14:53:17.117,63.8400,6
53597160985311,14:53:17.160,63.8400,85
53597161422785,14:53:17.161,63.8400,2
53597163272422,14:53:17.163,63.7900,100
53597163317818,14:53:17.163,63.7400,36
53599844171307,14:53:19.844,63.8300,100
53599844171307,14:53:19.844,63.8400,10
53599844171307,14:53:19.844,63.8400,5
53599844171307,14:53:19.844,63.8400,5
53599846816308,14:53:19.846,63.8300,100
53651139728059,14:54:11.139,63.8300,100
53668363985996,14:54:28.363,63.7100,6
53676154932349,14:54:36.154,63.7500,100
53714613934008,14:55:14.613,63.7700,100
53714614003781,14:55:14.614,63.7700,100
53714614040949,14:55:14.614,63.7700,68
53714614059155,14:55:14.614,63.7700,32
53714614059155,14:55:14.614,63.7700,9
53768343514464,14:56:08.343,63.8900,14
53768344439265,14:56:08.344,63.9000,86
53800933396754,14:56:40.933,63.8500,10
53812797957569,14:56:52.797,63.9200,1
53825017675895,14:57:05.017,63.9100,100
53827108038703,14:57:07.108,63.9400,100
53827108038703,14:57:07.108,63.9400,1
53827108038703,14:57:07.108,63.9400,4
53872055549093,14:57:52.055,63.9400,10
54032118253177,15:00:32.118,63.9000,100
54053993825566,15:00:53.993,63.9300,65
54053993895935,15:00:53.993,63.9300,35
54144042933535,15:02:24.042,63.9200,2
54151807869481,15:02:31.807,63.9800,4
54151808530380,15:02:31.808,63.9800,25
54164188948821,15:02:44.188,64.0100,1
54164188949468,15:02:44.188,64.0100,1
54172116203470,15:02:52.116,63.9500,100
54172262594448,15:02:52.262,63.9300,2
54200808247961,15:03:20.808,63.9000,100
54200808247961,15:03:20.808,63.9000,2
54200808449479,15:03:20.808,63.8900,50
54200808498009,15:03:20.808,63.8900,29
54200856462228,15:03:20.856,63.8900,21
54200856462228,15:03:20.856,63.8900,79
54246303143431,15:04:06.303,63.8900,21
54246304586990,15:04:06.304,63.9300,7
54246304587466,15:04:06.304,63.9300,7
54246304604618,15:04:06.304,63.9300,2
54246304605285,15:04:06.304,63.9300,5
54246313797629,15:04:06.313,63.9300,12
54246318719003,15:04:06.318,63.9300,25
54246318719003,15:04:06.318,63.9300,15
54246318719003,15:04:06.318,63.9300,3
54246318719003,15:04:06.318,63.9300,1
54246318719003,15:04:06.318,63.9300,100
54246672003405,15:04:06.672,63.9700,1
54277018768676,15:04:37.018,64.0100,2
54344698206815,15:05:44.698,63.9600,11
54344698206815,15:05:44.698,63.9600,5
54344698206815,15:05:44.698,63.9600,2
54344698206815,15:05:44.698,63.9600,7
54344698206815,15:05:44.698,63.9600,3
54397170170926,15:06:37.170,64.0000,100
54397170170926,15:06:37.170,64.0100,100
54397170170926,15:06:37.170,64.0100,100
54397170170926,15:06:37.170,64.0100,6
54397170376964,15:06:37.170,64.0200,100
54397170376964,15:06:37.170,64.0200,100
54397170386353,15:06:37.170,64.0300,100
54397196138908,15:06:37.196,64.0100,20
54471245554533,15:07:51.245,64.0900,100
54471245641273,15:07:51.245,64.1000,50
54471245643391,15:07:51.245,64.1000,50
54471245643391,15:07:51.245,64.1000,50
54471245663415,15:07:51.245,64.1000,50
54471245663415,15:07:51.245,64.1000,10
54471245682725,15:07:51.245,64.1000,38
54471245890593,15:07:51.245,64.1000,14
54471245923189,15:07:51.245,64.1000,24
54471245942881,15:07:51.245,64.1000,14
54471248113077,15:07:51.248,64.1400,100
54471747078493,15:07:51.747,64.2000,10
54597530424926,15:09:57.530,64.2900,1
54597530424926,15:09:57.530,64.2900,13
54597530424926,15:09:57.530,64.2900,8
54597530467405,15:09:57.530,64.2900,43
54597530845561,15:09:57.530,64.2900,49
54597531234099,15:09:57.531,64.2800,2
54597531307124,15:09:57.531,64.2100,24
54597555388375,15:09:57.555,64.2800,20
54706289447888,15:11:46.289,64.2300,1
54706289559315,15:11:46.289,64.2300,100
54706290285569,15:11:46.290,64.2200,1
54706290285569,15:11:46.290,64.2200,99
54706290350957,15:11:46.290,64.2200,1
54707124065270,15:11:47.124,64.1900,300
54736921042993,15:12:16.921,64.0100,10
54768913239840,15:12:48.913,64.1600,20
54768914786752,15:12:48.914,64.1900,100
54804158648835,15:13:24.158,64.2700,10
54804158648835,15:13:24.158,64.2700,90
54804160016645,15:13:24.160,64.2800,20
54804160622190,15:13:24.160,64.2800,20
54804160656687,15:13:24.160,64.2800,60
54812335923142,15:13:32.335,64.4100,1
54812335925788,15:13:32.335,64.4100,1
54812335927773,15:13:32.335,64.4100,1
54812335929396,15:13:32.335,64.4100,1
54812335931518,15:13:32.335,64.4100,1
54812336688408,15:13:32.336,64.4100,1
54820547984334,15:13:40.547,64.2200,1
54821152034022,15:13:41.152,64.3000,50
54911994521451,15:15:11.994,64.3100,100
54926679036210,15:15:26.679,64.3500,1
54926679038899,15:15:26.679,64.3500,1
54926679039543,15:15:26.679,64.3500,2
54926679040007,15:15:26.679,64.3500,1
54926679042768,15:15:26.679,64.3500,1
54926679044112,15:15:26.679,64.3500,1
54926679046868,15:15:26.679,64.3500,1
54926679055548,15:15:26.679,64.3500,1
54926679696851,15:15:26.679,64.3500,5
54926679696851,15:15:26.679,64.3500,4
54926679696851,15:15:26.679,64.3500,21
54926679700154,15:15:26.679,64.3500,79
54926679700154,15:15:26.679,64.3500,20
54926679700154,15:15:26.679,64.3500,1
54926679720704,15:15:26.679,64.3500,1
54926679720704,15:15:26.679,64.3500,2
54926679720704,15:15:26.679,64.3500,1
54928435510084,15:15:28.435,64.3400,13
54934336885829,15:15:34.336,64.3500,10
54934336885829,15:15:34.336,64.3500,3
54934336885829,15:15:34.336,64.3500,3
54934387122828,15:15:34.387,64.3500,284
54950070695910,15:15:50.070,64.3500,3
54950070695910,15:15:50.070,64.3500,1
54950070695910,15:15:50.070,64.3500,1
54966949800562,15:16:06.949,64.3900,3
54967733549928,15:16:07.733,64.3000,62
54967734955988,15:16:07.734,64.3000,38
54974636396042,15:16:14.636,64.3500,100
55007511834908,15:16:47.511,64.3100,100
55007511922274,15:16:47.511,64.3200,12
55007511922274,15:16:47.511,64.3200,20
55051651664462,15:17:31.651,64.2100,5
55051651664462,15:17:31.651,64.2100,100
55051651769499,15:17:31.651,64.2100,100
55051780137610,15:17:31.780,64.1800,300
55184026771288,15:19:44.026,64.1800,20
55184026771288,15:19:44.026,64.1800,100
55184026853116,15:19:44.026,64.2000,12
55184026869981,15:19:44.026,64.1600,100
55186048961745,15:19:46.048,64.2000,88
55186048961745,15:19:46.048,64.2000,1
55186048961745,15:19:46.048,64.2000,1
55210273458495,15:20:10.273,64.3200,80
55215147284575,15:20:15.147,64.2500,1
55215174956740,15:20:15.174,64.2500,5
55216651035590,15:20:16.651,64.3200,68
55256342589568,15:20:56.342,64.2100,1
55300266338502,15:21:40.266,64.1700,100
55308950307057,15:21:48.950,64.2400,100
55308950307057,15:21:48.950,64.2400,100
55308950307057,15:21:48.950,64.2500,100
55309886714957,15:21:49.886,64.2500,13
55309886714957,15:21:49.886,64.2500,33
55309886714957,15:21:49.886,64.2500,1
55309886714957,15:21:49.886,64.2500,1
55309886714957,15:21:49.886,64.2500,200
55309886714957,15:21:49.886,64.2500,1
55309895681792,15:21:49.895,64.2700,1
55310063240465,15:21:50.063,64.2100,100
55323207364462,15:22:03.207,64.1700,100
55323207364462,15:22:03.207,64.1600,1
55332230608167,15:22:12.230,64.1600,99
55332230608167,15:22:12.230,64.1600,1
55332230663355,15:22:12.230,64.1600,100
55416865301330,15:23:36.865,64.0800,2
55416865301330,15:23:36.865,64.0700,1
55416865370261,15:23:36.865,64.0700,4
55416865370261,15:23:36.865,64.0700,100
55416865370261,15:23:36.865,64.0700,10
55416865954969,15:23:36.865,64.0600,8
55416865954969,15:23:36.865,64.0600,2
55416865989407,15:23:36.865,64.0600,1
55416865994849,15:23:36.865,64.0500,10
55416865994849,15:23:36.865,64.0400,9
55416865994849,15:23:36.865,64.0400,1
55416865996718,15:23:36.865,64.0100,10
55416866000264,15:23:36.866,64.0000,5
55416866000264,15:23:36.866,64.0000,5
55416866006957,15:23:36.866,63.9800,10
55416866006957,15:23:36.866,63.9700,5
55416866006957,15:23:36.866,63.9600,1
55416866006957,15:23:36.866,63.9500,34
55416866008246,15:23:36.866,63.9500,42
55416916044861,15:23:36.916,63.9800,4
55430421599690,15:23:50.421,63.9800,10
55465629461156,15:24:25.629,64.0900,100
55465629516523,15:24:25.629,64.0900,100
55465629529650,15:24:25.629,64.0900,40
55465629529650,15:24:25.629,64.1000,19
55465629714521,15:24:25.629,64.0900,100
55465630496271,15:24:25.630,64.1100,1
55478515350235,15:24:38.515,64.1000,100
55478515350235,15:24:38.515,64.0900,1
55578808176508,15:26:18.808,64.1900,10
55578809460762,15:26:18.809,64.1900,90
55578809460762,15:26:18.809,64.1900,10
55580842365724,15:26:20.842,64.1300,5
55606529432402,15:26:46.529,64.2000,10
55633883857472,15:27:13.883,64.2400,6
55633884949063,15:27:13.884,64.2600,46
55634560902715,15:27:14.560,64.2800,100
55635924144158,15:27:15.924,64.2900,100
55659506181909,15:27:39.506,64.3000,1
55659506601489,15:27:39.506,64.3000,99
55675569378908,15:27:55.569,64.3400,6
55675569378908,15:27:55.569,64.3400,2
55675569378908,15:27:55.569,64.3400,4
55675569482715,15:27:55.569,64.3400,2
55675569497316,15:27:55.569,64.3500,200
55675569497316,15:27:55.569,64.3500,1
55675570031655,15:27:55.570,64.4700,1
55675570038565,15:27:55.570,64.4700,1
55675570088429,15:27:55.570,64.4700,1
55675572414607,15:27:55.572,64.4400,1
55675573984359,15:27:55.573,64.3700,35
55675996839049,15:27:55.996,64.4400,100
55675996839049,15:27:55.996,64.4500,100
55739181380084,15:28:59.181,64.4800,100
55739181380084,15:28:59.181,64.5000,100
55748945169260,15:29:08.945,64.4000,100
55755128576558,15:29:15.128,64.4000,2
55759789822729,15:29:19.789,64.3700,1
55763161028993,15:29:23.161,64.4000,100
55763162220573,15:29:23.162,64.4000,81
55763163778979,15:29:23.163,64.4300,36
55770551950080,15:29:30.551,64.4000,99
55770551950080,15:29:30.551,64.4000,1
55777053942086,15:29:37.053,64.4500,50
55790723878201,15:29:50.723,64.4800,50
55790723887127,15:29:50.723,64.4800,34
55790723912900,15:29:50.723,64.4800,16
55804333432189,15:30:04.333,64.3900,5
55831296343789,15:30:31.296,64.4600,100
55831296401099,15:30:31.296,64.4500,1
55832828396111,15:30:32.828,64.4900,100
55833016387869,15:30:33.016,64.5000,100
55871071709956,15:31:11.071,64.6200,16
55873432866056,15:31:13.432,64.6500,22
55879105133710,15:31:19.105,64.7200,100
55879105133710,15:31:19.105,64.7400,100
55879105133710,15:31:19.105,64.7500,238
55914757153274,15:31:54.757,64.6400,10
55963396808711,15:32:43.396,64.7300,1
55963396815681,15:32:43.396,64.7600,38
55963397126163,15:32:43.397,64.7600,2
55963397130750,15:32:43.397,64.7600,36
55963410430164,15:32:43.410,64.7600,7
55963410492147,15:32:43.410,64.7600,17
55998085546815,15:33:18.085,64.8100,5
56011819367888,15:33:31.819,64.7400,100
56043239061142,15:34:03.239,64.7700,12
56043239719325,15:34:03.239,64.7800,100
56043239719325,15:34:03.239,64.7800,2
56043239719325,15:34:03.239,64.7800,80
56043239759517,15:34:03.239,64.7800,20
56043239759517,15:34:03.239,64.7800,1
56043239759517,15:34:03.239,64.7900,11
56043239761236,15:34:03.239,64.8000,100
56043239761236,15:34:03.239,64.8000,1
56043239766078,15:34:03.239,64.8200,1
56081992075886,15:34:41.992,64.7900,100
56088954277091,15:34:48.954,64.8600,1
56115190099182,15:35:15.190,64.8600,11
56115190099182,15:35:15.190,64.8600,100
56115191598160,15:35:15.191,64.8800,100
56115191635699,15:35:15.191,64.8800,5
56138438622217,15:35:38.438,64.9200,2
56199337131993,15:36:39.337,64.9100,11
56200097902898,15:36:40.097,64.9100,11
56200808648894,15:36:40.808,64.9600,1
56200808687386,15:36:40.808,64.9100,11
56200808690758,15:36:40.808,64.9100,5
56200808739198,15:36:40.808,64.9100,2
56218103279084,15:36:58.103,64.9000,9
56218103354668,15:36:58.103,64.9000,1
56219953078667,15:36:59.953,64.8900,2
56219953155802,15:36:59.953,64.8900,3
56221661375572,15:37:01.661,64.8700,100
56221661375572,15:37:01.661,64.8700,100
56221661375572,15:37:01.661,64.8700,1
56244796612645,15:37:24.796,64.8800,55
56244796646234,15:37:24.796,64.9200,100
56244796646234,15:37:24.796,64.9200,100
56244796646234,15:37:24.796,64.9200,1
56255265543567,15:37:35.265,64.9500,100
56296780425773,15:38:16.780,64.9500,6
56296780425773,15:38:16.780,64.9500,100
56296780425773,15:38:16.780,64.9500,100
56296780425773,15:38:16.780,64.9500,100
56296780425773,15:38:16.780,64.9500,11
56296780668560,15:38:16.780,65.0000,20
56296780668560,15:38:16.780,65.0000,100
56296780668560,15:38:16.780,65.0000,2
56296780668560,15:38:16.780,65.0000,16
56296780668560,15:38:16.780,65.0000,300
56296780668560,15:38:16.780,65.0000,25
56296780668560,15:38:16.780,65.0000,100
56296780821026,15:38:16.780,65.0000,100
56296780920365,15:38:16.780,65.0000,100
56296781355740,15:38:16.781,65.0000,100
56352196982945,15:39:12.196,64.9700,100
56397531414352,15:39:57.531,64.9800,100
56397536860645,15:39:57.536,64.9800,100
56400533016297,15:40:00.533,64.9900,6
56400533016297,15:40:00.533,64.9900,4
56420663726553,15:40:20.663,65.0000,2
56423533886320,15:40:23.533,65.0000,98
56423533886320,15:40:23.533,65.0000,2
56442996421050,15:40:42.996,65.0000,98
56442996477000,15:40:42.996,65.0100,20
56442996479574,15:40:42.996,65.0100,20
56442996515942,15:40:42.996,65.0100,50
56442996516542,15:40:42.996,65.0100,10
56442996516542,15:40:42.996,65.0100,9
56442997366357,15:40:42.997,65.0100,26
56476499380388,15:41:16.499,65.0300,1
56476499380388,15:41:16.499,65.0300,6
56476499380388,15:41:16.499,65.0400,2
56476499380388,15:41:16.499,65.0500,2
56476499380388,15:41:16.499,65.0600,2
56476499380388,15:41:16.499,65.0700,2
56476500062920,15:41:16.500,65.0800,1
56505977226039,15:41:45.977,65.0700,100
56506658741766,15:41:46.658,65.0800,6
56507357713118,15:41:47.357,65.0900,2
56507357713118,15:41:47.357,65.0900,98
56507357819396,15:41:47.357,65.0900,2
56510592785668,15:41:50.592,65.1300,2
56510593336563,15:41:50.593,65.1400,2
56510593336563,15:41:50.593,65.1400,100
56510593376083,15:41:50.593,65.1500,2
56530839135281,15:42:10.839,65.1300,10
56561727698397,15:42:41.727,65.1800,2
56561727698397,15:42:41.727,65.1800,98
56561727737072,15:42:41.727,65.1800,2
56561727737072,15:42:41.727,65.1800,1
56561727745839,15:42:41.727,65.1900,2
56571660677315,15:42:51.660,65.2000,6
56574267300750,15:42:54.267,65.2100,3
56574267692062,15:42:54.267,65.2200,1
56574267733554,15:42:54.267,65.2300,2
56580120748302,15:43:00.120,65.2600,49
56580120748302,15:43:00.120,65.2600,2
56580123444814,15:43:00.123,65.2700,2
56580123545965,15:43:00.123,65.2800,2
56580551979370,15:43:00.551,65.2400,1
56580551985046,15:43:00.551,65.2300,100
56580551985046,15:43:00.551,65.2300,2
56580551985046,15:43:00.551,65.2300,100
56588984144970,15:43:08.984,65.1800,100
56588984144970,15:43:08.984,65.1800,7
56588984144970,15:43:08.984,65.1800,100
56588984190229,15:43:08.984,65.1700,100
56588984999302,15:43:08.984,65.1500,9
56588985032702,15:43:08.985,65.1400,5
56588985129263,15:43:08.985,65.1100,42
56588985282838,15:43:08.985,65.1000,42
56588985334934,15:43:08.985,65.1000,58
56634392961783,15:43:54.392,65.1500,100
56634392995371,15:43:54.392,65.1500,50
56634392999149,15:43:54.392,65.1500,48
56634393001571,15:43:54.393,65.1500,2
56634393001571,15:43:54.393,65.1500,48
56634393016808,15:43:54.393,65.1500,50
56634393038707,15:43:54.393,65.1500,2
56641220899039,15:44:01.220,65.2600,50
56657193065892,15:44:17.193,65.1900,100
56685274066396,15:44:45.274,65.1600,100
56685274066396,15:44:45.274,65.1600,100
56685781425749,15:44:45.781,65.1200,61
56685781485898,15:44:45.781,65.1200,39
56687091334760,15:44:47.091,65.1100,100
56687744846031,15:44:47.744,65.0800,100
56687744902995,15:44:47.744,65.0700,100
56687745273457,15:44:47.745,65.0600,3
56687745349038,15:44:47.745,65.0600,3
56687745643201,15:44:47.745,65.0600,3
56687746601100,15:44:47.746,65.0600,3
56692668279997,15:44:52.668,65.0600,12
56702228207628,15:45:02.228,65.0700,100
56702228207628,15:45:02.228,65.0600,76
56702228291988,15:45:02.228,65.0600,100
56702231206802,15:45:02.231,65.0400,100
56703145393468,15:45:03.145,65.0400,100
56703145460046,15:45:03.145,65.0400,100
56722112455272,15:45:22.112,64.9100,6
56739386775671,15:45:39.386,64.9700,5
56746220418905,15:45:46.220,65.0000,100
56746220481950,15:45:46.220,65.0000,100
56746220549701,15:45:46.220,65.0000,100
56755131448407,15:45:55.131,65.0000,100
56755132211244,15:45:55.132,65.0000,100
56757556971027,15:45:57.556,65.0000,100
56757557431693,15:45:57.557,65.0300,100
56762978683091,15:46:02.978,65.0800,1
56762978683091,15:46:02.978,65.0800,1
56762978683091,15:46:02.978,65.0800,18
56762979069145,15:46:02.979,65.0900,1
56762979069145,15:46:02.979,65.0900,9
56780051396582,15:46:20.051,65.0900,100
56790700436999,15:46:30.700,65.0800,100
56791849049245,15:46:31.849,65.0800,100
56791849105313,15:46:31.849,65.0800,100
56791849121767,15:46:31.849,65.0800,42
56791849121767,15:46:31.849,65.0800,1
56791849151404,15:46:31.849,65.0900,1
56791849162747,15:46:31.849,65.1100,1
56791849162747,15:46:31.849,65.1200,9
56791849164461,15:46:31.849,65.1200,1
56791849164461,15:46:31.849,65.1200,1
56791849165359,15:46:31.849,65.1300,10
56791849166192,15:46:31.849,65.1400,10
56791849172853,15:46:31.849,65.1500,10
56791849195993,15:46:31.849,65.1500,10
56791849212002,15:46:31.849,65.1600,10
56791849212002,15:46:31.849,65.1700,3
56791849239929,15:46:31.849,65.1700,7
56791849257033,15:46:31.849,65.1800,9
56791849351072,15:46:31.849,65.1800,1
56791849351072,15:46:31.849,65.1900,2
56791849563648,15:46:31.849,65.1900,9
56791849912645,15:46:31.849,65.1300,100
56834067288497,15:47:14.067,65.1100,10
56834067368131,15:47:14.067,65.1100,90
56834067368131,15:47:14.067,65.0900,21
56835602176344,15:47:15.602,65.0800,11
56835602176344,15:47:15.602,65.0800,100
56836210942133,15:47:16.210,65.1100,100
56838277577861,15:47:18.277,65.1500,100
56838277642227,15:47:18.277,65.1500,34
56838278223171,15:47:18.278,65.1600,10
56838278223171,15:47:18.278,65.1600,13
56838278233770,15:47:18.278,65.1700,15
56838278237359,15:47:18.278,65.1900,9
56838278244291,15:47:18.278,65.2000,10
56838278244291,15:47:18.278,65.2100,7
56838297546686,15:47:18.297,65.1500,100
56853824720849,15:47:33.824,65.2100,3
56853824720849,15:47:33.824,65.2200,10
56853824720849,15:47:33.824,65.2300,20
56853824720849,15:47:33.824,65.2300,27
56853824929170,15:47:33.824,65.2400,10
56853824961778,15:47:33.824,65.2500,10
56853824995783,15:47:33.824,65.2600,19
56853825604844,15:47:33.825,65.2600,100
56857532296205,15:47:37.532,65.2900,100
56860531518887,15:47:40.531,65.3000,100
56860531558260,15:47:40.531,65.3000,2
56860531558260,15:47:40.531,65.3000,100
56862533971953,15:47:42.533,65.3300,1
56864531831735,15:47:44.531,65.3600,2
56864532239707,15:47:44.532,65.3700,1
56866532395288,15:47:46.532,65.3800,1
56901457483063,15:48:21.457,65.3900,33
56905855368656,15:48:25.855,65.4150,100
56905890565897,15:48:25.890,65.3600,8
56905890565897,15:48:25.890,65.3600,92
56905890601253,15:48:25.890,65.3600,8
56905890601253,15:48:25.890,65.3600,100
56905890602791,15:48:25.890,65.3600,100
56905890602791,15:48:25.890,65.3600,5
56905890604527,15:48:25.890,65.3600,95
56905890663767,15:48:25.890,65.3500,50
56905890674902,15:48:25.890,65.3500,50
56905890674902,15:48:25.890,65.3500,5
56910078796477,15:48:30.078,65.3700,100
56910078796477,15:48:30.078,65.3800,99
56910079643583,15:48:30.079,65.3800,1
56910079729437,15:48:30.079,65.3900,100
56957481042765,15:49:17.481,65.3200,2
56957675521213,15:49:17.675,65.3200,98
56957675521213,15:49:17.675,65.3200,100
56964397546487,15:49:24.397,65.2100,6
57018532195721,15:50:18.532,65.3300,100
57020531423148,15:50:20.531,65.3500,100
57023532154371,15:50:23.532,65.3500,100
57045655144046,15:50:45.655,65.2800,23
57046154145759,15:50:46.154,65.4100,1
57046154145759,15:50:46.154,65.4100,100
57046154145759,15:50:46.154,65.4100,100
57046154145759,15:50:46.154,65.4100,83
57060210888982,15:51:00.210,65.4200,30
57065532964135,15:51:05.532,65.4300,1
57065532964135,15:51:05.532,65.4300,99
57076569609789,15:51:16.569,65.3600,100
57076569643211,15:51:16.569,65.3800,100
57095389583580,15:51:35.389,65.3600,49
57096378638240,15:51:36.378,65.3700,11
57096378735330,15:51:36.378,65.3700,100
57096379386980,15:51:36.379,65.3900,100
57096379386980,15:51:36.379,65.3900,6
57096379805589,15:51:36.379,65.4100,2
57096379807610,15:51:36.379,65.4100,10
57101947043718,15:51:41.947,65.3900,2
57102630814219,15:51:42.630,65.3900,100
57108352002164,15:51:48.352,65.4000,94
57108352064453,15:51:48.352,65.4000,52
57108352066964,15:51:48.352,65.4000,50
57108905491590,15:51:48.905,65.4100,100
57108905515342,15:51:48.905,65.4100,74
57108905531240,15:51:48.905,65.4100,26
57127919705960,15:52:07.919,65.3500,100
57127919705960,15:52:07.919,65.3500,94
57127919707962,15:52:07.919,65.3500,6
57127919707962,15:52:07.919,65.3500,40
57127919707962,15:52:07.919,65.3400,4
57127919709854,15:52:07.919,65.3400,50
57127919717323,15:52:07.919,65.3400,45
57127920163056,15:52:07.920,65.3400,1
57127920163056,15:52:07.920,65.3400,1
57127920215500,15:52:07.920,65.3400,4
57127949995208,15:52:07.949,65.3400,5
57130368654600,15:52:10.368,65.2700,100
57135658384293,15:52:15.658,65.2700,98
57143559419773,15:52:23.559,65.2700,100
57155245316607,15:52:35.245,65.2600,100
57155245386444,15:52:35.245,65.2600,100
57159991653179,15:52:39.991,65.1700,7
57162372484237,15:52:42.372,65.2000,100
57162373599072,15:52:42.373,65.2100,100
57162375739033,15:52:42.375,65.2100,1
57188970897386,15:53:08.970,65.1700,1
57189514154927,15:53:09.514,65.1500,50
57189514210390,15:53:09.514,65.1500,50
57189514210390,15:53:09.514,65.1400,59
57189514302428,15:53:09.514,65.1400,41
57189514302428,15:53:09.514,65.1400,9
57212030741837,15:53:32.030,65.0200,53
57214594402244,15:53:34.594,65.0200,10
57223902676227,15:53:43.902,65.0200,37
57223902676227,15:53:43.902,65.0200,63
57226652140555,15:53:46.652,65.0500,100
57231046103388,15:53:51.046,65.0300,100
57231047046581,15:53:51.047,65.0300,100
57234099141042,15:53:54.099,65.0200,1
57234100528458,15:53:54.100,65.0500,46
57234100528458,15:53:54.100,65.0500,7
57234100528458,15:53:54.100,65.0500,5
57234100528458,15:53:54.100,65.0500,100
57234100528458,15:53:54.100,65.0500,1
57234103568605,15:53:54.103,65.0300,56
57234106376767,15:53:54.106,65.0600,70
57234106408045,15:53:54.106,65.0600,30
57234594228701,15:53:54.594,65.0700,74
57234594258641,15:53:54.594,65.0700,16
57249095723873,15:54:09.095,65.0400,1
57249095791044,15:54:09.095,65.0400,43
57249095818868,15:54:09.095,65.0800,100
57263533033643,15:54:23.533,65.1000,94
57263533613000,15:54:23.533,65.1000,6
57278532299659,15:54:38.532,65.1700,98
57281233744997,15:54:41.233,65.1400,100
57296532415470,15:54:56.532,65.1700,96
57298122462881,15:54:58.122,65.1400,4
57300136915077,15:55:00.136,65.2000,50
57300136966630,15:55:00.136,65.2000,5
57300137005698,15:55:00.137,65.2000,50
57300137057976,15:55:00.137,65.2000,26
57300137086269,15:55:00.137,65.2000,13
57300137092158,15:55:00.137,65.2000,24
57300137115896,15:55:00.137,65.2000,13
57300137329060,15:55:00.137,65.2400,10
57300137375152,15:55:00.137,65.2500,10
57300200012996,15:55:00.200,65.2500,100
57300242096308,15:55:00.242,65.2600,5
57300242096308,15:55:00.242,65.2700,10
57300242096308,15:55:00.242,65.2800,10
57300242096308,15:55:00.242,65.3000,4
57300242096308,15:55:00.242,65.3000,6
57300242096308,15:55:00.242,65.3100,4
57301131917196,15:55:01.131,65.2900,100
57308531675785,15:55:08.531,65.3900,100
57318532460664,15:55:18.532,65.3900,100
57324026887973,15:55:24.026,65.2900,57
57336220405621,15:55:36.220,65.3500,100
57351140724589,15:55:51.140,65.3300,13
57352532543321,15:55:52.532,65.3700,100
57354191203370,15:55:54.191,65.3800,6
57354191203370,15:55:54.191,65.3900,94
57355380253584,15:55:55.380,65.3600,67
57355380253584,15:55:55.380,65.3600,33
57355380295079,15:55:55.380,65.3600,6
57355380309446,15:55:55.380,65.3200,96
57355380311136,15:55:55.380,65.3200,9
57355380311136,15:55:55.380,65.3200,41
57355380334539,15:55:55.380,65.3200,59
57355380911815,15:55:55.380,65.3400,100
57355381022194,15:55:55.381,65.3500,52
57355381093732,15:55:55.381,65.3500,10
57355381093732,15:55:55.381,65.3500,100
57358896927612,15:55:58.896,65.3200,3
57365086539838,15:56:05.086,65.2900,6
57365174687321,15:56:05.174,65.2800,100
57367621610141,15:56:07.621,65.3000,100
57367760659938,15:56:07.760,65.3000,100
57367760707937,15:56:07.760,65.3000,100
57367760723982,15:56:07.760,65.3000,100
57369849304149,15:56:09.849,65.3200,20
57369853851708,15:56:09.853,65.3000,57
57369853903003,15:56:09.853,65.3000,43
57375193189116,15:56:15.193,65.3200,57
57375193189116,15:56:15.193,65.3200,19
57375193578914,15:56:15.193,65.3200,22
57375947729957,15:56:15.947,65.3200,2
57375947729957,15:56:15.947,65.3200,98
57393243587679,15:56:33.243,65.3200,2
57393243587679,15:56:33.243,65.3200,3
57393243637764,15:56:33.243,65.3300,250
57393243648964,15:56:33.243,65.3300,50
57393243648964,15:56:33.243,65.3300,100
57393243648964,15:56:33.243,65.3300,32
57393243657385,15:56:33.243,65.3300,50
57405120484123,15:56:45.120,65.3000,48
57406607750356,15:56:46.607,65.2800,100
57406607750356,15:56:46.607,65.2800,100
57406607807972,15:56:46.607,65.2800,100
57406607807972,15:56:46.607,65.2700,14
57406607810114,15:56:46.607,65.2700,36
57406607866824,15:56:46.607,65.2700,64
57406608225399,15:56:46.608,65.2900,100
57406608287999,15:56:46.608,65.2700,100
57406608726475,15:56:46.608,65.2600,100
57407871140460,15:56:47.871,65.2500,20
57407871140460,15:56:47.871,65.2500,60
57416533232593,15:56:56.533,65.2700,2
57416534650741,15:56:56.534,65.2800,24
57420532399472,15:57:00.532,65.2800,75
57420532399472,15:57:00.532,65.2800,25
57422110427636,15:57:02.110,65.2800,2
57442049210764,15:57:22.049,65.2800,73
57442049210764,15:57:22.049,65.2800,100
57442049210764,15:57:22.049,65.2800,1
57442049210764,15:57:22.049,65.2800,4
57452581880326,15:57:32.581,65.2800,63
57452581888692,15:57:32.581,65.2500,78
57452581888692,15:57:32.581,65.2500,7
57452582013919,15:57:32.582,65.2800,100
57470533959289,15:57:50.533,65.2600,50
57470533959289,15:57:50.533,65.2600,50
57475293966734,15:57:55.293,65.2500,100
57475293966734,15:57:55.293,65.2500,100
57475293966734,15:57:55.293,65.2500,100
57475293966734,15:57:55.293,65.2500,100
57475294086848,15:57:55.294,65.2500,100
57475296490354,15:57:55.296,65.2400,100
57475296533571,15:57:55.296,65.2200,114
57476831073447,15:57:56.831,65.1800,19
57476831146051,15:57:56.831,65.1800,81
57476831146051,15:57:56.831,65.1800,300
57476831146051,15:57:56.831,65.1800,300
57476831795378,15:57:56.831,65.1800,100
57481485432225,15:58:01.485,65.1100,100
57485329835144,15:58:05.329,65.1000,100
57485329835144,15:58:05.329,65.1000,114
57485329835144,15:58:05.329,65.1000,100
57485329888104,15:58:05.329,65.1100,120
57485329904160,15:58:05.329,65.1300,25
57485329923848,15:58:05.329,65.0900,100
57485520550871,15:58:05.520,65.1200,9
57486879904105,15:58:06.879,65.1200,10
57486880343505,15:58:06.880,65.1200,21
57486880354540,15:58:06.880,65.1300,173
57486880366506,15:58:06.880,65.1300,157
57488067564436,15:58:08.067,65.1300,100
57488067665023,15:58:08.067,65.1200,100
57491934391918,15:58:11.934,65.1200,100
57491934391918,15:58:11.934,65.1300,100
57491934391918,15:58:11.934,65.1300,100
57491934391918,15:58:11.934,65.1300,20
57493531508665,15:58:13.531,65.1300,100
57494041953681,15:58:14.041,65.1250,6
57496251126625,15:58:16.251,65.1300,8
57496251532097,15:58:16.251,65.1200,64
57496251590130,15:58:16.251,65.1200,36
57502176636235,15:58:22.176,65.1100,20
57502176691906,15:58:22.176,65.1100,100
57502177354942,15:58:22.177,65.1100,180
57502177354942,15:58:22.177,65.1100,253
57502177397989,15:58:22.177,65.1000,152
57502177397989,15:58:22.177,65.1000,48
57502177399033,15:58:22.177,65.1000,52
57502177399033,15:58:22.177,65.1000,100
57506500046673,15:58:26.500,65.1300,1
57506500046673,15:58:26.500,65.1300,99
57506500162350,15:58:26.500,65.1300,1
57506500162350,15:58:26.500,65.1300,5
57506500162350,15:58:26.500,65.1300,94
57506500261979,15:58:26.500,65.1300,6
57506500261979,15:58:26.500,65.1300,100
57506500261979,15:58:26.500,65.1300,94
57506500625899,15:58:26.500,65.1300,6
57506500625899,15:58:26.500,65.1300,100
57506529895564,15:58:26.529,65.1300,20
57507035122474,15:58:27.035,65.1500,1
57507035133042,15:58:27.035,65.1700,1
57509937899012,15:58:29.937,65.2100,3
57514725405919,15:58:34.725,65.1950,100
57515469214565,15:58:35.469,65.1800,100
57515469214565,15:58:35.469,65.1800,100
57515469214565,15:58:35.469,65.1800,1
57515469214565,15:58:35.469,65.1800,121
57515469214565,15:58:35.469,65.1800,111
57515469214565,15:58:35.469,65.1800,67
57515469268176,15:58:35.469,65.1800,50
57515469322885,15:58:35.469,65.1800,55
57515672305138,15:58:35.672,65.1800,45
57515672305138,15:58:35.672,65.1800,100
57516536136422,15:58:36.536,65.1900,100
57518532344105,15:58:38.532,65.1800,5
57518532344105,15:58:38.532,65.1900,95
57518532747761,15:58:38.532,65.1900,5
57518532747761,15:58:38.532,65.1900,95
57518534018010,15:58:38.534,65.1900,26
57518534018010,15:58:38.534,65.1900,74
57523534561265,15:58:43.534,65.2100,100
57531531861935,15:58:51.531,65.2300,100
57532586400555,15:58:52.586,65.2300,147
57532586412195,15:58:52.586,65.2300,49
57532586414845,15:58:52.586,65.2300,4
57532586414845,15:58:52.586,65.2300,143
57532586415723,15:58:52.586,65.2500,104
57542074906469,15:59:02.074,65.2500,5
57542074906469,15:59:02.074,65.2500,95
57542535712379,15:59:02.535,65.2500,4
57542535712379,15:59:02.535,65.2500,96
57542613267988,15:59:02.613,65.2500,3
57542974097666,15:59:02.974,65.2500,51
57542974097666,15:59:02.974,65.2500,3
57542974170059,15:59:02.974,65.2600,100
57542974207494,15:59:02.974,65.2600,100
57543632027574,15:59:03.632,65.2700,1
57545484400586,15:59:05.484,65.2600,106
57551005655225,15:59:11.005,65.2700,59
57551515156929,15:59:11.515,65.2700,97
57551531810545,15:59:11.531,65.2800,100
57551560062193,15:59:11.560,65.2800,200
57551560062193,15:59:11.560,65.2800,300
57551779445072,15:59:11.779,65.3200,100
57552053834138,15:59:12.053,65.3200,100
57554536824043,15:59:14.536,65.3200,100
57555198242498,15:59:15.198,65.3200,10
57555198555217,15:59:15.198,65.3200,90
57555198555217,15:59:15.198,65.3200,400
57555198555217,15:59:15.198,65.3200,10
57555272298210,15:59:15.272,65.3200,100
57555638578599,15:59:15.638,65.3200,90
57556531987235,15:59:16.531,65.3200,100
57556532023682,15:59:16.532,65.3200,100
57556532058271,15:59:16.532,65.3200,90
57556532058271,15:59:16.532,65.3200,10
57556532094414,15:59:16.532,65.3200,100
57556532126974,15:59:16.532,65.3200,100
57556746566206,15:59:16.746,65.3200,76
57556746654504,15:59:16.746,65.3200,14
57556746654504,15:59:16.746,65.3300,286
57556746927026,15:59:16.746,65.3300,14
57556747870790,15:59:16.747,65.3200,100
57556832154334,15:59:16.832,65.3500,1
57560188896618,15:59:20.188,65.3600,100
57560190637732,15:59:20.190,65.3600,200
57560300371824,15:59:20.300,65.3900,121
57560300371824,15:59:20.300,65.3900,200
57560300371824,15:59:20.300,65.3900,79
57562082095006,15:59:22.082,65.3800,100
57565215353901,15:59:25.215,65.3800,100
57570264992566,15:59:30.264,65.3900,100
57570264992566,15:59:30.264,65.4000,100
57570264992566,15:59:30.264,65.4000,32
57570442116802,15:59:30.442,65.3600,1
57571657800802,15:59:31.657,65.3900,100
57571657833759,15:59:31.657,65.3900,6
57575273927268,15:59:35.273,65.3900,94
57575273927268,15:59:35.273,65.3900,100
57575273927268,15:59:35.273,65.4000,106
57575274306338,15:59:35.274,65.4000,100
57578909722685,15:59:38.909,65.3900,15
57578910247147,15:59:38.910,65.4000,3
57580330758461,15:59:40.330,65.4000,12
57580330758461,15:59:40.330,65.4100,288
57580337609079,15:59:40.337,65.4000,4
57584274437466,15:59:44.274,65.4300,100
57584977287395,15:59:44.977,65.4000,100
57585205070584,15:59:45.205,65.4300,100
57585205070584,15:59:45.205,65.4500,100
57585261720125,15:59:45.261,65.4500,100
57585598523873,15:59:45.598,65.4400,44
57586036051643,15:59:46.036,65.4400,56
57586036051643,15:59:46.036,65.4400,121
57586036051643,15:59:46.036,65.4400,114
57586061901653,15:59:46.061,65.4300,200
57586088930388,15:59:46.088,65.4500,200
57587044674917,15:59:47.044,65.4500,200
57587069063733,15:59:47.069,65.4600,200
57587078038345,15:59:47.078,65.4600,32
57588045911018,15:59:48.045,65.4700,100
57588045952498,15:59:48.045,65.4800,100
57588071233682,15:59:48.071,65.4900,100
57588071233682,15:59:48.071,65.4900,200
57588071233682,15:59:48.071,65.4900,100
57588089485498,15:59:48.089,65.4900,100
57588190245417,15:59:48.190,65.4900,55
57590015357883,15:59:50.015,65.4000,131
57590015357883,15:59:50.015,65.3900,100
57590015357883,15:59:50.015,65.3900,69
57590015402582,15:59:50.015,65.3900,31
57590078115274,15:59:50.078,65.4100,100
57590078115274,15:59:50.078,65.4600,100
57590078115274,15:59:50.078,65.4600,100
57590164830574,15:59:50.164,65.4000,32
57590172124751,15:59:50.172,65.4600,100
57590172124751,15:59:50.172,65.4700,100
57590172124751,15:59:50.172,65.4700,100
57590184612596,15:59:50.184,65.4600,100
57590227952549,15:59:50.227,65.4700,100
57590790658737,15:59:50.790,65.4800,50
57591208499009,15:59:51.208,65.4500,91
57592073932640,15:59:52.073,65.4500,100
57592073932640,15:59:52.073,65.4600,100
57592073932640,15:59:52.073,65.4700,100
57592073932640,15:59:52.073,65.4800,100
57592073932640,15:59:52.073,65.4900,145
57592073932640,15:59:52.073,65.4900,55
57592074355312,15:59:52.074,65.4800,100
57594140063659,15:59:54.140,65.4600,100
57594140063659,15:59:54.140,65.4700,100
57594148492474,15:59:54.148,65.4900,45
57594148492474,15:59:54.148,65.4900,100
57594148492474,15:59:54.148,65.4900,55
57594232524590,15:59:54.232,65.4900,45
57594232524590,15:59:54.232,65.4900,78
57594320756719,15:59:54.320,65.4900,20
57595717260908,15:59:55.717,65.4000,68
57595717260908,15:59:55.717,65.3900,32
57595724168062,15:59:55.724,65.4100,100
57595724168062,15:59:55.724,65.4200,100
57595724168062,15:59:55.724,65.4400,100
57595724168062,15:59:55.724,65.4700,32
57595724168062,15:59:55.724,65.4800,100
57595724168062,15:59:55.724,65.4800,68
57597049609919,15:59:57.049,65.4800,132
57597049609919,15:59:57.049,65.4800,68
57597766927366,15:59:57.766,65.4300,100
57597816487481,15:59:57.816,65.4300,9
57598102882214,15:59:58.102,65.4900,79
57599278189680,15:59:59.278,65.4700,100
57600285631175,16:00:00.285,65.4500,37779
