timestamp,time,price,volume
34200228904497,09:30:00.228,0.0000,0
34232448467774,09:30:32.448,18.4200,100
34232457958886,09:30:32.457,18.4200,100
34232457958886,09:30:32.457,18.4200,100
34235991944090,09:30:35.991,18.4000,100
34235991944090,09:30:35.991,18.4000,100
34235992876599,09:30:35.992,18.4100,100
34235992902151,09:30:35.992,18.4100,200
34235992902151,09:30:35.992,18.4100,100
34235992902151,09:30:35.992,18.4100,100
34235998992778,09:30:35.998,18.4200,100
34236632556161,09:30:36.632,18.4400,100
34236633033656,09:30:36.633,18.4400,100
34236633033656,09:30:36.633,18.4400,100
34236633033656,09:30:36.633,18.4400,100
34236633033656,09:30:36.633,18.4400,100
34244415903142,09:30:44.415,18.4000,100
34244415965401,09:30:44.415,18.3900,216
34244416645425,09:30:44.416,18.3900,100
34244469681784,09:30:44.469,18.3800,100
34244500810073,09:30:44.500,18.3800,100
34244500810073,09:30:44.500,18.3800,100
34245998290796,09:30:45.998,18.4100,100
34246291983573,09:30:46.291,18.4100,100
34246983007091,09:30:46.983,18.3800,35
34246983032588,09:30:46.983,18.3800,65
34247069885063,09:30:47.069,18.3800,100
34247069885063,09:30:47.069,18.3800,100
34249727574740,09:30:49.727,18.3800,100
34256987116621,09:30:56.987,18.3900,100
34256987443208,09:30:56.987,18.3900,12
34256987443208,09:30:56.987,18.3900,100
34257009451689,09:30:57.009,18.4000,800
34257009451689,09:30:57.009,18.4000,100
34257018050431,09:30:57.018,18.4000,100
34257019061163,09:30:57.019,18.4000,100
34257471306684,09:30:57.471,18.3900,75
34257474595547,09:30:57.474,18.3900,25
34257475056430,09:30:57.475,18.3900,100
34257475056430,09:30:57.475,18.3900,100
34257475056430,09:30:57.475,18.3900,6
34257475090413,09:30:57.475,18.3900,100
34257579305159,09:30:57.579,18.3900,100
34260075133603,09:31:00.075,18.3900,100
34260075133603,09:31:00.075,18.3900,1
34260075310238,09:31:00.075,18.3900,99
34260128320112,09:31:00.128,18.3900,100
34260129373586,09:31:00.129,18.3900,100
34260129373586,09:31:00.129,18.3900,100
34260129373586,09:31:00.129,18.3900,200
34260130340425,09:31:00.130,18.3900,100
34260130340425,09:31:00.130,18.3900,24
34260137480278,09:31:00.137,18.4000,100
34260137480278,09:31:00.137,18.4000,100
34260203642443,09:31:00.203,18.3900,100
34260203642443,09:31:00.203,18.3900,100
34260203642443,09:31:00.203,18.3900,100
34260203642443,09:31:00.203,18.3900,100
34260203642443,09:31:00.203,18.3900,100
34260203642443,09:31:00.203,18.3900,323
34261075864182,09:31:01.075,18.4000,100
34261075864182,09:31:01.075,18.4000,1
34272158832861,09:31:12.158,18.3800,1900
34272158832861,09:31:12.158,18.3800,100
34272158832861,09:31:12.158,18.3800,100
34272159073678,09:31:12.159,18.3800,100
34272159073678,09:31:12.159,18.3800,60
34272159087464,09:31:12.159,18.3800,40
34272159087464,09:31:12.159,18.3800,600
34272159087464,09:31:12.159,18.3900,100
34272159087464,09:31:12.159,18.3900,100
34272159087464,09:31:12.159,18.3900,160
34272159452391,09:31:12.159,18.3900,100
34272159452391,09:31:12.159,18.3900,45
34272159452391,09:31:12.159,18.3900,640
34272200247625,09:31:12.200,18.4000,100
34272200247625,09:31:12.200,18.4000,32
34272281564882,09:31:12.281,18.4000,115
34272281564882,09:31:12.281,18.4000,34
34272310356486,09:31:12.310,18.4000,366
34272837640711,09:31:12.837,18.4000,100
34272837640711,09:31:12.837,18.4000,100
34272837640711,09:31:12.837,18.4000,1
34275253421761,09:31:15.253,18.4000,84
34275253421761,09:31:15.253,18.4000,100
34275314189114,09:31:15.314,18.4000,100
34275373864413,09:31:15.373,18.4000,100
34275373864413,09:31:15.373,18.4000,100
34275373864413,09:31:15.373,18.4000,100
34275388589868,09:31:15.388,18.4000,37
34275388615549,09:31:15.388,18.4000,100
34275388629190,09:31:15.388,18.4000,100
34280493007992,09:31:20.493,18.3900,100
34300253628250,09:31:40.253,18.3900,100
34300253628250,09:31:40.253,18.3900,100
34300253705272,09:31:40.253,18.3900,100
34300253705272,09:31:40.253,18.3900,12
34300253708418,09:31:40.253,18.3900,200
34300253711041,09:31:40.253,18.3900,400
34300253723711,09:31:40.253,18.3900,100
34300253974609,09:31:40.253,18.3900,100
34300253974609,09:31:40.253,18.3900,88
34300307989161,09:31:40.307,18.3900,4
34306247634447,09:31:46.247,18.3700,100
34309597569409,09:31:49.597,18.3500,100
34309598455218,09:31:49.598,18.3500,100
34309598455218,09:31:49.598,18.3500,100
34309598480772,09:31:49.598,18.3500,100
34309598503882,09:31:49.598,18.3500,100
34309598627434,09:31:49.598,18.3500,100
34309598627434,09:31:49.598,18.3500,100
34309624176014,09:31:49.624,18.3500,100
34309624205098,09:31:49.624,18.3500,2
34309624226286,09:31:49.624,18.3500,2
34309625415558,09:31:49.625,18.3500,100
34309625431456,09:31:49.625,18.3500,96
34312447240790,09:31:52.447,18.3700,100
34312447267439,09:31:52.447,18.3700,100
34312447915001,09:31:52.447,18.3700,100
34312447953548,09:31:52.447,18.3700,100
34312448101488,09:31:52.448,18.3700,100
34312448907663,09:31:52.448,18.3700,100
34312448907663,09:31:52.448,18.3700,61
34312450900293,09:31:52.450,18.3800,61
34312509630513,09:31:52.509,18.3800,100
34312509630513,09:31:52.509,18.3800,100
34312510831272,09:31:52.510,18.3700,100
34312531548598,09:31:52.531,18.3700,100
34315229083429,09:31:55.229,18.3800,100
34315229109054,09:31:55.229,18.3800,100
34315231406749,09:31:55.231,18.3800,100
34315231406749,09:31:55.231,18.3800,100
34315231771325,09:31:55.231,18.3800,100
34315261103255,09:31:55.261,18.3800,100
34316097579414,09:31:56.097,18.3700,100
34318602539716,09:31:58.602,18.3900,100
34320299562545,09:32:00.299,18.3900,76
34320299587952,09:32:00.299,18.3900,24
34320299587952,09:32:00.299,18.3900,100
34320299655982,09:32:00.299,18.3900,99
34320299771950,09:32:00.299,18.3900,100
34320301814576,09:32:00.301,18.4000,100
34320467387739,09:32:00.467,18.4000,100
34320467387739,09:32:00.467,18.4000,100
34320746689491,09:32:00.746,18.4000,100
34320767584221,09:32:00.767,18.3900,100
34320768021905,09:32:00.768,18.3900,100
34320768440266,09:32:00.768,18.3900,100
34320825806258,09:32:00.825,18.3900,100
34320859806760,09:32:00.859,18.3900,100
34320859831539,09:32:00.859,18.3900,100
34320859831539,09:32:00.859,18.3900,100
34320864105658,09:32:00.864,18.3900,100
34320864105658,09:32:00.864,18.3900,100
34320864105658,09:32:00.864,18.3900,100
34320864105658,09:32:00.864,18.3900,100
34320864105658,09:32:00.864,18.3900,51
34321163508228,09:32:01.163,18.4000,100
34324176420837,09:32:04.176,18.3700,100
34325128669583,09:32:05.128,18.3800,50
34328044609494,09:32:08.044,18.3800,100
34337310320023,09:32:17.310,18.3800,100
34350156453216,09:32:30.156,18.3800,100
34350978365141,09:32:30.978,18.3700,100
34353022180667,09:32:33.022,18.3600,100
34353022180667,09:32:33.022,18.3600,100
34353022914080,09:32:33.022,18.3500,100
34353023479180,09:32:33.023,18.3500,100
34353023479180,09:32:33.023,18.3500,100
34353023479180,09:32:33.023,18.3500,600
34353023479180,09:32:33.023,18.3500,100
34353024823313,09:32:33.024,18.3600,100
34353174994637,09:32:33.174,18.3600,100
34355304601342,09:32:35.304,18.3600,100
34355304609395,09:32:35.304,18.3700,76
34355304692058,09:32:35.304,18.3600,100
34355304692058,09:32:35.304,18.3600,100
34355304692058,09:32:35.304,18.3600,100
34355304692058,09:32:35.304,18.3600,300
34355304704013,09:32:35.304,18.3600,100
34355305058491,09:32:35.305,18.3600,100
34355305074720,09:32:35.305,18.3600,100
34357679440694,09:32:37.679,18.3600,100
34357679440694,09:32:37.679,18.3600,100
34357710308962,09:32:37.710,18.3600,100
34357710333853,09:32:37.710,18.3600,2
34367663915434,09:32:47.663,18.3700,100
34367696729954,09:32:47.696,18.3700,100
34381169599721,09:33:01.169,18.3300,100
34384251355561,09:33:04.251,18.3400,100
34384251587680,09:33:04.251,18.3400,300
34384251587680,09:33:04.251,18.3400,100
34386172621061,09:33:06.172,18.3400,100
34386172621061,09:33:06.172,18.3400,1100
34386271825298,09:33:06.271,18.3400,37
34386850948632,09:33:06.850,18.3400,100
34393935321330,09:33:13.935,18.3300,100
34393935321330,09:33:13.935,18.3300,100
34395531921274,09:33:15.531,18.3200,100
34400628307311,09:33:20.628,18.3200,100
34400744925333,09:33:20.744,18.3200,100
34403412353501,09:33:23.412,18.3100,100
34403441156344,09:33:23.441,18.3100,100
34403441204419,09:33:23.441,18.3100,100
34403441204419,09:33:23.441,18.3100,100
34404489535952,09:33:24.489,18.3100,25
34413972608040,09:33:33.972,18.2800,100
34414084972804,09:33:34.084,18.2800,100
34420540623800,09:33:40.540,18.2800,100
34420540623800,09:33:40.540,18.2800,100
34425173357565,09:33:45.173,18.2800,100
34430171147388,09:33:50.171,18.2800,100
34432306457208,09:33:52.306,18.2900,100
34432306457208,09:33:52.306,18.2900,100
34433603496862,09:33:53.603,18.2900,300
34433603496862,09:33:53.603,18.2900,100
34434536223317,09:33:54.536,18.2800,100
34436173923038,09:33:56.173,18.2800,100
34436173960261,09:33:56.173,18.2800,87
34436178985408,09:33:56.178,18.2700,200
34440173252650,09:34:00.173,18.2800,200
34440173252650,09:34:00.173,18.2800,100
34440248594096,09:34:00.248,18.2800,100
34440703056521,09:34:00.703,18.2900,100
34443388674180,09:34:03.388,18.3000,100
34443388674180,09:34:03.388,18.3000,100
34444177978095,09:34:04.177,18.3000,100
34444177978095,09:34:04.177,18.3000,100
34444183786720,09:34:04.183,18.3000,100
34453622449313,09:34:13.622,18.2800,100
34453627220553,09:34:13.627,18.2800,100
34453627220553,09:34:13.627,18.2800,100
34476279302460,09:34:36.279,18.2600,100
34488771981778,09:34:48.771,18.2500,87
34488772025004,09:34:48.772,18.2500,13
34489258973067,09:34:49.258,18.2500,100
34501078568984,09:35:01.078,18.2700,100
34501078612536,09:35:01.078,18.2700,100
34501113358539,09:35:01.113,18.2700,100
34501113358539,09:35:01.113,18.2700,100
34501113358539,09:35:01.113,18.2700,100
34501113511428,09:35:01.113,18.2700,35
34501113750459,09:35:01.113,18.2700,100
34504672271342,09:35:04.672,18.2700,2
34504672271342,09:35:04.672,18.2700,98
34504672300927,09:35:04.672,18.2700,2
34511805937623,09:35:11.805,18.2500,100
34511907478655,09:35:11.907,18.2500,100
34511907478655,09:35:11.907,18.2500,56
34511907478655,09:35:11.907,18.2500,100
34518323479730,09:35:18.323,18.2600,84
34518323539214,09:35:18.323,18.2600,16
34522546896409,09:35:22.546,18.2700,100
34522547904801,09:35:22.547,18.2800,100
34523825677716,09:35:23.825,18.2800,100
34524620081203,09:35:24.620,18.2800,12
34524623744028,09:35:24.623,18.2800,75
34533670753728,09:35:33.670,18.2500,56
34533670753728,09:35:33.670,18.2500,100
34533671635306,09:35:33.671,18.2500,100
34533671635306,09:35:33.671,18.2500,100
34533671635306,09:35:33.671,18.2500,56
34533884316076,09:35:33.884,18.2500,37
34536702742408,09:35:36.702,18.2500,100
34536821474777,09:35:36.821,18.2500,100
34544071619432,09:35:44.071,18.2400,100
34545512904396,09:35:45.512,18.2400,56
34545512904396,09:35:45.512,18.2400,100
34546598746901,09:35:46.598,18.2400,200
34546598746901,09:35:46.598,18.2400,100
34546598746901,09:35:46.598,18.2400,2
34546598748139,09:35:46.598,18.2400,54
34546599427202,09:35:46.599,18.2400,100
34546599499151,09:35:46.599,18.2400,100
34546599499151,09:35:46.599,18.2400,56
34546599499151,09:35:46.599,18.2400,100
34546599686456,09:35:46.599,18.2400,100
34546599723002,09:35:46.599,18.2400,25
34546599788492,09:35:46.599,18.2400,175
34546599788492,09:35:46.599,18.2400,100
34546599788492,09:35:46.599,18.2400,125
34546600124491,09:35:46.600,18.2400,100
34546600360364,09:35:46.600,18.2400,100
34546606737232,09:35:46.606,18.2400,100
34546606811289,09:35:46.606,18.2400,100
34546606811289,09:35:46.606,18.2400,100
34547595936237,09:35:47.595,18.2300,100
34547595936237,09:35:47.595,18.2300,100
34548165432337,09:35:48.165,18.2300,100
34550124610711,09:35:50.124,18.2350,100
34550124610711,09:35:50.124,18.2300,100
34550124610711,09:35:50.124,18.2300,100
34550124610711,09:35:50.124,18.2300,99
34553536245045,09:35:53.536,18.2300,100
34553540878643,09:35:53.540,18.2200,700
34553540878643,09:35:53.540,18.2200,200
34553541935750,09:35:53.541,18.2200,800
34553542218348,09:35:53.542,18.2200,100
34553542218348,09:35:53.542,18.2200,100
34553542218348,09:35:53.542,18.2200,100
34561463619061,09:36:01.463,18.2400,100
34561463619061,09:36:01.463,18.2400,100
34561463619061,09:36:01.463,18.2400,100
34561463855309,09:36:01.463,18.2400,100
34561463855309,09:36:01.463,18.2400,100
34561463947290,09:36:01.463,18.2400,52
34561463949909,09:36:01.463,18.2400,48
34561463949909,09:36:01.463,18.2400,52
34561464129084,09:36:01.464,18.2400,48
34561464129084,09:36:01.464,18.2400,52
34561464166340,09:36:01.464,18.2400,48
34561464166340,09:36:01.464,18.2400,52
34561464356850,09:36:01.464,18.2400,48
34561464356850,09:36:01.464,18.2400,52
34561467942068,09:36:01.467,18.2400,100
34561468218520,09:36:01.468,18.2400,100
34564630485893,09:36:04.630,18.2500,100
34564630525466,09:36:04.630,18.2600,100
34564631511061,09:36:04.631,18.2600,100
34564631996300,09:36:04.631,18.2600,100
34564631996300,09:36:04.631,18.2600,100
34564682397253,09:36:04.682,18.2600,100
34564682397253,09:36:04.682,18.2600,100
34564724137913,09:36:04.724,18.2600,227
34564724157735,09:36:04.724,18.2600,545
34564724192440,09:36:04.724,18.2600,300
34564724228629,09:36:04.724,18.2600,100
34564724228629,09:36:04.724,18.2600,100
34564724543170,09:36:04.724,18.2600,55
34564724543170,09:36:04.724,18.2600,45
34564725043237,09:36:04.725,18.2600,55
34564725043237,09:36:04.725,18.2600,45
34565806661124,09:36:05.806,18.2650,100
34566554836855,09:36:06.554,18.2650,100
34566554868645,09:36:06.554,18.2600,100
34566719870244,09:36:06.719,18.2650,100
34566719870244,09:36:06.719,18.2600,100
34566720363765,09:36:06.720,18.2600,100
34572644709201,09:36:12.644,18.2400,51
34576124788635,09:36:16.124,18.2300,100
34592038261440,09:36:32.038,18.2600,100
34592038261440,09:36:32.038,18.2600,100
34592038261440,09:36:32.038,18.2600,100
34592038261440,09:36:32.038,18.2600,100
34592137325652,09:36:32.137,18.2600,100
34592137325652,09:36:32.137,18.2600,100
34592137325652,09:36:32.137,18.2600,55
34592137325652,09:36:32.137,18.2600,745
34592212221746,09:36:32.212,18.2500,1
34595630703675,09:36:35.630,18.2500,100
34604518988866,09:36:44.518,18.2500,100
34609678119039,09:36:49.678,18.2500,100
34609678119039,09:36:49.678,18.2500,100
34616551085438,09:36:56.551,18.2600,100
34616551085438,09:36:56.551,18.2600,100
34616551264268,09:36:56.551,18.2600,100
34616551264268,09:36:56.551,18.2600,100
34616551295835,09:36:56.551,18.2600,44
34616551330063,09:36:56.551,18.2600,100
34616551499004,09:36:56.551,18.2600,100
34616551499004,09:36:56.551,18.2600,100
34616610981319,09:36:56.610,18.2700,100
34620146589973,09:37:00.146,18.2700,100
34622804504998,09:37:02.804,18.2900,100
34622804544494,09:37:02.804,18.2900,100
34622804561272,09:37:02.804,18.2900,100
34622804690762,09:37:02.804,18.2900,100
34622804690762,09:37:02.804,18.2900,100
34622804690762,09:37:02.804,18.2900,100
34622804690762,09:37:02.804,18.2900,300
34622804690762,09:37:02.804,18.2900,100
34627159977946,09:37:07.159,18.3000,100
34629025339459,09:37:09.025,18.3000,100
34631037040079,09:37:11.037,18.3000,100
34649547020171,09:37:29.547,18.3000,100
34649639763342,09:37:29.639,18.2900,100
34651581207921,09:37:31.581,18.2800,100
34651581207921,09:37:31.581,18.2800,100
34652081688632,09:37:32.081,18.2700,100
34653444802005,09:37:33.444,18.2700,100
34653444840153,09:37:33.444,18.2700,100
34654513648580,09:37:34.513,18.2700,50
34660924588985,09:37:40.924,18.2700,100
34660924588985,09:37:40.924,18.2700,16
34660924675895,09:37:40.924,18.2700,84
34664118896618,09:37:44.118,18.2800,100
34678817161372,09:37:58.817,18.3100,100
34691534489076,09:38:11.534,18.3200,100
34719399301242,09:38:39.399,18.3500,100
34743554513879,09:39:03.554,18.3500,37
34746393199887,09:39:06.393,18.3400,100
34746450509689,09:39:06.450,18.3300,100
34749955107612,09:39:09.955,18.3300,100
34759266631273,09:39:19.266,18.3300,100
34759266672021,09:39:19.266,18.3300,100
34759266672021,09:39:19.266,18.3300,100
34759266672021,09:39:19.266,18.3300,100
34759266735299,09:39:19.266,18.3200,100
34759266735299,09:39:19.266,18.3200,16
34759266779530,09:39:19.266,18.3200,84
34759266779530,09:39:19.266,18.3200,100
34759266779530,09:39:19.266,18.3200,644
34759266826984,09:39:19.266,18.3200,100
34759267704161,09:39:19.267,18.3200,100
34759267704161,09:39:19.267,18.3200,100
34759275480996,09:39:19.275,18.3200,100
34759275886779,09:39:19.275,18.3200,100
34771899263127,09:39:31.899,18.3200,100
34772734246886,09:39:32.734,18.3200,100
34774999293644,09:39:34.999,18.3400,28
34775752813289,09:39:35.752,18.3400,72
34796439825658,09:39:56.439,18.3200,66
34800954082133,09:40:00.954,18.3300,100
34809842958119,09:40:09.842,18.3200,100
34822712130473,09:40:22.712,18.3200,100
34834372038203,09:40:34.372,18.3300,100
34836266563302,09:40:36.266,18.3200,100
34838379507595,09:40:38.379,18.3100,100
34845099583707,09:40:45.099,18.3000,100
34860824672481,09:41:00.824,18.3100,15
34860824693585,09:41:00.824,18.3100,85
34860824693585,09:41:00.824,18.3100,100
34860913530783,09:41:00.913,18.3200,100
34860913694449,09:41:00.913,18.3200,100
34860913945705,09:41:00.913,18.3200,100
34860913945705,09:41:00.913,18.3200,100
34860913990855,09:41:00.913,18.3200,100
34860913991295,09:41:00.913,18.3200,100
34863931535548,09:41:03.931,18.3300,100
34863931535548,09:41:03.931,18.3300,100
34863931915484,09:41:03.931,18.3300,100
34863931915484,09:41:03.931,18.3300,100
34863931915484,09:41:03.931,18.3300,100
34863931915484,09:41:03.931,18.3300,100
34863931915484,09:41:03.931,18.3300,100
34863931915484,09:41:03.931,18.3300,100
34863931978174,09:41:03.931,18.3300,54
34880117624212,09:41:20.117,18.3100,100
34880125991114,09:41:20.125,18.3000,100
34880125991114,09:41:20.125,18.3000,698
34894492027788,09:41:34.492,18.2800,100
34894492027788,09:41:34.492,18.2800,100
34910098313437,09:41:50.098,18.2700,76
34922148243833,09:42:02.148,18.2600,100
34922253687530,09:42:02.253,18.2600,100
34922253687530,09:42:02.253,18.2600,54
34931307237896,09:42:11.307,18.2500,100
34931560678633,09:42:11.560,18.2500,100
34936740702958,09:42:16.740,18.2500,100
34937610031752,09:42:17.610,18.2500,13
34959838810945,09:42:39.838,18.2500,100
34965414567513,09:42:45.414,18.2700,87
34965414661123,09:42:45.414,18.2700,13
34967255786464,09:42:47.255,18.2800,100
34988520088774,09:43:08.520,18.2800,100
34988520088774,09:43:08.520,18.2800,100
34993160856075,09:43:13.160,18.2900,100
34993160856075,09:43:13.160,18.2900,100
35015752795814,09:43:35.752,18.2800,100
35029389232247,09:43:49.389,18.2600,100
35029530956720,09:43:49.530,18.2700,100
35035006538177,09:43:55.006,18.2900,100
35042229290568,09:44:02.229,18.2800,100
35052985084367,09:44:12.985,18.2500,100
35065129859588,09:44:25.129,18.2300,100
35065352497003,09:44:25.352,18.2300,100
35070853944918,09:44:30.853,18.2400,100
35076246987407,09:44:36.246,18.2400,100
35079684307752,09:44:39.684,18.2400,100
35079684307752,09:44:39.684,18.2400,100
35079684307752,09:44:39.684,18.2400,100
35091655631437,09:44:51.655,18.2400,100
35091655689268,09:44:51.655,18.2400,100
35091655999310,09:44:51.655,18.2400,100
35098702060031,09:44:58.702,18.2600,100
35098702060031,09:44:58.702,18.2600,153
35098702076932,09:44:58.702,18.2600,347
35102081576843,09:45:02.081,18.2600,1
35102087873776,09:45:02.087,18.2600,100
35102087873776,09:45:02.087,18.2600,100
35102087873776,09:45:02.087,18.2600,100
35116042891961,09:45:16.042,18.2700,5
35116042891961,09:45:16.042,18.2700,100
35122677632638,09:45:22.677,18.2800,87
35122677722239,09:45:22.677,18.2800,13
35128290539177,09:45:28.290,18.2800,100
35147231558917,09:45:47.231,18.2700,100
35152443108613,09:45:52.443,18.2800,50
35160022449024,09:46:00.022,18.2800,100
35195955130720,09:46:35.955,18.2800,100
35195955130720,09:46:35.955,18.2800,33
35195955130720,09:46:35.955,18.2800,100
35212438218384,09:46:52.438,18.2700,100
35214615386665,09:46:54.615,18.2800,100
35231797044915,09:47:11.797,18.2700,100
35231797044915,09:47:11.797,18.2700,100
35231797868543,09:47:11.797,18.2700,1
35231799385234,09:47:11.799,18.2700,100
35231799456533,09:47:11.799,18.2700,100
35231799602373,09:47:11.799,18.2600,13
35231799602373,09:47:11.799,18.2600,87
35236238794873,09:47:16.238,18.2700,100
35243025367244,09:47:23.025,18.2700,100
35268446498772,09:47:48.446,18.2600,100
35286225095099,09:48:06.225,18.2500,2
35329009727635,09:48:49.009,18.2500,100
35329009727635,09:48:49.009,18.2500,100
35330639220467,09:48:50.639,18.2500,46
35332037036588,09:48:52.037,18.2300,100
35332037036588,09:48:52.037,18.2300,5
35360574303153,09:49:20.574,18.2150,100
35363511076264,09:49:23.511,18.2200,100
35382433773281,09:49:42.433,18.2300,100
35382433773281,09:49:42.433,18.2300,2
35382433773281,09:49:42.433,18.2300,100
35392105381691,09:49:52.105,18.2250,100
35392105381691,09:49:52.105,18.2300,100
35392105381691,09:49:52.105,18.2300,75
35392105396120,09:49:52.105,18.2300,25
35392105418332,09:49:52.105,18.2300,100
35392105681856,09:49:52.105,18.2400,100
35392105681856,09:49:52.105,18.2400,100
35392105681856,09:49:52.105,18.2400,100
35392105681856,09:49:52.105,18.2400,178
35392105703291,09:49:52.105,18.2400,522
35392105703291,09:49:52.105,18.2400,100
35392105703291,09:49:52.105,18.2400,100
35392106076327,09:49:52.106,18.2400,200
35392106306906,09:49:52.106,18.2400,100
35414340239456,09:50:14.340,18.2600,100
35414340239456,09:50:14.340,18.2600,24
35414340313229,09:50:14.340,18.2600,76
35414340810344,09:50:14.340,18.2600,100
35414340821458,09:50:14.340,18.2600,46
35414340824226,09:50:14.340,18.2600,54
35416519579763,09:50:16.519,18.2600,100
35421489947626,09:50:21.489,18.2600,100
35430452186781,09:50:30.452,18.2600,100
35430452575718,09:50:30.452,18.2600,200
35430452603421,09:50:30.452,18.2600,100
35430452603421,09:50:30.452,18.2600,100
35430452612405,09:50:30.452,18.2600,100
35442726156344,09:50:42.726,18.2600,100
35442726156344,09:50:42.726,18.2600,100
35442726156344,09:50:42.726,18.2600,100
35442726156344,09:50:42.726,18.2600,75
35442726515954,09:50:42.726,18.2600,100
35442726515954,09:50:42.726,18.2600,100
35442726962505,09:50:42.726,18.2600,100
35447750502207,09:50:47.750,18.2600,1
35447750502207,09:50:47.750,18.2600,100
35465350924298,09:51:05.350,18.2600,100
35471392299752,09:51:11.392,18.2700,96
35471392361117,09:51:11.392,18.2700,4
35471644041957,09:51:11.644,18.2800,100
35471644041957,09:51:11.644,18.2800,100
35484222838026,09:51:24.222,18.2700,100
35484222838026,09:51:24.222,18.2700,100
35484222838026,09:51:24.222,18.2700,100
35484222838026,09:51:24.222,18.2700,2
35484222940344,09:51:24.222,18.2700,100
35489725161791,09:51:29.725,18.2600,100
35500190050861,09:51:40.190,18.2600,100
35533171990744,09:52:13.171,18.2600,100
35533171990744,09:52:13.171,18.2600,100
35533828458624,09:52:13.828,18.2500,100
35535001518269,09:52:15.001,18.2400,100
35537811465165,09:52:17.811,18.2400,100
35537811465165,09:52:17.811,18.2400,57
35537811495055,09:52:17.811,18.2400,43
35541424417835,09:52:21.424,18.2400,43
35541424417835,09:52:21.424,18.2400,100
35541424417835,09:52:21.424,18.2400,29
35541424444651,09:52:21.424,18.2400,71
35550282004108,09:52:30.282,18.2300,100
35558809915030,09:52:38.809,18.2400,100
35558809915030,09:52:38.809,18.2400,100
35590275248020,09:53:10.275,18.2400,1
35590275248020,09:53:10.275,18.2400,100
35590275248020,09:53:10.275,18.2400,100
35596429754093,09:53:16.429,18.2300,2
35596951965095,09:53:16.951,18.2300,100
35625295021504,09:53:45.295,18.2300,200
35625295021504,09:53:45.295,18.2300,100
35625295021504,09:53:45.295,18.2300,800
35625295021504,09:53:45.295,18.2300,100
35625898497050,09:53:45.898,18.2300,100
35629575748599,09:53:49.575,18.2400,100
35634560093115,09:53:54.560,18.2500,200
35634560093115,09:53:54.560,18.2500,100
35638040117469,09:53:58.040,18.2600,100
35650761563886,09:54:10.761,18.2600,685
35650763013320,09:54:10.763,18.2600,100
35650763013320,09:54:10.763,18.2600,45
35650763013320,09:54:10.763,18.2600,200
35650763013320,09:54:10.763,18.2600,78
35664202785207,09:54:24.202,18.2650,2
35664207336428,09:54:24.207,18.2650,1
35664231427788,09:54:24.231,18.2650,1
35664234250847,09:54:24.234,18.2650,1
35672654454233,09:54:32.654,18.2600,100
35683789483800,09:54:43.789,18.2700,100
35683789507035,09:54:43.789,18.2700,100
35710069022216,09:55:10.069,18.2700,100
35710069022216,09:55:10.069,18.2700,2
35723590203440,09:55:23.590,18.2700,100
35723590203440,09:55:23.590,18.2700,100
35731295729968,09:55:31.295,18.2700,100
35749860282003,09:55:49.860,18.2650,100
35762031278163,09:56:02.031,18.2500,100
35762031278163,09:56:02.031,18.2500,2
35762031278163,09:56:02.031,18.2500,39
35762031306757,09:56:02.031,18.2500,61
35764313582017,09:56:04.313,18.2500,100
35764430656615,09:56:04.430,18.2500,100
35767542801857,09:56:07.542,18.2500,100
35767542801857,09:56:07.542,18.2500,200
35767650160349,09:56:07.650,18.2500,49
35767650160349,09:56:07.650,18.2500,151
35767652552316,09:56:07.652,18.2500,79
35782587097352,09:56:22.587,18.2600,100
35782587097352,09:56:22.587,18.2600,100
35806716812075,09:56:46.716,18.2700,100
35817510964682,09:56:57.510,18.2700,100
35817510964682,09:56:57.510,18.2700,100
35817511356707,09:56:57.511,18.2700,100
35817512325179,09:56:57.512,18.2700,100
35818953081642,09:56:58.953,18.2700,100
35818953081642,09:56:58.953,18.2700,8
35831809012886,09:57:11.809,18.2800,100
35832891316925,09:57:12.891,18.2900,100
35834572819970,09:57:14.572,18.2900,100
35834572871927,09:57:14.572,18.2900,100
35838780296072,09:57:18.780,18.2900,100
35848771777947,09:57:28.771,18.2950,1
35848771777947,09:57:28.771,18.3000,99
35886349863514,09:58:06.349,18.3000,2
35886349863514,09:58:06.349,18.3000,100
35891905173829,09:58:11.905,18.2900,16
35892867417395,09:58:12.867,18.2800,200
35892867417395,09:58:12.867,18.2800,100
35892867417395,09:58:12.867,18.2800,100
35903402472173,09:58:23.402,18.2800,100
35903438071274,09:58:23.438,18.2800,55
35903503314527,09:58:23.503,18.2800,100
35903503314527,09:58:23.503,18.2800,100
35903503314527,09:58:23.503,18.2800,61
35903503314527,09:58:23.503,18.2800,80
35903503314527,09:58:23.503,18.2800,200
35906924748524,09:58:26.924,18.2800,200
35908410919745,09:58:28.410,18.2750,100
35908410919745,09:58:28.410,18.2800,100
35908410919745,09:58:28.410,18.2800,200
35908410919745,09:58:28.410,18.2800,800
35908410919745,09:58:28.410,18.2800,100
35908410919745,09:58:28.410,18.2800,100
35908410949739,09:58:28.410,18.2800,50
35935584594411,09:58:55.584,18.2700,100
35969803795444,09:59:29.803,18.2700,100
35969803955572,09:59:29.803,18.2700,100
35969803994165,09:59:29.803,18.2700,100
35969804216136,09:59:29.804,18.2700,100
35972157222344,09:59:32.157,18.2600,56
35972157222344,09:59:32.157,18.2600,44
35975559172168,09:59:35.559,18.2700,100
35976347825212,09:59:36.347,18.2700,100
35998947120851,09:59:58.947,18.2700,100
36000115791945,10:00:00.115,18.2750,100
36000115805717,10:00:00.115,18.2800,100
36010887980101,10:00:10.887,18.2800,100
36010888552348,10:00:10.888,18.2800,100
36010888870642,10:00:10.888,18.2700,100
36010888870642,10:00:10.888,18.2700,57
36010888870642,10:00:10.888,18.2700,144
36010888887286,10:00:10.888,18.2700,56
36010888887286,10:00:10.888,18.2700,100
36010889349335,10:00:10.889,18.2600,100
36010889349335,10:00:10.889,18.2600,88
36010889366558,10:00:10.889,18.2600,12
36010889366558,10:00:10.889,18.2600,100
36010889366558,10:00:10.889,18.2600,100
36010889366558,10:00:10.889,18.2600,100
36010889366558,10:00:10.889,18.2600,42
36010889390567,10:00:10.889,18.2600,58
36010889390567,10:00:10.889,18.2600,100
36010889392210,10:00:10.889,18.2600,44
36010889399439,10:00:10.889,18.2600,12
36010889724146,10:00:10.889,18.2600,100
36010889724146,10:00:10.889,18.2600,100
36010889922498,10:00:10.889,18.2600,100
36010890251157,10:00:10.890,18.2600,100
36021017009934,10:00:21.017,18.2650,100
36021018225103,10:00:21.018,18.2700,100
36107440957130,10:01:47.440,18.2800,100
36107440957130,10:01:47.440,18.2800,66
36107441189917,10:01:47.441,18.2800,100
36107441258959,10:01:47.441,18.2800,334
36129655847276,10:02:09.655,18.2700,100
36139672269137,10:02:19.672,18.2600,100
36139672344984,10:02:19.672,18.2600,200
36142621241182,10:02:22.621,18.2600,100
36158282910734,10:02:38.282,18.2600,3
36159197157259,10:02:39.197,18.2600,200
36159197157259,10:02:39.197,18.2600,100
36159197157259,10:02:39.197,18.2600,83
36166686730078,10:02:46.686,18.2500,100
36166686730078,10:02:46.686,18.2500,100
36166704418460,10:02:46.704,18.2400,100
36166745513849,10:02:46.745,18.2400,13
36167035342438,10:02:47.035,18.2400,100
36167035342438,10:02:47.035,18.2400,100
36170042990019,10:02:50.042,18.2500,3
36193752825992,10:03:13.752,18.2450,100
36209269747493,10:03:29.269,18.2400,100
36209269747493,10:03:29.269,18.2400,100
36209269747493,10:03:29.269,18.2400,100
36209269747493,10:03:29.269,18.2400,100
36227243675995,10:03:47.243,18.2400,40
36227243835165,10:03:47.243,18.2400,60
36232771970974,10:03:52.771,18.2300,100
36233801096203,10:03:53.801,18.2300,60
36233801096203,10:03:53.801,18.2300,100
36233801096203,10:03:53.801,18.2300,100
36233801096203,10:03:53.801,18.2300,33
36265360893864,10:04:25.360,18.2400,100
36265360919500,10:04:25.360,18.2400,100
36267443079948,10:04:27.443,18.2300,100
36267443079948,10:04:27.443,18.2300,100
36267443162860,10:04:27.443,18.2300,100
36272258069182,10:04:32.258,18.2200,100
36275631343898,10:04:35.631,18.2200,95
36302350894882,10:05:02.350,18.2150,1
36302350894882,10:05:02.350,18.2150,1
36302350894882,10:05:02.350,18.2150,1
36302350894882,10:05:02.350,18.2150,1
36302350894882,10:05:02.350,18.2150,1
36302350894882,10:05:02.350,18.2150,1
36302350894882,10:05:02.350,18.2150,1
36302350894882,10:05:02.350,18.2150,1
36302350894882,10:05:02.350,18.2150,1
36302350894882,10:05:02.350,18.2150,1
36302350894882,10:05:02.350,18.2150,1
36302350894882,10:05:02.350,18.2150,1
36302350894882,10:05:02.350,18.2150,1
36302350894882,10:05:02.350,18.2150,1
36302350894882,10:05:02.350,18.2150,1
36302350894882,10:05:02.350,18.2150,1
36302350894882,10:05:02.350,18.2150,1
36302350894882,10:05:02.350,18.2150,1
36302350894882,10:05:02.350,18.2150,1
36302350894882,10:05:02.350,18.2200,6
36302350894882,10:05:02.350,18.2200,75
36321813486683,10:05:21.813,18.2100,100
36321814553679,10:05:21.814,18.2100,200
36324693287054,10:05:24.693,18.2100,100
36324693287054,10:05:24.693,18.2100,100
36325228715074,10:05:25.228,18.2100,100
36332544387732,10:05:32.544,18.2050,100
36332544387732,10:05:32.544,18.2050,100
36332544387732,10:05:32.544,18.2100,100
36332544387732,10:05:32.544,18.2100,100
36332544387732,10:05:32.544,18.2100,200
36332544387732,10:05:32.544,18.2100,91
36333887923777,10:05:33.887,18.2100,100
36334931753066,10:05:34.931,18.2200,91
36334931753066,10:05:34.931,18.2200,9
36334931762530,10:05:34.931,18.2200,91
36334932556020,10:05:34.932,18.2200,100
36334932556020,10:05:34.932,18.2200,100
36334932556020,10:05:34.932,18.2200,100
36334932556020,10:05:34.932,18.2200,100
36334932556020,10:05:34.932,18.2200,268
36334932600332,10:05:34.932,18.2200,200
36334932614167,10:05:34.932,18.2200,32
36334932614167,10:05:34.932,18.2200,100
36334932614167,10:05:34.932,18.2200,68
36334932615186,10:05:34.932,18.2200,32
36334932615186,10:05:34.932,18.2200,65
36334932615186,10:05:34.932,18.2200,100
36381118184726,10:06:21.118,18.2200,3
36381118184726,10:06:21.118,18.2200,100
36388542538075,10:06:28.542,18.2250,1
36406425889086,10:06:46.425,18.2200,100
36406425889086,10:06:46.425,18.2200,3
36406425889086,10:06:46.425,18.2200,100
36406425889086,10:06:46.425,18.2200,100
36413288790038,10:06:53.288,18.1950,1
36413288790038,10:06:53.288,18.1950,1
36413288790038,10:06:53.288,18.2000,98
36413656655481,10:06:53.656,18.2000,2
36413656655481,10:06:53.656,18.2000,100
36425181707655,10:07:05.181,18.1900,100
36437360909911,10:07:17.360,18.1800,100
36437360909911,10:07:17.360,18.1800,100
36437360929553,10:07:17.360,18.1800,200
36437361558499,10:07:17.361,18.1800,100
36454882127842,10:07:34.882,18.1800,88
36454882130973,10:07:34.882,18.1800,12
36454882960217,10:07:34.882,18.1700,1
36454882963594,10:07:34.882,18.1700,1
36454882967633,10:07:34.882,18.1700,1
36454882969127,10:07:34.882,18.1700,1
36454882970556,10:07:34.882,18.1700,1
36454883138931,10:07:34.883,18.1700,76
36454883149497,10:07:34.883,18.1700,400
36466235835451,10:07:46.235,18.1700,72
36466235835451,10:07:46.235,18.1700,28
36466663747923,10:07:46.663,18.1700,97
36466663747923,10:07:46.663,18.1700,100
36466663747923,10:07:46.663,18.1700,3
36466664072858,10:07:46.664,18.1700,97
36488953969595,10:08:08.953,18.1650,2
36488961322186,10:08:08.961,18.1650,1
36488996334480,10:08:08.996,18.1650,1
36489011126099,10:08:09.011,18.1650,1
36489041215570,10:08:09.041,18.1650,1
36489046182432,10:08:09.046,18.1650,1
36489052064827,10:08:09.052,18.1650,1
36489082592770,10:08:09.082,18.1650,1
36489098022942,10:08:09.098,18.1650,1
36515128149676,10:08:35.128,18.1700,3
36515128149676,10:08:35.128,18.1700,100
36515128149676,10:08:35.128,18.1700,100
36515128455457,10:08:35.128,18.1700,53
36522587928939,10:08:42.587,18.1700,19
36522587928939,10:08:42.587,18.1700,100
36522775999185,10:08:42.775,18.1800,100
36524834614377,10:08:44.834,18.1900,100
36524834638319,10:08:44.834,18.1900,43
36524834661092,10:08:44.834,18.1900,57
36524834661092,10:08:44.834,18.1900,100
36524834661092,10:08:44.834,18.1900,100
36524834661092,10:08:44.834,18.1900,100
36541015457063,10:09:01.015,18.2100,15
36541015458740,10:09:01.015,18.2100,85
36547298383111,10:09:07.298,18.2100,100
36547516238636,10:09:07.516,18.2000,100
36553573755876,10:09:13.573,18.2000,200
36553573804716,10:09:13.573,18.2000,200
36553573804716,10:09:13.573,18.2000,100
36558862445931,10:09:18.862,18.2000,100
36580032021718,10:09:40.032,18.2200,4
36580032065865,10:09:40.032,18.2200,96
36606435498485,10:10:06.435,18.2200,100
36606691337942,10:10:06.691,18.2100,15
36622285256961,10:10:22.285,18.2050,1
36622285256961,10:10:22.285,18.2100,3
36622285434329,10:10:22.285,18.2100,200
36632100421568,10:10:32.100,18.2000,100
36640788214254,10:10:40.788,18.2000,500
36640788214254,10:10:40.788,18.2000,200
36665020745977,10:11:05.020,18.2000,100
36665636105847,10:11:05.636,18.1900,200
36666096080365,10:11:06.096,18.1900,116
36666096151552,10:11:06.096,18.1900,84
36666096151552,10:11:06.096,18.1900,5
36667013761914,10:11:07.013,18.1900,100
36678390747650,10:11:18.390,18.1900,200
36678390747650,10:11:18.390,18.1900,100
36685389664976,10:11:25.389,18.1900,94
36685389783376,10:11:25.389,18.1900,100
36685389830431,10:11:25.389,18.1900,6
36685389830431,10:11:25.389,18.1900,100
36685390147034,10:11:25.390,18.2000,100
36685390147034,10:11:25.390,18.2000,91
36685390158413,10:11:25.390,18.2000,9
36685390158413,10:11:25.390,18.2000,200
36685390158413,10:11:25.390,18.2000,100
36685390158413,10:11:25.390,18.2000,501
36685390199482,10:11:25.390,18.2000,299
36685390199482,10:11:25.390,18.2000,100
36685390199482,10:11:25.390,18.2000,1
36685390242447,10:11:25.390,18.2000,94
36685390259626,10:11:25.390,18.2000,5
36685390259626,10:11:25.390,18.2000,95
36685390281493,10:11:25.390,18.2000,1
36685391049856,10:11:25.391,18.2000,100
36685391118213,10:11:25.391,18.2000,100
36685391188134,10:11:25.391,18.2000,100
36685391683246,10:11:25.391,18.2000,100
36691271858111,10:11:31.271,18.2150,1
36707109499472,10:11:47.109,18.2200,100
36707109499472,10:11:47.109,18.2200,100
36708690223961,10:11:48.690,18.2200,100
36712407333370,10:11:52.407,18.2200,100
36712407333370,10:11:52.407,18.2200,100
36712407770064,10:11:52.407,18.2200,100
36712407770064,10:11:52.407,18.2200,100
36712407770064,10:11:52.407,18.2200,100
36712407770064,10:11:52.407,18.2200,100
36712407770064,10:11:52.407,18.2200,70
36712407770064,10:11:52.407,18.2200,363
36712407770064,10:11:52.407,18.2200,200
36712407770064,10:11:52.407,18.2200,100
36712407770064,10:11:52.407,18.2200,100
36712408321518,10:11:52.408,18.2200,10
36712408365402,10:11:52.408,18.2200,100
36712408384172,10:11:52.408,18.2200,90
36712408384172,10:11:52.408,18.2200,10
36720782106129,10:12:00.782,18.2200,100
36726220905065,10:12:06.220,18.2300,3
36726220905065,10:12:06.220,18.2300,100
36752489545578,10:12:32.489,18.2400,100
36759233657569,10:12:39.233,18.2400,12
36759233658985,10:12:39.233,18.2400,88
36761644547034,10:12:41.644,18.2400,100
36780017390759,10:13:00.017,18.2400,100
36780017390759,10:13:00.017,18.2400,100
36780017390759,10:13:00.017,18.2400,80
36780017390759,10:13:00.017,18.2400,96
36780017390759,10:13:00.017,18.2400,200
36799686329998,10:13:19.686,18.2400,400
36799686329998,10:13:19.686,18.2400,200
36815428985668,10:13:35.428,18.2600,100
36865330518263,10:14:25.330,18.2500,100
36865330518263,10:14:25.330,18.2500,100
36865330518263,10:14:25.330,18.2500,100
36907182056489,10:15:07.182,18.2500,100
36935956611630,10:15:35.956,18.2400,100
36941520001623,10:15:41.520,18.2400,2
36946414534089,10:15:46.414,18.2600,100
37004092174185,10:16:44.092,18.2600,100
37017875019212,10:16:57.875,18.2500,61
37017875038883,10:16:57.875,18.2500,221
37017875049913,10:16:57.875,18.2500,118
37035007967293,10:17:15.007,18.2300,5
37064543193912,10:17:44.543,18.2200,100
37064543193912,10:17:44.543,18.2200,100
37068779605753,10:17:48.779,18.2200,100
37072112458821,10:17:52.112,18.2200,100
37080779870011,10:18:00.779,18.2200,100
37087394601952,10:18:07.394,18.2100,100
37093809845572,10:18:13.809,18.2100,7
37149702280548,10:19:09.702,18.2300,100
37171261072903,10:19:31.261,18.2300,100
37179189911308,10:19:39.189,18.2400,100
37197132873005,10:19:57.132,18.2400,100
37199857535583,10:19:59.857,18.2500,93
37199857541804,10:19:59.857,18.2500,246
37199857541804,10:19:59.857,18.2500,100
37205896857839,10:20:05.896,18.2600,11
37207940312382,10:20:07.940,18.2600,100
37227813779683,10:20:27.813,18.2700,100
37227813779683,10:20:27.813,18.2700,100
37231998335071,10:20:31.998,18.2800,2
37243950828505,10:20:43.950,18.2800,100
37270796958459,10:21:10.796,18.2800,100
37270796958459,10:21:10.796,18.2800,100
37270797906893,10:21:10.797,18.2700,1
37270797923215,10:21:10.797,18.2700,1
37279401285917,10:21:19.401,18.2800,100
37279401285917,10:21:19.401,18.2800,100
37294422194417,10:21:34.422,18.3000,100
37294422194417,10:21:34.422,18.3000,200
37294422194417,10:21:34.422,18.3000,100
37294422194417,10:21:34.422,18.3000,100
37294422194417,10:21:34.422,18.3000,100
37294422194417,10:21:34.422,18.3000,99
37311254911221,10:21:51.254,18.2900,100
37329702227750,10:22:09.702,18.3000,100
37331838715868,10:22:11.838,18.3000,14
37336163901791,10:22:16.163,18.3100,100
37362171433477,10:22:42.171,18.2900,100
37362172343912,10:22:42.172,18.2800,1
37362190849555,10:22:42.190,18.2800,99
37362190849555,10:22:42.190,18.2800,301
37362190858553,10:22:42.190,18.2800,399
37362190858553,10:22:42.190,18.2800,1
37362190865734,10:22:42.190,18.2800,99
37362190865734,10:22:42.190,18.2800,100
37362190865734,10:22:42.190,18.2800,100
37362192456319,10:22:42.192,18.2700,1
37362192509007,10:22:42.192,18.2700,1
37362192538220,10:22:42.192,18.2700,1
37362193031381,10:22:42.193,18.2700,1
37369971479648,10:22:49.971,18.2800,100
37369971479648,10:22:49.971,18.2800,100
37422077853223,10:23:42.077,18.2900,1345
37422078057960,10:23:42.078,18.2900,110
37422078057960,10:23:42.078,18.2900,100
37422078057960,10:23:42.078,18.2900,100
37422078057960,10:23:42.078,18.2900,100
37422078057960,10:23:42.078,18.2900,100
37422078057960,10:23:42.078,18.2900,100
37425679398035,10:23:45.679,18.2800,100
37431327863081,10:23:51.327,18.2800,100
37431328690010,10:23:51.328,18.2700,1
37431328819377,10:23:51.328,18.2700,1
37431328844793,10:23:51.328,18.2700,98
37431328844793,10:23:51.328,18.2700,300
37431328844793,10:23:51.328,18.2700,672
37434506815044,10:23:54.506,18.2700,2000
37434506815044,10:23:54.506,18.2700,734
37434506861296,10:23:54.506,18.2700,100
37434506861296,10:23:54.506,18.2700,100
37434506861296,10:23:54.506,18.2700,300
37463001058387,10:24:23.001,18.2700,100
37468574365117,10:24:28.574,18.2600,100
37468599231428,10:24:28.599,18.2400,1
37468599249128,10:24:28.599,18.2400,1
37474711893729,10:24:34.711,18.2500,100
37474711922448,10:24:34.711,18.2500,100
37474711922448,10:24:34.711,18.2500,12
37480780212783,10:24:40.780,18.2600,100
37508458353632,10:25:08.458,18.2700,100
37508461274284,10:25:08.461,18.2800,100
37508461282180,10:25:08.461,18.2800,100
37508662933412,10:25:08.662,18.2800,100
37508662933412,10:25:08.662,18.2800,117
37508662933412,10:25:08.662,18.2800,183
37508662964440,10:25:08.662,18.2800,117
37514133725466,10:25:14.133,18.2700,100
37546527762049,10:25:46.527,18.2800,100
37546527762049,10:25:46.527,18.2800,100
37564067277569,10:26:04.067,18.2900,100
37564067277569,10:26:04.067,18.2900,100
37572397736873,10:26:12.397,18.2900,100
37572398171888,10:26:12.398,18.2900,100
37576030078928,10:26:16.030,18.2800,13
37605647383946,10:26:45.647,18.2700,100
37605647798694,10:26:45.647,18.2700,100
37605647963501,10:26:45.647,18.2700,100
37605647965582,10:26:45.647,18.2700,100
37605648071628,10:26:45.648,18.2700,100
37606768349306,10:26:46.768,18.2650,1
37606768349306,10:26:46.768,18.2700,99
37654077539846,10:27:34.077,18.2800,100
37654077539846,10:27:34.077,18.2800,100
37674858120825,10:27:54.858,18.2800,100
37711511416149,10:28:31.511,18.2700,200
37711511420558,10:28:31.511,18.2700,100
37711511420558,10:28:31.511,18.2700,100
37711511420558,10:28:31.511,18.2700,100
37711511420558,10:28:31.511,18.2700,100
37711512691782,10:28:31.512,18.2800,92
37711512695659,10:28:31.512,18.2800,8
37711512695659,10:28:31.512,18.2800,100
37711512695659,10:28:31.512,18.2800,414
37711512731383,10:28:31.512,18.2800,100
37711587772709,10:28:31.587,18.2800,88
37711587772709,10:28:31.587,18.2800,117
37711587772709,10:28:31.587,18.2800,59
37711613916178,10:28:31.613,18.2800,100
37711613916178,10:28:31.613,18.2800,125
37713586979708,10:28:33.586,18.2800,9
37717786877377,10:28:37.786,18.2800,100
37717786877377,10:28:37.786,18.2800,100
37717786877377,10:28:37.786,18.2800,300
37717786877377,10:28:37.786,18.2800,100
37717786877377,10:28:37.786,18.2800,100
37767119355622,10:29:27.119,18.2800,100
37795212291030,10:29:55.212,18.2700,1
37795212291576,10:29:55.212,18.2700,2
37795212292125,10:29:55.212,18.2700,1
37795212295839,10:29:55.212,18.2700,1
37795212296440,10:29:55.212,18.2700,1
37795212297519,10:29:55.212,18.2700,1
37795212299366,10:29:55.212,18.2700,1
37795212301188,10:29:55.212,18.2700,2
37795223870536,10:29:55.223,18.2600,300
37795223870536,10:29:55.223,18.2600,100
37795223870536,10:29:55.223,18.2600,100
37795223901302,10:29:55.223,18.2500,112
37795223901302,10:29:55.223,18.2500,200
37795223901302,10:29:55.223,18.2500,100
37795223901302,10:29:55.223,18.2500,117
37795223901302,10:29:55.223,18.2500,45
37795223901302,10:29:55.223,18.2500,336
37795224210750,10:29:55.224,18.2500,100
37795224212430,10:29:55.224,18.2500,64
37795224529941,10:29:55.224,18.2600,100
37795224554797,10:29:55.224,18.2600,83
37795224719572,10:29:55.224,18.2600,100
37795224753187,10:29:55.224,18.2600,83
37795224760369,10:29:55.224,18.2600,117
37800069539480,10:30:00.069,18.2700,78
37800069539480,10:30:00.069,18.2700,116
37800069622118,10:30:00.069,18.2700,100
37800070725060,10:30:00.070,18.2700,100
37800072303636,10:30:00.072,18.2800,78
37800072303636,10:30:00.072,18.2800,22
37800073257094,10:30:00.073,18.2800,200
37800076297923,10:30:00.076,18.2800,78
37800076297923,10:30:00.076,18.2800,100
37800076865555,10:30:00.076,18.2800,62
37800082068811,10:30:00.082,18.2900,100
37800082068811,10:30:00.082,18.2900,100
37800082068811,10:30:00.082,18.2900,100
37800086695910,10:30:00.086,18.3000,100
37800086695910,10:30:00.086,18.3000,439
37800086695910,10:30:00.086,18.3000,108
37800086695910,10:30:00.086,18.3000,200
37800086695910,10:30:00.086,18.3000,500
37800092162711,10:30:00.092,18.3100,100
37800093789258,10:30:00.093,18.3100,78
37800093815109,10:30:00.093,18.3100,22
37800093815109,10:30:00.093,18.3100,100
37800093815109,10:30:00.093,18.3100,500
37800093815109,10:30:00.093,18.3100,108
37800101875923,10:30:00.101,18.3200,100
37800101875923,10:30:00.101,18.3200,200
37800101894247,10:30:00.101,18.3200,300
37800101894247,10:30:00.101,18.3200,100
37800102191174,10:30:00.102,18.3200,8
37800102191174,10:30:00.102,18.3200,241
37800102305378,10:30:00.102,18.3200,275
37800102329548,10:30:00.102,18.3200,173
37800102952235,10:30:00.102,18.3200,111
37800105653717,10:30:00.105,18.3300,100
37800106227978,10:30:00.106,18.3300,108
37800106227978,10:30:00.106,18.3300,32
37800106299828,10:30:00.106,18.3300,129
37800107561315,10:30:00.107,18.3300,91
37800107889130,10:30:00.107,18.3300,248
37800107889130,10:30:00.107,18.3300,200
37800107889130,10:30:00.107,18.3300,82
37800108385323,10:30:00.108,18.3300,318
37800110067371,10:30:00.110,18.3400,25
37800111473990,10:30:00.111,18.3400,75
37800111473990,10:30:00.111,18.3400,108
37800111473990,10:30:00.111,18.3400,100
37800131174932,10:30:00.131,18.3500,14
37800133491310,10:30:00.133,18.3500,86
37800133491310,10:30:00.133,18.3500,52
37800138464492,10:30:00.138,18.3500,21
37800213718668,10:30:00.213,18.3400,100
37800213718668,10:30:00.213,18.3400,100
37800326350506,10:30:00.326,18.3400,12
37800326379001,10:30:00.326,18.3400,88
37800326379001,10:30:00.326,18.3400,200
37800326379001,10:30:00.326,18.3400,100
37800327756080,10:30:00.327,18.3400,100
37800327756080,10:30:00.327,18.3400,300
37800327756080,10:30:00.327,18.3400,200
37800327756080,10:30:00.327,18.3400,81
37801178695414,10:30:01.178,18.3450,100
37801178695414,10:30:01.178,18.3400,20
37801522763790,10:30:01.522,18.3400,500
37801523376333,10:30:01.523,18.3300,300
37801523376333,10:30:01.523,18.3300,100
37801523376333,10:30:01.523,18.3300,500
37801523376333,10:30:01.523,18.3300,55
37803455730399,10:30:03.455,18.3300,10
37803530011282,10:30:03.530,18.3400,37
37812282979905,10:30:12.282,18.3400,100
37812283060946,10:30:12.283,18.3400,63
37812729726557,10:30:12.729,18.3400,500
37812729726557,10:30:12.729,18.3400,100
37812729726557,10:30:12.729,18.3400,100
37812729758177,10:30:12.729,18.3400,11
37816780520538,10:30:16.780,18.3300,302
37816780559957,10:30:16.780,18.3300,198
37816780559957,10:30:16.780,18.3300,100
37816784979424,10:30:16.784,18.3200,14
37816784979424,10:30:16.784,18.3200,500
37816785932186,10:30:16.785,18.3200,100
37817099987026,10:30:17.099,18.3200,49
37817100009012,10:30:17.100,18.3200,51
37817100009012,10:30:17.100,18.3200,100
37818021455717,10:30:18.021,18.3200,100
37836517312259,10:30:36.517,18.3400,100
37842418273478,10:30:42.418,18.3500,100
37842418273478,10:30:42.418,18.3500,24
37842418286119,10:30:42.418,18.3500,76
37842418286119,10:30:42.418,18.3500,100
37842418286119,10:30:42.418,18.3500,100
37842418289667,10:30:42.418,18.3500,198
37842418291780,10:30:42.418,18.3500,276
37842420019033,10:30:42.420,18.3500,100
37842422220802,10:30:42.422,18.3500,72
37842436446375,10:30:42.436,18.3500,28
37842436446375,10:30:42.436,18.3500,100
37842436446375,10:30:42.436,18.3500,100
37842436626199,10:30:42.436,18.3500,126
37869777837652,10:31:09.777,18.3800,100
37885659758183,10:31:25.659,18.3900,42
37885659883811,10:31:25.659,18.3900,58
37900137949339,10:31:40.137,18.4200,100
37903168161845,10:31:43.168,18.4100,100
37903168190294,10:31:43.168,18.4100,200
37903168249365,10:31:43.168,18.4100,100
37903168435560,10:31:43.168,18.4100,100
37906392990833,10:31:46.392,18.4100,100
37933547747700,10:32:13.547,18.4050,11
37933547975226,10:32:13.547,18.4050,11
37933548007942,10:32:13.548,18.4100,11
37933548032726,10:32:13.548,18.4100,80
37933548134733,10:32:13.548,18.4100,100
37933548183096,10:32:13.548,18.4100,9
37933548233300,10:32:13.548,18.4100,91
37978064181455,10:32:58.064,18.4300,174
37984585254952,10:33:04.585,18.4400,100
37984585508613,10:33:04.585,18.4400,132
37984585532960,10:33:04.585,18.4400,268
37993406863823,10:33:13.406,18.4300,138
37993406893186,10:33:13.406,18.4300,62
37994054876018,10:33:14.054,18.4300,62
37994054876018,10:33:14.054,18.4300,38
37994420494815,10:33:14.420,18.4300,162
37994559911138,10:33:14.559,18.4300,106
38006906773945,10:33:26.906,18.4200,100
38015450988405,10:33:35.450,18.4100,100
38017016052095,10:33:37.016,18.4000,200
38017016052095,10:33:37.016,18.4000,100
38028438021673,10:33:48.438,18.4300,100
38028438824909,10:33:48.438,18.4300,10
38028439312479,10:33:48.439,18.4300,86
38030184864141,10:33:50.184,18.4300,112
38030184909006,10:33:50.184,18.4300,388
38041642457322,10:34:01.642,18.4300,2
38041642459480,10:34:01.642,18.4300,1
38045719472170,10:34:05.719,18.4400,12
38051887087399,10:34:11.887,18.4200,200
38062280488262,10:34:22.280,18.4100,1
38074110736802,10:34:34.110,18.4200,400
38078346759249,10:34:38.346,18.4200,200
38101464639895,10:35:01.464,18.4150,1
38101464639895,10:35:01.464,18.4150,1
38101464639895,10:35:01.464,18.4150,1
38101464639895,10:35:01.464,18.4150,1
38101464639895,10:35:01.464,18.4150,1
38108149138273,10:35:08.149,18.4300,200
38108905172027,10:35:08.905,18.4300,100
38108905172027,10:35:08.905,18.4300,102
38150577983143,10:35:50.577,18.4300,32
38150578042481,10:35:50.578,18.4300,68
38160324920292,10:36:00.324,18.4100,13
38168858895472,10:36:08.858,18.4050,1
38168858895472,10:36:08.858,18.4050,2
38168858895472,10:36:08.858,18.4050,1
38168858969311,10:36:08.858,18.4100,4
38168859265960,10:36:08.859,18.4100,1
38211653203054,10:36:51.653,18.4200,100
38234792461609,10:37:14.792,18.4100,100
38234792461609,10:37:14.792,18.4100,100
38238152307096,10:37:18.152,18.4000,200
38239813524570,10:37:19.813,18.3950,1
38239814033589,10:37:19.814,18.3950,1
38239923100686,10:37:19.923,18.3900,100
38239923330345,10:37:19.923,18.3900,14
38250796107440,10:37:30.796,18.3900,100
38251026312974,10:37:31.026,18.3900,200
38251026312974,10:37:31.026,18.3900,102
38271876897575,10:37:51.876,18.3700,100
38271876897575,10:37:51.876,18.3700,100
38271876897575,10:37:51.876,18.3700,100
38271877694772,10:37:51.877,18.3700,100
38272461781098,10:37:52.461,18.3700,200
38275204470917,10:37:55.204,18.3700,33
38275204940875,10:37:55.204,18.3700,50
38275204955347,10:37:55.204,18.3700,50
38275204955347,10:37:55.204,18.3700,50
38275205052207,10:37:55.205,18.3700,100
38275205084051,10:37:55.205,18.3700,50
38277907880220,10:37:57.907,18.3700,100
38277908000008,10:37:57.908,18.3700,100
38283197472645,10:38:03.197,18.3800,100
38289918914148,10:38:09.918,18.3900,8
38289918914148,10:38:09.918,18.3900,100
38321452038673,10:38:41.452,18.3700,1
38337876225694,10:38:57.876,18.3700,100
38337876225694,10:38:57.876,18.3700,100
38337904951439,10:38:57.904,18.3600,200
38337904951439,10:38:57.904,18.3600,100
38337916001460,10:38:57.916,18.3600,100
38337916001460,10:38:57.916,18.3600,100
38337916001460,10:38:57.916,18.3600,75
38337916001460,10:38:57.916,18.3600,101
38340110294600,10:39:00.110,18.3600,100
38340110294600,10:39:00.110,18.3600,100
38345120853128,10:39:05.120,18.3800,200
38345120853128,10:39:05.120,18.3800,100
38358125517781,10:39:18.125,18.3600,100
38358125517781,10:39:18.125,18.3600,800
38358126851014,10:39:18.126,18.3500,1
38358177532531,10:39:18.177,18.3550,1
38358177532531,10:39:18.177,18.3550,1
38358177532531,10:39:18.177,18.3550,1
38358177532531,10:39:18.177,18.3550,1
38358177532531,10:39:18.177,18.3550,1
38358177532531,10:39:18.177,18.3550,1
38359402554508,10:39:19.402,18.3500,100
38359403163008,10:39:19.403,18.3500,99
38359403797317,10:39:19.403,18.3500,100
38359403913554,10:39:19.403,18.3500,100
38359404660362,10:39:19.404,18.3500,100
38359405107169,10:39:19.405,18.3500,100
38372954126732,10:39:32.954,18.3600,100
38380414858608,10:39:40.414,18.3600,100
38380419669643,10:39:40.419,18.3500,100
38383172512270,10:39:43.172,18.3500,200
38383673267377,10:39:43.673,18.3400,100
38386654476978,10:39:46.654,18.3400,100
38396300006272,10:39:56.300,18.3500,100
38396300006272,10:39:56.300,18.3500,100
38397031515876,10:39:57.031,18.3600,1
38397031515876,10:39:57.031,18.3600,99
38397032069333,10:39:57.032,18.3600,100
38397032300783,10:39:57.032,18.3600,1
38397032300783,10:39:57.032,18.3600,100
38398460345320,10:39:58.460,18.3600,100
38398460345320,10:39:58.460,18.3600,78
38398460345320,10:39:58.460,18.3600,102
38398460345320,10:39:58.460,18.3600,100
38410240975757,10:40:10.240,18.3500,100
38410316410623,10:40:10.316,18.3500,13
38412924320784,10:40:12.924,18.3500,5
38483027397353,10:41:23.027,18.3300,1
38483027397980,10:41:23.027,18.3300,2
38483027398630,10:41:23.027,18.3300,1
38483027399217,10:41:23.027,18.3300,1
38483027400090,10:41:23.027,18.3300,1
38483027909998,10:41:23.027,18.3300,2
38485768681208,10:41:25.768,18.3400,100
38485768681208,10:41:25.768,18.3400,200
38494925581667,10:41:34.925,18.3500,100
38503215340349,10:41:43.215,18.3500,100
38504416284795,10:41:44.416,18.3400,112
38504416513868,10:41:44.416,18.3400,51
38504416536121,10:41:44.416,18.3400,37
38504416536121,10:41:44.416,18.3400,100
38505908768331,10:41:45.908,18.3400,200
38505908768331,10:41:45.908,18.3400,100
38505908768331,10:41:45.908,18.3400,100
38520556694164,10:42:00.556,18.3600,27
38520556738971,10:42:00.556,18.3600,73
38539335456167,10:42:19.335,18.3600,100
38550478600739,10:42:30.478,18.3600,100
38550478600739,10:42:30.478,18.3600,14
38550899794548,10:42:30.899,18.3700,100
38550899887256,10:42:30.899,18.3700,100
38550901283208,10:42:30.901,18.3700,100
38556625341202,10:42:36.625,18.3600,100
38557628463143,10:42:37.628,18.3600,100
38557628463143,10:42:37.628,18.3600,100
38557628463143,10:42:37.628,18.3600,12
38588414731615,10:43:08.414,18.3600,100
38591993421349,10:43:11.993,18.3600,100
38642137956090,10:44:02.137,18.3700,100
38646826028384,10:44:06.826,18.3800,16
38683045686455,10:44:43.045,18.3800,191
38683045696998,10:44:43.045,18.3800,209
38713234899539,10:45:13.234,18.3800,100
38733997798365,10:45:33.997,18.3700,100
38733997798365,10:45:33.997,18.3700,18
38735628148736,10:45:35.628,18.3600,300
38735628154644,10:45:35.628,18.3600,400
38735628388201,10:45:35.628,18.3600,100
38735628388201,10:45:35.628,18.3600,30
38735628389803,10:45:35.628,18.3600,70
38737941311621,10:45:37.941,18.3600,100
38778058781139,10:46:18.058,18.3750,1
38778058781139,10:46:18.058,18.3800,100
38778058781139,10:46:18.058,18.3800,100
38778058781139,10:46:18.058,18.3800,8
38778058902149,10:46:18.058,18.3800,1
38783245128024,10:46:23.245,18.3850,1
38783245128024,10:46:23.245,18.3850,1
38783245128024,10:46:23.245,18.3850,1
38783245128024,10:46:23.245,18.3850,2
38783245128024,10:46:23.245,18.3850,1
38808694070677,10:46:48.694,18.3800,100
38808694070677,10:46:48.694,18.3800,100
38824213830432,10:47:04.213,18.3700,100
38830665304622,10:47:10.665,18.3600,100
38830665304622,10:47:10.665,18.3600,2
38836844743318,10:47:16.844,18.3600,94
38836844772082,10:47:16.844,18.3600,6
38836844772082,10:47:16.844,18.3600,100
38836844772082,10:47:16.844,18.3600,100
38850422028463,10:47:30.422,18.3500,100
38850422028463,10:47:30.422,18.3500,100
38850422028463,10:47:30.422,18.3500,100
38861449054764,10:47:41.449,18.3400,100
38861449054764,10:47:41.449,18.3400,39
38861449062114,10:47:41.449,18.3400,61
38861489647839,10:47:41.489,18.3300,192
38861495560027,10:47:41.495,18.3200,8
38864736636946,10:47:44.736,18.3300,100
38864736636946,10:47:44.736,18.3300,100
38877326588140,10:47:57.326,18.3300,700
38877326588140,10:47:57.326,18.3300,100
38878195798947,10:47:58.195,18.3300,100
38878195798947,10:47:58.195,18.3300,100
38885220299647,10:48:05.220,18.3300,300
38888621310267,10:48:08.621,18.3300,4
38892729445871,10:48:12.729,18.3300,100
38916683873255,10:48:36.683,18.3300,100
38916683873255,10:48:36.683,18.3300,100
38916683873255,10:48:36.683,18.3300,100
38924570339846,10:48:44.570,18.3300,100
38931914056428,10:48:51.914,18.3100,1
38931914056956,10:48:51.914,18.3100,1
38931914058565,10:48:51.914,18.3100,1
38931914060154,10:48:51.914,18.3100,1
38931914060729,10:48:51.914,18.3100,1
38950462814249,10:49:10.462,18.3000,100
38950462826908,10:49:10.462,18.3000,100
38950462826908,10:49:10.462,18.3000,100
38950462826908,10:49:10.462,18.3000,99
38950462854519,10:49:10.462,18.3000,100
38950462863669,10:49:10.462,18.3000,100
38950462960446,10:49:10.462,18.3000,100
38950468541708,10:49:10.468,18.3000,50
38950468541708,10:49:10.468,18.3000,100
38950468843684,10:49:10.468,18.3000,100
38967661501728,10:49:27.661,18.3100,300
38981363462114,10:49:41.363,18.3100,400
39013698919459,10:50:13.698,18.3000,100
39026225733223,10:50:26.225,18.3000,100
39026225733223,10:50:26.225,18.3000,4
39026225733223,10:50:26.225,18.3000,1
39045136728065,10:50:45.136,18.3000,100
39060781241350,10:51:00.781,18.3000,100
39077199901269,10:51:17.199,18.3200,1
39140542467397,10:52:20.542,18.3250,1
39140542467397,10:52:20.542,18.3250,1
39140542467397,10:52:20.542,18.3250,1
39140542474779,10:52:20.542,18.3250,1
39140542474779,10:52:20.542,18.3250,1
39140542474779,10:52:20.542,18.3250,1
39140542474779,10:52:20.542,18.3300,100
39140542474779,10:52:20.542,18.3300,100
39140542474779,10:52:20.542,18.3300,9
39140542474779,10:52:20.542,18.3300,100
39140542474779,10:52:20.542,18.3300,100
39140542474779,10:52:20.542,18.3300,388
39140542589052,10:52:20.542,18.3300,100
39140542717189,10:52:20.542,18.3300,27
39140542717189,10:52:20.542,18.3300,335
39140542725827,10:52:20.542,18.3300,165
39176211912206,10:52:56.211,18.3200,100
39176211912206,10:52:56.211,18.3200,500
39180278684690,10:53:00.278,18.3100,100
39198780221086,10:53:18.780,18.3100,100
39202899638675,10:53:22.899,18.3100,100
39243542681239,10:54:03.542,18.3100,6
39244291133293,10:54:04.291,18.3200,100
39244291133293,10:54:04.291,18.3200,21
39260356290190,10:54:20.356,18.3250,1
39260356290190,10:54:20.356,18.3250,1
39260356290190,10:54:20.356,18.3250,1
39260356290190,10:54:20.356,18.3250,2
39260356290190,10:54:20.356,18.3300,58
39260356310911,10:54:20.356,18.3300,337
39260356324593,10:54:20.356,18.3300,5
39308075063151,10:55:08.075,18.3400,100
39308075063151,10:55:08.075,18.3400,100
39313339218087,10:55:13.339,18.3500,100
39313339218087,10:55:13.339,18.3500,100
39313339218087,10:55:13.339,18.3500,100
39316265001236,10:55:16.265,18.3600,100
39316265097715,10:55:16.265,18.3600,200
39327399495099,10:55:27.399,18.3600,200
39327399495099,10:55:27.399,18.3600,100
39327399523275,10:55:27.399,18.3600,100
39327399523275,10:55:27.399,18.3600,300
39327399523275,10:55:27.399,18.3600,100
39327399523275,10:55:27.399,18.3600,100
39353767101738,10:55:53.767,18.3500,300
39353767308262,10:55:53.767,18.3400,100
39353767308262,10:55:53.767,18.3400,300
39353767308262,10:55:53.767,18.3400,90
39353767309275,10:55:53.767,18.3400,10
39353767309275,10:55:53.767,18.3400,22
39353767355584,10:55:53.767,18.3400,100
39353767355584,10:55:53.767,18.3400,100
39353767355584,10:55:53.767,18.3400,100
39353767355584,10:55:53.767,18.3400,100
39354793309937,10:55:54.793,18.3400,100
39354793309937,10:55:54.793,18.3400,100
39354793309937,10:55:54.793,18.3400,200
39355373445262,10:55:55.373,18.3400,200
39355373445262,10:55:55.373,18.3400,100
39355373445262,10:55:55.373,18.3400,100
39363681472083,10:56:03.681,18.3500,6
39376342864879,10:56:16.342,18.3600,100
39400304170970,10:56:40.304,18.3800,100
39430268544428,10:57:10.268,18.3900,200
39433472479317,10:57:13.472,18.3800,100
39452779898450,10:57:32.779,18.3900,100
39466519749027,10:57:46.519,18.3800,100
39483620065886,10:58:03.620,18.3700,48
39483620084954,10:58:03.620,18.3700,52
39483620084954,10:58:03.620,18.3700,100
39483620084954,10:58:03.620,18.3700,8
39549372265090,10:59:09.372,18.3900,100
39549372265090,10:59:09.372,18.3900,235
39549372276974,10:59:09.372,18.3900,65
39553721660210,10:59:13.721,18.4000,151
39553721769883,10:59:13.721,18.4000,49
39553721769883,10:59:13.721,18.4000,100
39553721769883,10:59:13.721,18.4000,50
39553721974403,10:59:13.721,18.4000,50
39553721974403,10:59:13.721,18.4000,100
39553721974403,10:59:13.721,18.4000,50
39553721986534,10:59:13.721,18.4000,75
39553722881641,10:59:13.722,18.4000,100
39553723605505,10:59:13.723,18.4000,200
39553725085601,10:59:13.725,18.4000,100
39553726282482,10:59:13.726,18.3900,100
39553726282482,10:59:13.726,18.3900,100
39553726282482,10:59:13.726,18.3900,100
39553726282482,10:59:13.726,18.3900,200
39569265074961,10:59:29.265,18.3800,100
39569265074961,10:59:29.265,18.3800,100
39569265074961,10:59:29.265,18.3800,200
39569266342188,10:59:29.266,18.3700,800
39569266342188,10:59:29.266,18.3700,100
39569266342188,10:59:29.266,18.3700,100
39569266342188,10:59:29.266,18.3700,100
39569266342188,10:59:29.266,18.3700,100
39569267221052,10:59:29.267,18.3700,100
39569278544798,10:59:29.278,18.3650,100
39592209710672,10:59:52.209,18.3700,100
39592209710672,10:59:52.209,18.3700,100
39592209710672,10:59:52.209,18.3700,100
39592209710672,10:59:52.209,18.3700,48
39592209966295,10:59:52.209,18.3700,52
39596291984234,10:59:56.291,18.3750,1
39596292061809,10:59:56.292,18.3750,1
39600036281200,11:00:00.036,18.3800,300
39600346836230,11:00:00.346,18.3900,100
39600346836230,11:00:00.346,18.3900,128
39600346849173,11:00:00.346,18.3900,172
39605063782157,11:00:05.063,18.3900,300
39605063782157,11:00:05.063,18.3900,100
39605063782157,11:00:05.063,18.3900,100
39605064197149,11:00:05.064,18.3900,100
39605110003032,11:00:05.110,18.3900,97
39605110003032,11:00:05.110,18.3900,3
39610865685997,11:00:10.865,18.3900,100
39612452722235,11:00:12.452,18.3900,100
39614001565542,11:00:14.001,18.3900,76
39617196160626,11:00:17.196,18.4000,8
39617196160626,11:00:17.196,18.4000,6
39628327983119,11:00:28.327,18.4000,100
39630885395882,11:00:30.885,18.4000,100
39630885395882,11:00:30.885,18.4000,98
39630885415349,11:00:30.885,18.4000,202
39630885415349,11:00:30.885,18.4000,125
39630885415349,11:00:30.885,18.4000,200
39630885449630,11:00:30.885,18.4000,100
39631574498906,11:00:31.574,18.4000,38
39631640632640,11:00:31.640,18.4000,100
39632734593081,11:00:32.734,18.4000,100
39632734593081,11:00:32.734,18.4000,100
39635777002400,11:00:35.777,18.4000,300
39648149095481,11:00:48.149,18.4100,98
39648149107977,11:00:48.149,18.4100,202
39652014143717,11:00:52.014,18.4100,100
39652014143717,11:00:52.014,18.4100,100
39652014143717,11:00:52.014,18.4100,100
39662919586140,11:01:02.919,18.4100,100
39662919586140,11:01:02.919,18.4100,100
39662919586140,11:01:02.919,18.4100,100
39663153252690,11:01:03.153,18.4200,200
39663459907571,11:01:03.459,18.4300,200
39663459907571,11:01:03.459,18.4300,100
39666655071616,11:01:06.655,18.4350,1
39666655171413,11:01:06.655,18.4350,2
39666655297128,11:01:06.655,18.4350,1
39666655329540,11:01:06.655,18.4350,1
39666847951791,11:01:06.847,18.4400,100
39666872799115,11:01:06.872,18.4300,200
39668546979254,11:01:08.546,18.4400,100
39668546979254,11:01:08.546,18.4400,176
39668546998186,11:01:08.546,18.4400,24
39668657920398,11:01:08.657,18.4400,32
39668658126282,11:01:08.658,18.4400,63
39668658126282,11:01:08.658,18.4400,37
39684149641966,11:01:24.149,18.4300,100
39684149641966,11:01:24.149,18.4300,100
39684618143475,11:01:24.618,18.4400,100
39684618143475,11:01:24.618,18.4400,300
39684795557724,11:01:24.795,18.4400,92
39684795557724,11:01:24.795,18.4400,125
39684795557724,11:01:24.795,18.4400,100
39685356322006,11:01:25.356,18.4300,100
39714859931762,11:01:54.859,18.4300,100
39714859931762,11:01:54.859,18.4300,200
39714859931762,11:01:54.859,18.4300,100
39714860048960,11:01:54.860,18.4300,100
39714860302605,11:01:54.860,18.4300,300
39714860302605,11:01:54.860,18.4300,100
39733100641341,11:02:13.100,18.4300,100
39733100641341,11:02:13.100,18.4300,200
39733100641341,11:02:13.100,18.4300,100
39733100641341,11:02:13.100,18.4300,100
39733133186168,11:02:13.133,18.4250,100
39733133186168,11:02:13.133,18.4200,300
39733133186168,11:02:13.133,18.4200,100
39733133186168,11:02:13.133,18.4200,100
39733133186168,11:02:13.133,18.4200,100
39733133186168,11:02:13.133,18.4200,1000
39733133186168,11:02:13.133,18.4200,100
39733181086685,11:02:13.181,18.4200,100
39733181086685,11:02:13.181,18.4200,100
39748109880925,11:02:28.109,18.4100,100
39748109882862,11:02:28.109,18.4100,100
39748109882862,11:02:28.109,18.4100,100
39748109882862,11:02:28.109,18.4100,100
39748109882862,11:02:28.109,18.4100,97
39748109899393,11:02:28.109,18.4100,175
39748109914733,11:02:28.109,18.4100,10
39748109986649,11:02:28.109,18.4100,18
39748410007102,11:02:28.410,18.4100,65
39748410714655,11:02:28.410,18.4100,35
39779682450962,11:02:59.682,18.4200,300
39779682450962,11:02:59.682,18.4200,400
39779682450962,11:02:59.682,18.4200,3
39779682450962,11:02:59.682,18.4200,100
39779682555210,11:02:59.682,18.4200,100
39780273175887,11:03:00.273,18.4200,300
39801102449675,11:03:21.102,18.4000,200
39803597315080,11:03:23.597,18.3950,1
39803597315080,11:03:23.597,18.3950,1
39803597315080,11:03:23.597,18.3950,1
39803597315080,11:03:23.597,18.3950,1
39803597315080,11:03:23.597,18.3950,1
39803597315080,11:03:23.597,18.3950,1
39803597315080,11:03:23.597,18.4000,94
39807367557216,11:03:27.367,18.4100,100
39807367557216,11:03:27.367,18.4100,129
39818506673820,11:03:38.506,18.3900,300
39818506673820,11:03:38.506,18.3900,20
39818506681480,11:03:38.506,18.3900,180
39829370928176,11:03:49.370,18.3900,100
39829370928176,11:03:49.370,18.3900,1
39839192648379,11:03:59.192,18.4100,229
39839192648379,11:03:59.192,18.4100,100
39839192648379,11:03:59.192,18.4100,12
39839192667360,11:03:59.192,18.4100,88
39839192667360,11:03:59.192,18.4100,100
39839192667360,11:03:59.192,18.4100,100
39839192667360,11:03:59.192,18.4100,190
39839192700256,11:03:59.192,18.4100,10
39839192700256,11:03:59.192,18.4100,500
39842309330039,11:04:02.309,18.4200,12
39842312872230,11:04:02.312,18.4200,50
39842378560195,11:04:02.378,18.4200,50
39842427360023,11:04:02.427,18.4200,75
39842458440055,11:04:02.458,18.4200,113
39842458440055,11:04:02.458,18.4200,161
39842458674272,11:04:02.458,18.4200,130
39842458915524,11:04:02.458,18.4200,209
39842679829776,11:04:02.679,18.4200,100
39842679829776,11:04:02.679,18.4200,100
39842679869429,11:04:02.679,18.4200,29
39851122687206,11:04:11.122,18.4150,2
39851122687206,11:04:11.122,18.4200,100
39851122689360,11:04:11.122,18.4200,2
39856722662770,11:04:16.722,18.4350,100
39856722662770,11:04:16.722,18.4300,100
39856722662770,11:04:16.722,18.4300,100
39856722662770,11:04:16.722,18.4300,300
39856723083052,11:04:16.723,18.4300,100
39885027141421,11:04:45.027,18.4400,100
39891284317468,11:04:51.284,18.4400,100
39899964479549,11:04:59.964,18.4500,7
39899964479549,11:04:59.964,18.4500,93
39899964541674,11:04:59.964,18.4500,7
39922286617463,11:05:22.286,18.4500,200
39949515666269,11:05:49.515,18.4500,100
39965527700054,11:06:05.527,18.4400,100
39965527700054,11:06:05.527,18.4400,100
39965527991018,11:06:05.527,18.4300,100
39968575675973,11:06:08.575,18.4300,100
39975104313509,11:06:15.104,18.4300,4
39975104313509,11:06:15.104,18.4300,100
39975104313509,11:06:15.104,18.4300,100
39975104313509,11:06:15.104,18.4300,100
39982040492697,11:06:22.040,18.4300,100
39986230285143,11:06:26.230,18.4300,100
39986230427532,11:06:26.230,18.4300,100
39995132722620,11:06:35.132,18.4200,400
40025355256456,11:07:05.355,18.4400,100
40081061900750,11:08:01.061,18.4600,100
40081104817431,11:08:01.104,18.4600,100
40107883769812,11:08:27.883,18.4500,100
40108781116681,11:08:28.781,18.4400,183
40108781131516,11:08:28.781,18.4400,217
40125222472923,11:08:45.222,18.4400,6
40125222472923,11:08:45.222,18.4400,100
40125222472923,11:08:45.222,18.4400,100
40151203912609,11:09:11.203,18.4400,300
40181746985347,11:09:41.746,18.4500,100
40191588106268,11:09:51.588,18.4600,200
40224422108777,11:10:24.422,18.4650,1
40224422108777,11:10:24.422,18.4650,1
40224422108777,11:10:24.422,18.4650,1
40224422108777,11:10:24.422,18.4700,100
40224422108777,11:10:24.422,18.4700,10
40224422108777,11:10:24.422,18.4700,97
40224422145942,11:10:24.422,18.4700,3
40227805131816,11:10:27.805,18.4800,100
40230313217300,11:10:30.313,18.4800,400
40230624226395,11:10:30.624,18.4700,2
40230624226395,11:10:30.624,18.4700,100
40294453967530,11:11:34.453,18.4500,100
40299780248449,11:11:39.780,18.4500,100
40362562698355,11:12:42.562,18.4600,100
40362566180285,11:12:42.566,18.4500,3
40384694626669,11:13:04.694,18.4500,100
40384694626669,11:13:04.694,18.4500,100
40384695666380,11:13:04.695,18.4400,1
40384695666920,11:13:04.695,18.4400,1
40384695671799,11:13:04.695,18.4400,1
40384695673675,11:13:04.695,18.4400,1
40384695676277,11:13:04.695,18.4400,1
40384695677716,11:13:04.695,18.4400,1
40391164534686,11:13:11.164,18.4500,12
40391164534686,11:13:11.164,18.4500,100
40426603891237,11:13:46.603,18.4600,100
40436440765227,11:13:56.440,18.4700,100
40445881784577,11:14:05.881,18.4700,2
40449865949561,11:14:09.865,18.4600,500
40462171890056,11:14:22.171,18.4600,14
40477594084288,11:14:37.594,18.4800,100
40484016535409,11:14:44.016,18.4700,1
40484016537316,11:14:44.016,18.4700,2
40491482597587,11:14:51.482,18.4700,100
40491483078150,11:14:51.483,18.4600,1
40491483082340,11:14:51.483,18.4600,1
40491483084996,11:14:51.483,18.4600,1
40491483088252,11:14:51.483,18.4600,1
40491483089731,11:14:51.483,18.4600,1
40491483093329,11:14:51.483,18.4600,1
40491483095280,11:14:51.483,18.4600,1
40491483096031,11:14:51.483,18.4600,1
40491483098632,11:14:51.483,18.4600,1
40491483102512,11:14:51.483,18.4600,1
40547779045176,11:15:47.779,18.4700,100
40573871784863,11:16:13.871,18.4700,127
40573871784863,11:16:13.871,18.4700,100
40583363539222,11:16:23.363,18.4700,100
40583363539222,11:16:23.363,18.4700,100
40583364056333,11:16:23.364,18.4700,100
40583380711278,11:16:23.380,18.4650,1
40586975586103,11:16:26.975,18.4750,1
40604214383553,11:16:44.214,18.4800,64
40604214400932,11:16:44.214,18.4800,36
40604214400932,11:16:44.214,18.4800,8
40616692177958,11:16:56.692,18.4800,100
40616692217079,11:16:56.692,18.4800,100
40616692217079,11:16:56.692,18.4800,305
40616692915573,11:16:56.692,18.4800,95
40616692915573,11:16:56.692,18.4800,5
40632098268425,11:17:12.098,18.4800,100
40643629426442,11:17:23.629,18.4900,100
40652545424911,11:17:32.545,18.4800,100
40652547455230,11:17:32.547,18.4700,1
40660567882560,11:17:40.567,18.4800,1
40660567890235,11:17:40.567,18.4800,1
40665898901394,11:17:45.898,18.4900,100
40690857032475,11:18:10.857,18.4900,100
40690857034144,11:18:10.857,18.4900,100
40717499783529,11:18:37.499,18.4700,2
40717499809543,11:18:37.499,18.4700,7
40719149200814,11:18:39.149,18.4700,200
40719149200814,11:18:39.149,18.4700,100
40721456285189,11:18:41.456,18.4700,300
40731562097643,11:18:51.562,18.4800,14
40731562097643,11:18:51.562,18.4800,100
40760790588488,11:19:20.790,18.4900,100
40778483916203,11:19:38.483,18.5000,100
40790204731456,11:19:50.204,18.4900,100
40794099906775,11:19:54.099,18.4900,178
40794100008977,11:19:54.100,18.4900,122
40794100008977,11:19:54.100,18.4900,200
40794100008977,11:19:54.100,18.4900,100
40811687890584,11:20:11.687,18.5000,100
40811687890584,11:20:11.687,18.5000,100
40811687890584,11:20:11.687,18.5000,15
40811687890584,11:20:11.687,18.5000,85
40811758119739,11:20:11.758,18.5000,315
40811758119739,11:20:11.758,18.5000,100
40811758275714,11:20:11.758,18.5000,100
40811758275714,11:20:11.758,18.5000,100
40811758275714,11:20:11.758,18.5000,100
40819158650290,11:20:19.158,18.5000,100
40819159654459,11:20:19.159,18.5000,100
40819716095082,11:20:19.716,18.5000,700
40819716095082,11:20:19.716,18.5000,200
40821659213638,11:20:21.659,18.5000,100
40821659213638,11:20:21.659,18.5000,300
40822021524112,11:20:22.021,18.5000,100
40822022185053,11:20:22.022,18.5000,132
40829944845559,11:20:29.944,18.4950,1
40829944845559,11:20:29.944,18.4950,1
40829944845559,11:20:29.944,18.4950,2
40829944845559,11:20:29.944,18.4950,1
40829944877921,11:20:29.944,18.5000,300
40839546635992,11:20:39.546,18.5000,100
40842914830923,11:20:42.914,18.4900,300
40842914830923,11:20:42.914,18.4900,100
40842914830923,11:20:42.914,18.4900,100
40842915414050,11:20:42.915,18.4900,100
40842915414050,11:20:42.915,18.4900,100
40842915414050,11:20:42.915,18.4900,100
40842915414050,11:20:42.915,18.4900,100
40842915414050,11:20:42.915,18.4900,100
40842915414050,11:20:42.915,18.4900,100
40842915414050,11:20:42.915,18.4900,100
40842915414050,11:20:42.915,18.4900,47
40842915526708,11:20:42.915,18.4900,100
40852126668767,11:20:52.126,18.4900,100
40852126699072,11:20:52.126,18.4900,100
40858250349524,11:20:58.250,18.4900,100
40858250349524,11:20:58.250,18.4900,100
40858250349524,11:20:58.250,18.4900,100
40871909379114,11:21:11.909,18.4800,13
40871909379114,11:21:11.909,18.4800,100
40875862756145,11:21:15.862,18.4800,45
40881137841405,11:21:21.137,18.4700,100
40881137841405,11:21:21.137,18.4700,300
40881137841405,11:21:21.137,18.4700,100
40881137841405,11:21:21.137,18.4700,100
40884367806251,11:21:24.367,18.4700,100
40884367806251,11:21:24.367,18.4700,100
40884367806251,11:21:24.367,18.4700,100
40884367806251,11:21:24.367,18.4700,23
40884367812723,11:21:24.367,18.4700,177
40884369275582,11:21:24.369,18.4600,1
40887001707846,11:21:27.001,18.4700,100
40904814363350,11:21:44.814,18.4700,100
40911909693988,11:21:51.909,18.4700,100
40928103340736,11:22:08.103,18.4700,100
40928103340736,11:22:08.103,18.4700,300
40944187971271,11:22:24.187,18.4500,13
40944187971271,11:22:24.187,18.4500,100
40957209476614,11:22:37.209,18.4450,1
40957425598710,11:22:37.425,18.4450,2
40957425598710,11:22:37.425,18.4450,1
40957425598710,11:22:37.425,18.4450,1
40957425863283,11:22:37.425,18.4500,300
40957426017698,11:22:37.426,18.4500,100
40957426017698,11:22:37.426,18.4500,200
40993725035134,11:23:13.725,18.4600,100
40993725035134,11:23:13.725,18.4600,100
40993725214078,11:23:13.725,18.4600,100
40994754493994,11:23:14.754,18.4600,100
40994754493994,11:23:14.754,18.4600,100
41068674669975,11:24:28.674,18.4550,2
41068674669975,11:24:28.674,18.4550,1
41068674669975,11:24:28.674,18.4550,1
41068674669975,11:24:28.674,18.4550,1
41068674669975,11:24:28.674,18.4600,11
41068674669975,11:24:28.674,18.4600,95
41068674705937,11:24:28.674,18.4600,5
41076779819804,11:24:36.779,18.4700,100
41077262546951,11:24:37.262,18.4800,300
41077262546951,11:24:37.262,18.4800,68
41077262576109,11:24:37.262,18.4800,32
41077262576109,11:24:37.262,18.4800,100
41077262576109,11:24:37.262,18.4800,203
41077262634453,11:24:37.262,18.4800,225
41077262638361,11:24:37.262,18.4800,100
41077262750941,11:24:37.262,18.4800,100
41077262750941,11:24:37.262,18.4800,100
41077262944525,11:24:37.262,18.4800,200
41077263325652,11:24:37.263,18.4800,100
41077263325652,11:24:37.263,18.4800,200
41077263407867,11:24:37.263,18.4800,100
41077263407867,11:24:37.263,18.4800,100
41100338806033,11:25:00.338,18.5000,100
41100338900783,11:25:00.338,18.5000,100
41105217287588,11:25:05.217,18.5100,100
41106764546509,11:25:06.764,18.5100,300
41110390964563,11:25:10.390,18.5100,2
41110397888220,11:25:10.397,18.5100,98
41117557697814,11:25:17.557,18.5000,300
41117557697814,11:25:17.557,18.5000,100
41117557697814,11:25:17.557,18.5000,500
41117559536668,11:25:17.559,18.4900,1
41117559830720,11:25:17.559,18.4900,1
41117559836239,11:25:17.559,18.4900,1
41117559837949,11:25:17.559,18.4900,1
41117559839598,11:25:17.559,18.4900,1
41117559841446,11:25:17.559,18.4900,1
41142597975434,11:25:42.597,18.4900,100
41142597975434,11:25:42.597,18.4900,100
41142815281167,11:25:42.815,18.4800,100
41142815281167,11:25:42.815,18.4800,100
41142815281167,11:25:42.815,18.4800,100
41145766193990,11:25:45.766,18.4750,1
41145766193990,11:25:45.766,18.4750,1
41145766193990,11:25:45.766,18.4750,1
41145766193990,11:25:45.766,18.4750,1
41145766193990,11:25:45.766,18.4800,43
41151646836019,11:25:51.646,18.4700,300
41176039586451,11:26:16.039,18.4700,100
41197416176882,11:26:37.416,18.4800,14
41197416176882,11:26:37.416,18.4800,4
41214402096616,11:26:54.402,18.4850,100
41214402096616,11:26:54.402,18.4850,100
41225402900477,11:27:05.402,18.4850,100
41234528586650,11:27:14.528,18.4800,100
41234528586650,11:27:14.528,18.4800,100
41234528586650,11:27:14.528,18.4800,100
41234528586650,11:27:14.528,18.4800,100
41235355583567,11:27:15.355,18.4800,100
41235532162633,11:27:15.532,18.4800,100
41235983646086,11:27:15.983,18.4800,100
41241508948054,11:27:21.508,18.4800,100
41241508948054,11:27:21.508,18.4800,300
41242986210737,11:27:22.986,18.4800,100
41259942333469,11:27:39.942,18.4600,100
41259942333469,11:27:39.942,18.4600,137
41285050270321,11:28:05.050,18.4800,21
41330658097195,11:28:50.658,18.4800,100
41330658097195,11:28:50.658,18.4800,100
41330659768805,11:28:50.659,18.4800,300
41333529483649,11:28:53.529,18.4800,100
41340582432627,11:29:00.582,18.4600,248
41340582534322,11:29:00.582,18.4600,52
41340582534322,11:29:00.582,18.4600,48
41340582599566,11:29:00.582,18.4600,52
41340582901642,11:29:00.582,18.4600,100
41375223073881,11:29:35.223,18.4700,100
41375223073881,11:29:35.223,18.4700,100
41403948081115,11:30:03.948,18.4800,20
41412634639754,11:30:12.634,18.4800,100
41427556470257,11:30:27.556,18.4900,100
41437850071241,11:30:37.850,18.5050,100
41437850071241,11:30:37.850,18.5000,100
41437850119207,11:30:37.850,18.5000,100
41437850584348,11:30:37.850,18.5000,13
41437850584348,11:30:37.850,18.5000,100
41478592228855,11:31:18.592,18.4950,1
41478592228855,11:31:18.592,18.4950,1
41478592228855,11:31:18.592,18.5000,100
41478592228855,11:31:18.592,18.5000,98
41478592278424,11:31:18.592,18.5000,2
41480779543852,11:31:20.779,18.5100,100
41515602633162,11:31:55.602,18.5200,100
41546270029703,11:32:26.270,18.5100,100
41546270029703,11:32:26.270,18.5100,100
41574890591599,11:32:54.890,18.5100,100
41574890591599,11:32:54.890,18.5100,22
41624638140397,11:33:44.638,18.5100,100
41624638140397,11:33:44.638,18.5100,200
41632019546499,11:33:52.019,18.5000,100
41655093207151,11:34:15.093,18.5100,100
41655093207151,11:34:15.093,18.5100,100
41655093207151,11:34:15.093,18.5100,19
41658554515011,11:34:18.554,18.5150,1
41660825559984,11:34:20.825,18.5100,100
41660826013171,11:34:20.826,18.5100,100
41693827123284,11:34:53.827,18.5100,100
41701296393474,11:35:01.296,18.5200,100
41729336002495,11:35:29.336,18.5200,500
41729336002495,11:35:29.336,18.5200,100
41729336002495,11:35:29.336,18.5200,6
41755615990435,11:35:55.615,18.5200,100
41792789692550,11:36:32.789,18.4900,500
41792789692550,11:36:32.789,18.4900,100
41793617498616,11:36:33.617,18.4900,100
41806852902216,11:36:46.852,18.4900,2
41829930973556,11:37:09.930,18.5000,400
41829930973556,11:37:09.930,18.5000,22
41829930973556,11:37:09.930,18.5000,4
41829930991196,11:37:09.930,18.5000,96
41833833228506,11:37:13.833,18.5000,100
41833833228506,11:37:13.833,18.5000,100
41863875448561,11:37:43.875,18.5000,100
41870915222685,11:37:50.915,18.5100,17
41870915232339,11:37:50.915,18.5100,383
41870915232339,11:37:50.915,18.5100,17
41872299152146,11:37:52.299,18.5200,100
41875456091683,11:37:55.456,18.5200,100
41892452783602,11:38:12.452,18.5100,200
41892454614901,11:38:12.454,18.5000,1
41892454652585,11:38:12.454,18.5000,1
41892454664939,11:38:12.454,18.5000,1
41892454679407,11:38:12.454,18.5000,1
41976407382124,11:39:36.407,18.5050,1
41976407382124,11:39:36.407,18.5050,1
41976407382124,11:39:36.407,18.5050,1
41976407382124,11:39:36.407,18.5050,1
41976407382124,11:39:36.407,18.5050,2
41976407382124,11:39:36.407,18.5050,2
41976407382124,11:39:36.407,18.5050,1
41976407382124,11:39:36.407,18.5050,2
41976407382124,11:39:36.407,18.5100,23
41976407382124,11:39:36.407,18.5100,66
41986112329503,11:39:46.112,18.5000,100
41986112329503,11:39:46.112,18.5000,100
41986112831284,11:39:46.112,18.4900,1
41986112831869,11:39:46.112,18.4900,1
42001617306494,11:40:01.617,18.5000,300
42021666040024,11:40:21.666,18.5100,24
42021666040024,11:40:21.666,18.5100,100
42021666040024,11:40:21.666,18.5100,100
42036517182038,11:40:36.517,18.5100,100
42036517182038,11:40:36.517,18.5100,100
42048136174716,11:40:48.136,18.5150,17
42054403572040,11:40:54.403,18.5100,300
42054403572040,11:40:54.403,18.5100,100
42067043841610,11:41:07.043,18.5100,100
42078445414207,11:41:18.445,18.5100,100
42078445490272,11:41:18.445,18.5100,400
42078445514271,11:41:18.445,18.5100,100
42078445554677,11:41:18.445,18.5100,100
42095409811466,11:41:35.409,18.5000,300
42095409811466,11:41:35.409,18.5000,100
42095412795270,11:41:35.412,18.4900,100
42095412795270,11:41:35.412,18.4900,100
42095412795270,11:41:35.412,18.4900,46
42095412806103,11:41:35.412,18.4900,54
42095412806103,11:41:35.412,18.4900,13
42095412806103,11:41:35.412,18.4900,100
42095412806103,11:41:35.412,18.4900,100
42095412806103,11:41:35.412,18.4900,100
42095412806103,11:41:35.412,18.4900,100
42095657073650,11:41:35.657,18.4900,100
42117954848893,11:41:57.954,18.5000,100
42129406336949,11:42:09.406,18.5100,4
42129406410106,11:42:09.406,18.5100,96
42129406410106,11:42:09.406,18.5100,21
42136439310106,11:42:16.439,18.5200,100
42142836342039,11:42:22.836,18.5150,100
42147388026469,11:42:27.388,18.5150,100
42196130972696,11:43:16.130,18.5200,100
42218673949955,11:43:38.673,18.5300,100
42218673949955,11:43:38.673,18.5300,300
42218673949955,11:43:38.673,18.5300,100
42218792966945,11:43:38.792,18.5400,400
42218793077499,11:43:38.793,18.5400,108
42218793128416,11:43:38.793,18.5400,100
42236990824608,11:43:56.990,18.5450,20
42237621006743,11:43:57.621,18.5400,100
42237621006743,11:43:57.621,18.5400,400
42243053266496,11:44:03.053,18.5350,100
42243053266496,11:44:03.053,18.5350,100
42277799504511,11:44:37.799,18.5300,100
42277799530019,11:44:37.799,18.5300,300
42277799530019,11:44:37.799,18.5300,100
42279967828002,11:44:39.967,18.5200,34
42279968014460,11:44:39.968,18.5200,66
42279968418418,11:44:39.968,18.5200,100
42279968418418,11:44:39.968,18.5200,87
42309619873509,11:45:09.619,18.5100,100
42309619873509,11:45:09.619,18.5100,100
42309619936583,11:45:09.619,18.5100,100
42316478881803,11:45:16.478,18.5100,77
42316478881803,11:45:16.478,18.5100,100
42316478881803,11:45:16.478,18.5100,21
42316478881803,11:45:16.478,18.5100,100
42345257343495,11:45:45.257,18.5100,100
42361633111571,11:46:01.633,18.5050,1
42361633111571,11:46:01.633,18.5050,2
42361633111571,11:46:01.633,18.5050,1
42361633111571,11:46:01.633,18.5050,2
42361633111571,11:46:01.633,18.5050,2
42361633111571,11:46:01.633,18.5050,2
42361633111571,11:46:01.633,18.5100,90
42361633145290,11:46:01.633,18.5100,1
42361633166905,11:46:01.633,18.5100,9
42380367552329,11:46:20.367,18.5200,30
42389304043020,11:46:29.304,18.5200,147
42389318370797,11:46:29.318,18.5200,200
42389318414251,11:46:29.318,18.5200,53
42420631224820,11:47:00.631,18.5200,100
42427059869160,11:47:07.059,18.5200,100
42441616478307,11:47:21.616,18.5200,100
42477681592364,11:47:57.681,18.5100,100
42477681592364,11:47:57.681,18.5100,100
42548505659203,11:49:08.505,18.5000,100
42548505659203,11:49:08.505,18.5000,100
42548505659203,11:49:08.505,18.5000,21
42548505659203,11:49:08.505,18.5000,100
42548511135104,11:49:08.511,18.5100,100
42548511135104,11:49:08.511,18.5100,208
42558080914544,11:49:18.080,18.5200,100
42569671601659,11:49:29.671,18.5200,700
42569671601659,11:49:29.671,18.5200,400
42609567387266,11:50:09.567,18.5200,400
42609567387266,11:50:09.567,18.5200,100
42613055306666,11:50:13.055,18.5100,100
42613055351891,11:50:13.055,18.5100,300
42613055351891,11:50:13.055,18.5100,100
42648286154186,11:50:48.286,18.5000,100
42648286154186,11:50:48.286,18.5000,100
42653590392445,11:50:53.590,18.5000,100
42653590392445,11:50:53.590,18.5000,26
42653590863777,11:50:53.590,18.5000,74
42653590863777,11:50:53.590,18.5000,20
42653590863777,11:50:53.590,18.5000,100
42692619748003,11:51:32.619,18.5000,200
42698616664494,11:51:38.616,18.5000,100
42714676648296,11:51:54.676,18.4900,46
42714676648296,11:51:54.676,18.4900,100
42714676648296,11:51:54.676,18.4900,200
42714676648296,11:51:54.676,18.4900,9
42714676681764,11:51:54.676,18.4900,291
42714677435125,11:51:54.677,18.4900,25
42729491918621,11:52:09.491,18.4850,18
42729492045521,11:52:09.492,18.4800,10
42729492662853,11:52:09.492,18.4800,200
42737077358116,11:52:17.077,18.4700,100
42737077358116,11:52:17.077,18.4700,200
42737077358116,11:52:17.077,18.4700,100
42737077358116,11:52:17.077,18.4700,100
42737077358116,11:52:17.077,18.4700,100
42737077358116,11:52:17.077,18.4700,100
42737078071739,11:52:17.078,18.4700,100
42738891691632,11:52:18.891,18.4700,100
42738891691632,11:52:18.891,18.4700,21
42773168388968,11:52:53.168,18.4800,100
42773168388968,11:52:53.168,18.4800,76
42773168419117,11:52:53.168,18.4800,24
42773779908424,11:52:53.779,18.4800,100
42775325327411,11:52:55.325,18.4800,100
42790687985599,11:53:10.687,18.4900,100
42790688018494,11:53:10.688,18.4900,1
42790688018494,11:53:10.688,18.4900,2
42790688018494,11:53:10.688,18.4900,1
42790688018494,11:53:10.688,18.4900,1
42790688018494,11:53:10.688,18.4900,1
42796838024753,11:53:16.838,18.4900,100
42821979276306,11:53:41.979,18.4900,100
42829839952008,11:53:49.839,18.4900,100
42858890332161,11:54:18.890,18.4900,19
42858890332161,11:54:18.890,18.4900,100
42870665509275,11:54:30.665,18.4900,100
42976105049267,11:56:16.105,18.4850,1
42976105171970,11:56:16.105,18.4850,2
42976105349440,11:56:16.105,18.4850,2
42976105393263,11:56:16.105,18.4850,1
42993036404877,11:56:33.036,18.4800,100
42993036404877,11:56:33.036,18.4800,400
42993036404877,11:56:33.036,18.4800,150
42993036414404,11:56:33.036,18.4800,50
42993036414404,11:56:33.036,18.4800,100
42993042713721,11:56:33.042,18.4700,100
42993042713721,11:56:33.042,18.4700,200
42993042713721,11:56:33.042,18.4700,92
43002706364315,11:56:42.706,18.4700,8
43002706364315,11:56:42.706,18.4700,300
43009243686879,11:56:49.243,18.4700,100
43009243686879,11:56:49.243,18.4700,12
43014598466130,11:56:54.598,18.4700,300
43014598466130,11:56:54.598,18.4700,100
43076532780085,11:57:56.532,18.4600,100
43076532780085,11:57:56.532,18.4600,100
43077590869086,11:57:57.590,18.4500,1
43077590870318,11:57:57.590,18.4500,1
43077684011915,11:57:57.684,18.4500,100
43079017890358,11:57:59.017,18.4500,100
43079017890358,11:57:59.017,18.4500,162
43079017890358,11:57:59.017,18.4500,72
43079017944915,11:57:59.017,18.4500,29
43079017948793,11:57:59.017,18.4500,199
43079017948793,11:57:59.017,18.4500,200
43079017948793,11:57:59.017,18.4500,20
43111049187904,11:58:31.049,18.4700,100
43111049187904,11:58:31.049,18.4700,100
43111050744619,11:58:31.050,18.4700,20
43111050744619,11:58:31.050,18.4700,5
43111050744619,11:58:31.050,18.4700,100
43111506974463,11:58:31.506,18.4700,100
43113286574484,11:58:33.286,18.4700,200
43127846273402,11:58:47.846,18.4700,400
43153856594111,11:59:13.856,18.4700,100
43153856594111,11:59:13.856,18.4700,100
43160925828696,11:59:20.925,18.4700,100
43160925828696,11:59:20.925,18.4700,100
43160925828696,11:59:20.925,18.4700,100
43160925828696,11:59:20.925,18.4700,4
43213494520211,12:00:13.494,18.4800,100
43213494520211,12:00:13.494,18.4800,400
43213494520211,12:00:13.494,18.4800,17
43214323046698,12:00:14.323,18.4800,100
43215518505355,12:00:15.518,18.4800,100
43215839176607,12:00:15.839,18.4800,100
43218264392480,12:00:18.264,18.4900,200
43226607406229,12:00:26.607,18.4900,100
43226607406229,12:00:26.607,18.4900,116
43226607519405,12:00:26.607,18.4900,100
43226607912741,12:00:26.607,18.4900,184
43281848362313,12:01:21.848,18.4800,100
43281850506672,12:01:21.850,18.4700,1
43284351352788,12:01:24.351,18.4700,389
43284351393578,12:01:24.351,18.4700,11
43295547307085,12:01:35.547,18.4600,400
43295547307085,12:01:35.547,18.4600,283
43295547314054,12:01:35.547,18.4600,17
43295547314054,12:01:35.547,18.4600,3
43295547337370,12:01:35.547,18.4600,6
43295547337370,12:01:35.547,18.4600,11
43295547454490,12:01:35.547,18.4600,89
43295547454490,12:01:35.547,18.4600,89
43295548962357,12:01:35.548,18.4500,1
43295548985016,12:01:35.548,18.4500,1
43295548995676,12:01:35.548,18.4500,1
43295549001380,12:01:35.549,18.4500,1
43295549012476,12:01:35.549,18.4500,2
43295549020069,12:01:35.549,18.4500,2
43295549064807,12:01:35.549,18.4500,1
43295549596840,12:01:35.549,18.4500,2
43296395746352,12:01:36.395,18.4600,11
43296396415186,12:01:36.396,18.4600,100
43296396463504,12:01:36.396,18.4600,100
43296396509199,12:01:36.396,18.4600,100
43296396555500,12:01:36.396,18.4600,100
43296396600658,12:01:36.396,18.4600,100
43303818328594,12:01:43.818,18.4500,300
43303818351222,12:01:43.818,18.4500,100
43312963104461,12:01:52.963,18.4450,1
43312963104461,12:01:52.963,18.4450,1
43312963104461,12:01:52.963,18.4450,2
43316633838747,12:01:56.633,18.4500,100
43336322617944,12:02:16.322,18.4600,100
43336322648963,12:02:16.322,18.4600,6
43352019138739,12:02:32.019,18.4600,200
43356852314484,12:02:36.852,18.4700,100
43356963154665,12:02:36.963,18.4700,200
43356963422293,12:02:36.963,18.4700,100
43390501293477,12:03:10.501,18.4700,100
43390501293477,12:03:10.501,18.4700,300
43390501697703,12:03:10.501,18.4700,400
43390502211635,12:03:10.502,18.4700,100
43393426857307,12:03:13.426,18.4700,100
43393426884508,12:03:13.426,18.4700,89
43481515287482,12:04:41.515,18.4700,100
43481515287482,12:04:41.515,18.4700,400
43492580605966,12:04:52.580,18.4600,100
43492580605966,12:04:52.580,18.4600,100
43590160273958,12:06:30.160,18.4500,106
43590160325979,12:06:30.160,18.4500,94
43590160325979,12:06:30.160,18.4500,100
43622123055932,12:07:02.123,18.4450,1
43622123055932,12:07:02.123,18.4450,1
43622123055932,12:07:02.123,18.4450,1
43622123055932,12:07:02.123,18.4450,1
43622123055932,12:07:02.123,18.4500,9
43622123055932,12:07:02.123,18.4500,96
43622123137893,12:07:02.123,18.4500,4
43622123679973,12:07:02.123,18.4500,100
43622232431408,12:07:02.232,18.4500,100
43622233115663,12:07:02.233,18.4500,25
43622234733057,12:07:02.234,18.4500,100
43633790568094,12:07:13.790,18.4400,19
43633790608713,12:07:13.790,18.4400,81
43633790608713,12:07:13.790,18.4400,2
43633790608713,12:07:13.790,18.4400,17
43633790642740,12:07:13.790,18.4400,19
43633790739118,12:07:13.790,18.4400,100
43633790775927,12:07:13.790,18.4400,19
43633790828983,12:07:13.790,18.4400,45
43633821517091,12:07:13.821,18.4300,19
43633821589339,12:07:13.821,18.4300,19
43675780573787,12:07:55.780,18.4400,100
43719213234052,12:08:39.213,18.4300,400
43719213234052,12:08:39.213,18.4300,100
43719314235620,12:08:39.314,18.4300,23
43721385772025,12:08:41.385,18.4400,359
43721385809595,12:08:41.385,18.4400,7
43721385809595,12:08:41.385,18.4400,100
43748122513781,12:09:08.122,18.4500,100
43748122844606,12:09:08.122,18.4500,64
43753129448027,12:09:13.129,18.4400,100
43753426003610,12:09:13.426,18.4400,100
43763082829946,12:09:23.082,18.4400,100
43823613321990,12:10:23.613,18.4500,150
43823613321990,12:10:23.613,18.4500,100
43823613321990,12:10:23.613,18.4500,6
43823833636210,12:10:23.833,18.4500,100
43823833636210,12:10:23.833,18.4500,149
43823833936481,12:10:23.833,18.4500,13
43823833936481,12:10:23.833,18.4500,100
43851104552493,12:10:51.104,18.4400,100
43851104552493,12:10:51.104,18.4400,230
43851104602336,12:10:51.104,18.4400,170
43851104602336,12:10:51.104,18.4400,100
43851106233566,12:10:51.106,18.4350,1
43851106264975,12:10:51.106,18.4350,1
43851106272538,12:10:51.106,18.4350,1
43919192085257,12:11:59.192,18.4400,100
43919192085257,12:11:59.192,18.4400,100
43919192085257,12:11:59.192,18.4400,6
43919192980916,12:11:59.192,18.4400,94
43951867886668,12:12:31.867,18.4400,100
43991966787713,12:13:11.966,18.4350,1
43991966787713,12:13:11.966,18.4400,3
43991967103188,12:13:11.967,18.4400,1
44042867202543,12:14:02.867,18.4400,100
44055851917501,12:14:15.851,18.4200,2
44055851923965,12:14:15.851,18.4200,1
44055851924629,12:14:15.851,18.4200,1
44055851926021,12:14:15.851,18.4200,1
44058056800580,12:14:18.056,18.4200,13
44058056800580,12:14:18.056,18.4200,87
44058057255764,12:14:18.057,18.4200,313
44058057255764,12:14:18.057,18.4200,85
44058057324644,12:14:18.057,18.4200,215
44058057324644,12:14:18.057,18.4200,100
44058057324644,12:14:18.057,18.4200,9
44058057324644,12:14:18.057,18.4200,61
44060818732660,12:14:20.818,18.4100,105
44097776456869,12:14:57.776,18.4200,100
44097776456869,12:14:57.776,18.4200,4
44097776456869,12:14:57.776,18.4200,100
44112958146469,12:15:12.958,18.4200,100
44155321415607,12:15:55.321,18.4100,400
44155321415607,12:15:55.321,18.4100,300
44155321569958,12:15:55.321,18.4100,9
44155321569958,12:15:55.321,18.4100,100
44176825662774,12:16:16.825,18.4000,8
44176825662774,12:16:16.825,18.4000,200
44177926152356,12:16:17.926,18.4000,100
44284264105858,12:18:04.264,18.3950,1
44304780072168,12:18:24.780,18.4000,100
44319058080847,12:18:39.058,18.3950,99
44319058080847,12:18:39.058,18.3900,400
44319058080847,12:18:39.058,18.3900,13
44319058080847,12:18:39.058,18.3900,15
44319058080847,12:18:39.058,18.3900,1
44319058131951,12:18:39.058,18.3900,99
44319060171296,12:18:39.060,18.3900,100
44334105023563,12:18:54.105,18.3800,300
44334106024649,12:18:54.106,18.3700,1
44334106025337,12:18:54.106,18.3700,1
44334106029592,12:18:54.106,18.3700,1
44334106603868,12:18:54.106,18.3700,1
44358575697210,12:19:18.575,18.3800,100
44420839153574,12:20:20.839,18.3700,16
44420839153574,12:20:20.839,18.3700,100
44420839153574,12:20:20.839,18.3700,184
44420973002822,12:20:20.973,18.3700,16
44467661546022,12:21:07.661,18.3600,100
44495770888302,12:21:35.770,18.3700,1
44496868514124,12:21:36.868,18.3700,200
44496868554743,12:21:36.868,18.3700,200
44496868587884,12:21:36.868,18.3700,199
44496868587884,12:21:36.868,18.3700,1
44496868591286,12:21:36.868,18.3700,99
44496868591286,12:21:36.868,18.3700,100
44496868591286,12:21:36.868,18.3700,4
44496868591286,12:21:36.868,18.3700,100
44547434326149,12:22:27.434,18.3700,200
44547434326149,12:22:27.434,18.3700,18
44547434326149,12:22:27.434,18.3700,78
44547434843951,12:22:27.434,18.3700,22
44552960031335,12:22:32.960,18.3600,100
44552960031335,12:22:32.960,18.3600,203
44552960041326,12:22:32.960,18.3600,97
44592829818663,12:23:12.829,18.3600,100
44592829818663,12:23:12.829,18.3600,100
44638701927701,12:23:58.701,18.3600,200
44707969878409,12:25:07.969,18.3500,200
44707969878409,12:25:07.969,18.3500,25
44707969878409,12:25:07.969,18.3500,96
44707969903620,12:25:07.969,18.3500,78
44707969984369,12:25:07.969,18.3500,26
44707969984369,12:25:07.969,18.3500,100
44707969984369,12:25:07.969,18.3500,100
44721765742353,12:25:21.765,18.3500,100
44721765742353,12:25:21.765,18.3500,5
44721765845158,12:25:21.765,18.3500,95
44721765845158,12:25:21.765,18.3500,100
44783385857641,12:26:23.385,18.3600,100
44783385857641,12:26:23.385,18.3600,100
44825335187523,12:27:05.335,18.3600,400
44825421640112,12:27:05.421,18.3600,2
44828891984319,12:27:08.891,18.3600,100
44862506066108,12:27:42.506,18.3600,100
44863699741574,12:27:43.699,18.3700,303
44867298907715,12:27:47.298,18.3800,2
44879499599599,12:27:59.499,18.3900,165
44879499599599,12:27:59.499,18.3900,700
44879500019354,12:27:59.500,18.3900,100
44881714731052,12:28:01.714,18.3900,165
44881844889122,12:28:01.844,18.3900,100
44884260026570,12:28:04.260,18.3900,400
44891408509545,12:28:11.408,18.3900,100
44981809139858,12:29:41.809,18.3900,12
44981907462277,12:29:41.907,18.3900,112
44982018944690,12:29:42.018,18.3900,112
44982249801115,12:29:42.249,18.3900,112
44982349706245,12:29:42.349,18.3900,52
45067848688290,12:31:07.848,18.3800,300
45067848688290,12:31:07.848,18.3800,100
45067848688290,12:31:07.848,18.3800,18
45067848688290,12:31:07.848,18.3800,100
45067848688290,12:31:07.848,18.3800,100
45094400404389,12:31:34.400,18.3900,100
45134654202969,12:32:14.654,18.3900,47
45134654269943,12:32:14.654,18.3900,53
45134654269943,12:32:14.654,18.3900,200
45134654269943,12:32:14.654,18.3900,17
45134654430964,12:32:14.654,18.3900,283
45143926606242,12:32:23.926,18.3800,100
45145181392572,12:32:25.181,18.3800,100
45145181392572,12:32:25.181,18.3800,65
45145181641489,12:32:25.181,18.3800,200
45173201187782,12:32:53.201,18.3700,100
45203542091363,12:33:23.542,18.3700,100
45253470342213,12:34:13.470,18.3600,19
45283445694455,12:34:43.445,18.3600,100
45283445694455,12:34:43.445,18.3600,1
45287337835536,12:34:47.337,18.3500,100
45361441236327,12:36:01.441,18.3300,39
45442866180250,12:37:22.866,18.3300,23
45442866180250,12:37:22.866,18.3300,77
45442947224320,12:37:22.947,18.3300,23
45442947224320,12:37:22.947,18.3300,77
45442950482199,12:37:22.950,18.3300,23
45442950482199,12:37:22.950,18.3300,77
45442950633611,12:37:22.950,18.3300,100
45442950708834,12:37:22.950,18.3300,100
45461490892222,12:37:41.490,18.3300,23
45461490892222,12:37:41.490,18.3300,49
45461492370047,12:37:41.492,18.3300,51
45462747767885,12:37:42.747,18.3200,100
45462747840449,12:37:42.747,18.3200,100
45463195845257,12:37:43.195,18.3200,100
45463195845257,12:37:43.195,18.3200,2
45463195845257,12:37:43.195,18.3200,98
45463195935046,12:37:43.195,18.3200,100
45463196167657,12:37:43.196,18.3200,102
45463269026475,12:37:43.269,18.3200,23
45463269026475,12:37:43.269,18.3200,56
45486269424618,12:38:06.269,18.3300,100
45486269424618,12:38:06.269,18.3300,100
45571350404094,12:39:31.350,18.3400,100
45571350404094,12:39:31.350,18.3400,17
45571806974996,12:39:31.806,18.3500,101
45571806980590,12:39:31.806,18.3500,400
45571807064428,12:39:31.807,18.3500,100
45571807212639,12:39:31.807,18.3500,30
45571807226340,12:39:31.807,18.3500,635
45571807263019,12:39:31.807,18.3500,334
45571807263019,12:39:31.807,18.3500,66
45571807394687,12:39:31.807,18.3500,334
45571807394687,12:39:31.807,18.3500,150
45571807394687,12:39:31.807,18.3500,100
45571807394687,12:39:31.807,18.3500,27
45572207768117,12:39:32.207,18.3600,400
45603336192444,12:40:03.336,18.3700,100
45603640329211,12:40:03.640,18.3700,100
45603640329211,12:40:03.640,18.3700,100
45603640329211,12:40:03.640,18.3700,171
45603640329211,12:40:03.640,18.3700,300
45603640329211,12:40:03.640,18.3700,300
45603748039755,12:40:03.748,18.3700,21
45603748039755,12:40:03.748,18.3700,172
45603748049870,12:40:03.748,18.3700,228
45631696788635,12:40:31.696,18.3700,99
45631697016981,12:40:31.697,18.3700,1
45706079803706,12:41:46.079,18.3700,100
45706079803706,12:41:46.079,18.3700,100
45707235028338,12:41:47.235,18.3650,69
45707235037514,12:41:47.235,18.3650,31
45707235037514,12:41:47.235,18.3600,100
45707235037514,12:41:47.235,18.3600,669
45707235046282,12:41:47.235,18.3600,31
45707235046282,12:41:47.235,18.3600,22
45707235237608,12:41:47.235,18.3600,78
45707235237608,12:41:47.235,18.3600,22
45707235237608,12:41:47.235,18.3600,233
45707235247376,12:41:47.235,18.3600,583
45707235276459,12:41:47.235,18.3600,20
45707235341446,12:41:47.235,18.3600,164
45707235813811,12:41:47.235,18.3600,100
45708543676326,12:41:48.543,18.3500,100
45708545098609,12:41:48.545,18.3500,300
45708545098609,12:41:48.545,18.3500,100
45723904400682,12:42:03.904,18.3600,100
45723904400682,12:42:03.904,18.3600,100
45726149280391,12:42:06.149,18.3600,17
45726149855581,12:42:06.149,18.3600,1011
45726150094609,12:42:06.150,18.3600,789
45726150094609,12:42:06.150,18.3600,200
45726150094609,12:42:06.150,18.3600,100
45726150094609,12:42:06.150,18.3600,100
45726150094609,12:42:06.150,18.3600,200
45726150094609,12:42:06.150,18.3600,100
45726150094609,12:42:06.150,18.3600,544
45726150094609,12:42:06.150,18.3600,400
45726150094609,12:42:06.150,18.3600,165
45726150094609,12:42:06.150,18.3600,200
45726150094609,12:42:06.150,18.3600,100
45829865076609,12:43:49.865,18.3900,100
45829865076609,12:43:49.865,18.3900,100
45829865076609,12:43:49.865,18.3900,100
45829865076609,12:43:49.865,18.3900,300
45829865138217,12:43:49.865,18.3900,100
45904361127561,12:45:04.361,18.4000,100
45904361127561,12:45:04.361,18.4000,87
45904361137936,12:45:04.361,18.4000,63
45904689836216,12:45:04.689,18.4000,400
45904735403370,12:45:04.735,18.4000,100
45904735403370,12:45:04.735,18.4000,100
45953828637685,12:45:53.828,18.3900,100
45953828637685,12:45:53.828,18.3900,5
45953828637685,12:45:53.828,18.3900,100
45953828637685,12:45:53.828,18.3900,75
45959124107006,12:45:59.124,18.3900,100
45992754477919,12:46:32.754,18.3800,100
45992754477919,12:46:32.754,18.3800,15
46003510806612,12:46:43.510,18.3750,100
46005841305005,12:46:45.841,18.3700,100
46020054294548,12:47:00.054,18.3750,500
46034473866558,12:47:14.473,18.3750,100
46034473866558,12:47:14.473,18.3700,100
46034473866558,12:47:14.473,18.3700,400
46034473866558,12:47:14.473,18.3700,100
46034473866558,12:47:14.473,18.3700,200
46034473866558,12:47:14.473,18.3700,62
46034474563099,12:47:14.474,18.3750,100
46034474563099,12:47:14.474,18.3700,138
46034474563099,12:47:14.474,18.3700,62
46034474578502,12:47:14.474,18.3700,38
46034474578502,12:47:14.474,18.3700,300
46034474578502,12:47:14.474,18.3700,62
46034474761554,12:47:14.474,18.3700,38
46034474761554,12:47:14.474,18.3700,100
46034474902684,12:47:14.474,18.3700,100
46034474902684,12:47:14.474,18.3700,100
46034474902684,12:47:14.474,18.3700,100
46034474902684,12:47:14.474,18.3700,200
46034474902684,12:47:14.474,18.3700,100
46034474902684,12:47:14.474,18.3700,200
46034474902684,12:47:14.474,18.3700,100
46034474902684,12:47:14.474,18.3700,23
46034474902684,12:47:14.474,18.3700,400
46034474955669,12:47:14.474,18.3700,100
