timestamp,time,price,volume
34200344757083,09:30:00.344,0.0000,0
34200451334831,09:30:00.451,26.8800,100
34200464336085,09:30:00.464,26.8900,100
34200464427216,09:30:00.464,26.8900,100
34202037702347,09:30:02.037,26.8900,100
34202037702347,09:30:02.037,26.8900,100
34202147126855,09:30:02.147,26.9100,100
34255362941973,09:30:55.362,26.9500,100
34255368706107,09:30:55.368,26.9600,100
34255425529856,09:30:55.425,26.9600,100
34255425558949,09:30:55.425,26.9600,100
34261256594563,09:31:01.256,26.9600,100
34261999164398,09:31:01.999,26.9600,100
34264608878941,09:31:04.608,26.9400,100
34264608982575,09:31:04.608,26.9400,100
34272173936518,09:31:12.173,26.9200,100
34272202298746,09:31:12.202,26.9100,100
34272572449887,09:31:12.572,26.9100,100
34288971322447,09:31:28.971,26.9000,100
34288971322447,09:31:28.971,26.9000,100
34288971627989,09:31:28.971,26.9000,100
34288971627989,09:31:28.971,26.9000,100
34288971627989,09:31:28.971,26.9000,100
34288971627989,09:31:28.971,26.9000,100
34288986270391,09:31:28.986,26.9000,100
34288986270391,09:31:28.986,26.9000,100
34302279788310,09:31:42.279,26.8900,100
34302669090829,09:31:42.669,26.8900,100
34302669092073,09:31:42.669,26.8900,100
34304650969516,09:31:44.650,26.8600,100
34304650969516,09:31:44.650,26.8600,9
34304656873824,09:31:44.656,26.8700,100
34304678623402,09:31:44.678,26.8900,100
34304678652210,09:31:44.678,26.8900,100
34306598179258,09:31:46.598,26.8800,100
34312459637403,09:31:52.459,26.8700,200
34312494499150,09:31:52.494,26.8700,100
34320189893751,09:32:00.189,26.8900,150
34320189917882,09:32:00.189,26.8900,150
34321353316517,09:32:01.353,26.9100,100
34321444964705,09:32:01.444,26.9100,50
34321465420101,09:32:01.465,26.9100,50
34321465420101,09:32:01.465,26.9100,50
34321465472726,09:32:01.465,26.9100,50
34330079898614,09:32:10.079,26.8900,100
34330079898614,09:32:10.079,26.8900,100
34330110275190,09:32:10.110,26.8900,100
34330110275190,09:32:10.110,26.8900,100
34336963722275,09:32:16.963,26.8900,100
34339126051840,09:32:19.126,26.9100,100
34339126051840,09:32:19.126,26.9100,100
34339130190336,09:32:19.130,26.9200,100
34339130190336,09:32:19.130,26.9200,100
34339134976772,09:32:19.134,26.9200,100
34339134976772,09:32:19.134,26.9200,100
34339134976772,09:32:19.134,26.9200,100
34339134976772,09:32:19.134,26.9200,100
34339134976772,09:32:19.134,26.9200,100
34339134976772,09:32:19.134,26.9300,100
34339134976772,09:32:19.134,26.9300,100
34339134976772,09:32:19.134,26.9300,100
34339134976772,09:32:19.134,26.9300,100
34339134976772,09:32:19.134,26.9300,300
34339211877824,09:32:19.211,26.9300,100
34339211877824,09:32:19.211,26.9300,100
34339211877824,09:32:19.211,26.9300,300
34339218643513,09:32:19.218,26.9300,100
34339220745737,09:32:19.220,26.9400,74
34339220745737,09:32:19.220,26.9400,100
34339229773707,09:32:19.229,26.9500,100
34339229959574,09:32:19.229,26.9500,74
34339231034147,09:32:19.231,26.9500,100
34339231034147,09:32:19.231,26.9500,100
34339231034147,09:32:19.231,26.9500,100
34339231034147,09:32:19.231,26.9500,100
34339231034147,09:32:19.231,26.9500,100
34339238840844,09:32:19.238,26.9600,100
34339238840844,09:32:19.238,26.9600,100
34339254875995,09:32:19.254,26.9900,74
34339255771694,09:32:19.255,26.9900,100
34339257735157,09:32:19.257,26.9900,100
34339257735157,09:32:19.257,26.9900,100
34339257735157,09:32:19.257,26.9900,100
34339260499251,09:32:19.260,26.9900,100
34339260499251,09:32:19.260,26.9900,100
34339260499251,09:32:19.260,26.9900,100
34339260499251,09:32:19.260,26.9900,100
34339265635835,09:32:19.265,27.0000,100
34339266290610,09:32:19.266,27.0000,100
34339312170505,09:32:19.312,26.9900,100
34339312233895,09:32:19.312,26.9900,100
34339317118651,09:32:19.317,26.9800,100
34339317550461,09:32:19.317,26.9700,100
34339318527434,09:32:19.318,26.9700,100
34339318527434,09:32:19.318,26.9700,100
34339318527434,09:32:19.318,26.9700,100
34339318527434,09:32:19.318,26.9700,100
34339321014539,09:32:19.321,26.9700,100
34339321656036,09:32:19.321,26.9700,100
34339321706926,09:32:19.321,26.9700,100
34339321706926,09:32:19.321,26.9600,100
34339321920365,09:32:19.321,26.9500,100
34339322236098,09:32:19.322,26.9500,74
34339323152560,09:32:19.323,26.9500,100
34339323152560,09:32:19.323,26.9500,100
34339326902827,09:32:19.326,26.9500,100
34339326973170,09:32:19.326,26.9500,100
34339327571962,09:32:19.327,26.9400,74
34339328337716,09:32:19.328,26.9300,74
34339334093287,09:32:19.334,26.9300,100
34339351992216,09:32:19.351,26.9300,100
34339351992216,09:32:19.351,26.9400,100
34339351992216,09:32:19.351,26.9400,100
34339351992216,09:32:19.351,26.9500,100
34339351992216,09:32:19.351,26.9500,100
34339351992216,09:32:19.351,26.9500,100
34339351992216,09:32:19.351,26.9600,100
34339351992216,09:32:19.351,26.9600,100
34339351992216,09:32:19.351,26.9700,100
34339351992216,09:32:19.351,26.9700,100
34339351992216,09:32:19.351,26.9700,100
34339351992216,09:32:19.351,26.9700,100
34339351992216,09:32:19.351,26.9700,100
34339351992216,09:32:19.351,26.9700,555
34339351992216,09:32:19.351,26.9700,35
34339353068343,09:32:19.353,26.9500,100
34339358990998,09:32:19.358,26.9500,80
34339364618256,09:32:19.364,26.9500,100
34339425334891,09:32:19.425,26.9500,100
34339428938647,09:32:19.428,26.9600,100
34339433083650,09:32:19.433,26.9700,39
34340244986477,09:32:20.244,26.9800,100
34340245536577,09:32:20.245,26.9700,100
34340677664976,09:32:20.677,26.9500,100
34340677664976,09:32:20.677,26.9500,100
34341684492485,09:32:21.684,26.9500,100
34342641532979,09:32:22.641,26.9400,100
34352028902107,09:32:32.028,26.9200,100
34352033712167,09:32:32.033,26.9200,100
34353852580922,09:32:33.852,26.9000,100
34367649179980,09:32:47.649,26.9000,100
34367649179980,09:32:47.649,26.9000,100
34375109302044,09:32:55.109,26.9000,200
34375109486129,09:32:55.109,26.9000,100
34375109486129,09:32:55.109,26.9000,200
34375109514679,09:32:55.109,26.9000,100
34375109514679,09:32:55.109,26.9000,100
34375114112522,09:32:55.114,26.9000,100
34375114180363,09:32:55.114,26.9000,200
34375114430752,09:32:55.114,26.9000,200
34375114430752,09:32:55.114,26.9000,200
34375114882375,09:32:55.114,26.9000,100
34375114915844,09:32:55.114,26.9000,100
34375114939926,09:32:55.114,26.9000,100
34375115098797,09:32:55.115,26.9000,200
34375115098797,09:32:55.115,26.9000,100
34375115098797,09:32:55.115,26.9000,100
34375115098797,09:32:55.115,26.9000,200
34375115098797,09:32:55.115,26.9000,100
34375115098797,09:32:55.115,26.9000,100
34375459539530,09:32:55.459,26.8900,100
34377053066913,09:32:57.053,26.8900,100
34377054225872,09:32:57.054,26.8700,100
34379363215311,09:32:59.363,26.8800,100
34393197244573,09:33:13.197,26.8500,100
34393197272304,09:33:13.197,26.8500,300
34393197272778,09:33:13.197,26.8500,300
34393197285074,09:33:13.197,26.8500,200
34393197290005,09:33:13.197,26.8500,300
34393197304429,09:33:13.197,26.8500,100
34393197305856,09:33:13.197,26.8500,300
34393197325564,09:33:13.197,26.8500,300
34393197416394,09:33:13.197,26.8500,200
34393197487916,09:33:13.197,26.8500,100
34393197703598,09:33:13.197,26.8400,100
34393198386736,09:33:13.198,26.8400,100
34393198452751,09:33:13.198,26.8400,100
34393201098180,09:33:13.201,26.8400,100
34393201098180,09:33:13.201,26.8400,100
34393970183001,09:33:13.970,26.8400,100
34393970209101,09:33:13.970,26.8400,200
34393970264122,09:33:13.970,26.8400,200
34393970269329,09:33:13.970,26.8400,100
34393970385241,09:33:13.970,26.8400,200
34393970385241,09:33:13.970,26.8400,100
34393970385241,09:33:13.970,26.8400,100
34393970385241,09:33:13.970,26.8400,200
34393970385241,09:33:13.970,26.8400,100
34393970385241,09:33:13.970,26.8400,100
34393970385241,09:33:13.970,26.8400,100
34393970385241,09:33:13.970,26.8400,100
34393970385241,09:33:13.970,26.8400,100
34393970615646,09:33:13.970,26.8400,100
34393970615646,09:33:13.970,26.8400,100
34393975536782,09:33:13.975,26.8400,100
34395784914359,09:33:15.784,26.8200,100
34395787313009,09:33:15.787,26.8100,100
34395787313009,09:33:15.787,26.8100,100
34401035682922,09:33:21.035,26.8100,100
34401040743895,09:33:21.040,26.8100,300
34401043770641,09:33:21.043,26.8100,100
34401043770641,09:33:21.043,26.8100,100
34401043770641,09:33:21.043,26.8100,100
34401043770641,09:33:21.043,26.8100,100
34401043770641,09:33:21.043,26.8100,100
34401043923473,09:33:21.043,26.8100,100
34401043937425,09:33:21.043,26.8100,100
34401062758329,09:33:21.062,26.8100,100
34401062770329,09:33:21.062,26.8100,100
34401062798127,09:33:21.062,26.8100,100
34401062840242,09:33:21.062,26.8100,100
34401062840242,09:33:21.062,26.8100,300
34401062840242,09:33:21.062,26.8100,100
34401063571726,09:33:21.063,26.8000,100
34402654081212,09:33:22.654,26.7800,100
34402719673747,09:33:22.719,26.7600,100
34402719673747,09:33:22.719,26.7600,100
34402719673747,09:33:22.719,26.7600,100
34402721289074,09:33:22.721,26.7600,100
34406058291854,09:33:26.058,26.7600,100
34406058291854,09:33:26.058,26.7600,100
34406058291854,09:33:26.058,26.7600,100
34406059319840,09:33:26.059,26.7700,100
34406059319840,09:33:26.059,26.7700,100
34406059319840,09:33:26.059,26.7700,100
34406060354073,09:33:26.060,26.7800,100
34406060354073,09:33:26.060,26.7800,100
34406060365473,09:33:26.060,26.7800,100
34406060910573,09:33:26.060,26.7800,100
34406062687393,09:33:26.062,26.7800,100
34412608334988,09:33:32.608,26.7700,100
34414882861227,09:33:34.882,26.7700,200
34414882890070,09:33:34.882,26.7700,100
34414882898370,09:33:34.882,26.7700,100
34414882946335,09:33:34.882,26.7700,100
34414882949755,09:33:34.882,26.7700,100
34414882959430,09:33:34.882,26.7700,100
34414883060876,09:33:34.883,26.7700,100
34414883060876,09:33:34.883,26.7700,100
34414883060876,09:33:34.883,26.7700,100
34414883060876,09:33:34.883,26.7700,100
34414883060876,09:33:34.883,26.7700,100
34414883060876,09:33:34.883,26.7700,100
34414883060876,09:33:34.883,26.7700,100
34414883134000,09:33:34.883,26.7700,100
34414883329662,09:33:34.883,26.7700,100
34414883329662,09:33:34.883,26.7700,300
34414883368388,09:33:34.883,26.7700,100
34414883476883,09:33:34.883,26.7700,100
34414883961483,09:33:34.883,26.7700,100
34414883961483,09:33:34.883,26.7700,100
34415562065198,09:33:35.562,26.7700,100
34415781960105,09:33:35.781,26.7700,100
34416921975692,09:33:36.921,26.7500,100
34430746447100,09:33:50.746,26.7400,100
34432215532689,09:33:52.215,26.7300,100
34432732061274,09:33:52.732,26.7300,100
34432732061274,09:33:52.732,26.7300,100
34432733903367,09:33:52.733,26.7400,100
34432733903367,09:33:52.733,26.7400,100
34432735410508,09:33:52.735,26.7400,100
34432735410508,09:33:52.735,26.7400,100
34432736288239,09:33:52.736,26.7500,100
34434869512106,09:33:54.869,26.7600,400
34435958598095,09:33:55.958,26.7600,100
34435958598095,09:33:55.958,26.7600,100
34435958598095,09:33:55.958,26.7600,100
34440042863594,09:34:00.042,26.7500,100
34440042892078,09:34:00.042,26.7500,123
34440675302444,09:34:00.675,26.7500,100
34440677949804,09:34:00.677,26.7500,100
34442007587423,09:34:02.007,26.7600,100
34442009613817,09:34:02.009,26.7700,100
34442479257726,09:34:02.479,26.7700,100
34452170682059,09:34:12.170,26.7700,100
34452170682059,09:34:12.170,26.7700,100
34452170682059,09:34:12.170,26.7700,100
34454005364315,09:34:14.005,26.7700,300
34454007507839,09:34:14.007,26.7700,100
34454007507839,09:34:14.007,26.7700,100
34470514901044,09:34:30.514,26.7700,300
34470515309371,09:34:30.515,26.7700,300
34470515309371,09:34:30.515,26.7700,100
34470515432469,09:34:30.515,26.7700,195
34470516513833,09:34:30.516,26.7700,100
34470516513833,09:34:30.516,26.7700,100
34484290723472,09:34:44.290,26.7900,100
34497289652206,09:34:57.289,26.7900,200
34497289652206,09:34:57.289,26.7900,100
34497289652206,09:34:57.289,26.7900,100
34500099695306,09:35:00.099,26.7800,100
34500516736138,09:35:00.516,26.7800,100
34502236719411,09:35:02.236,26.8000,800
34502236719411,09:35:02.236,26.8000,100
34510979744863,09:35:10.979,26.7800,118
34510979744863,09:35:10.979,26.7800,100
34519650675437,09:35:19.650,26.7900,100
34519650675437,09:35:19.650,26.7900,100
34552236899437,09:35:52.236,26.7800,100
34555001385537,09:35:55.001,26.7900,100
34568809798801,09:36:08.809,26.8500,100
34575824048293,09:36:15.824,26.8400,100
34575824048293,09:36:15.824,26.8400,100
34583307994788,09:36:23.307,26.8500,100
34585481261045,09:36:25.481,26.8900,100
34589235421221,09:36:29.235,26.8800,100
34594401002831,09:36:34.401,26.8700,100
34603350446506,09:36:43.350,26.8800,72
34603350487093,09:36:43.350,26.8800,28
34603360506939,09:36:43.360,26.8700,100
34605599245107,09:36:45.599,26.8700,100
34605599245107,09:36:45.599,26.8600,100
34605599245107,09:36:45.599,26.8600,100
34605599245107,09:36:45.599,26.8600,100
34605599245107,09:36:45.599,26.8600,100
34605600484228,09:36:45.600,26.8600,100
34607665916586,09:36:47.665,26.8600,400
34611592342689,09:36:51.592,26.8600,300
34616587502179,09:36:56.587,26.8600,100
34617573773068,09:36:57.573,26.8600,100
34617573773068,09:36:57.573,26.8600,200
34620636704750,09:37:00.636,26.8600,100
34623624390907,09:37:03.624,26.8600,100
34623624390907,09:37:03.624,26.8600,100
34624899495945,09:37:04.899,26.8500,500
34631651931692,09:37:11.651,26.8600,200
34631651931692,09:37:11.651,26.8600,100
34634224452698,09:37:14.224,26.8600,100
34634228465643,09:37:14.228,26.8700,100
34646772285277,09:37:26.772,26.8600,100
34646773359075,09:37:26.773,26.8500,100
34649604793252,09:37:29.604,26.8400,100
34655123178866,09:37:35.123,26.8200,100
34655123178866,09:37:35.123,26.8200,100
34661035841418,09:37:41.035,26.8100,100
34661035841418,09:37:41.035,26.8100,100
34677818499487,09:37:57.818,26.8500,100
34681867323945,09:38:01.867,26.9000,100
34681867363056,09:38:01.867,26.9000,100
34681883647053,09:38:01.883,26.9100,100
34692021828449,09:38:12.021,26.9300,100
34692027292799,09:38:12.027,26.9200,100
34692027292799,09:38:12.027,26.9200,100
34701736205205,09:38:21.736,26.9500,100
34706541449797,09:38:26.541,26.9600,100
34706558838913,09:38:26.558,26.9700,100
34707596010481,09:38:27.596,26.9800,100
34716951096861,09:38:36.951,26.9800,100
34716956188705,09:38:36.956,26.9800,100
34718102808798,09:38:38.102,27.0000,27
34718977311176,09:38:38.977,27.0100,100
34724931123410,09:38:44.931,26.9900,800
34724931150133,09:38:44.931,26.9900,200
34724931150133,09:38:44.931,26.9900,100
34741657912127,09:39:01.657,26.9800,3
34743131044771,09:39:03.131,26.9600,100
34745169380127,09:39:05.169,26.9500,100
34748293376564,09:39:08.293,26.9700,100
34760827452313,09:39:20.827,26.9600,100
34760827452313,09:39:20.827,26.9600,100
34760827452313,09:39:20.827,26.9600,100
34760827452313,09:39:20.827,26.9600,100
34760827452313,09:39:20.827,26.9600,100
34760827452313,09:39:20.827,26.9600,100
34765869246072,09:39:25.869,26.9600,100
34773813980450,09:39:33.813,26.9600,100
34773813980450,09:39:33.813,26.9600,100
34776008728783,09:39:36.008,26.9600,100
34777074579039,09:39:37.074,26.9600,100
34777074591216,09:39:37.074,26.9600,100
34791806973647,09:39:51.806,26.9500,100
34794005641582,09:39:54.005,26.9600,100
34795297689244,09:39:55.297,26.9400,100
34795506310450,09:39:55.506,26.9300,100
34795506310450,09:39:55.506,26.9300,100
34795506310450,09:39:55.506,26.9300,100
34801492766375,09:40:01.492,26.9400,100
34809831490740,09:40:09.831,26.9200,100
34810040764938,09:40:10.040,26.9100,5
34814335350831,09:40:14.335,26.9100,200
34824227557402,09:40:24.227,26.9300,100
34833289110588,09:40:33.289,26.9200,1
34833289110588,09:40:33.289,26.9200,1
34853111769020,09:40:53.111,26.9000,10
34853157214292,09:40:53.157,26.8900,100
34861475952343,09:41:01.475,26.9000,100
34862435894050,09:41:02.435,26.8900,1
34870717074712,09:41:10.717,26.8800,100
34880118727945,09:41:20.118,26.8600,100
34880129370808,09:41:20.129,26.8600,1
34886156030129,09:41:26.156,26.8500,100
34886156438669,09:41:26.156,26.8400,100
34906179136164,09:41:46.179,26.8200,100
34906179162439,09:41:46.179,26.8200,400
34906179162439,09:41:46.179,26.8200,100
34906179162439,09:41:46.179,26.8200,100
34913302950013,09:41:53.302,26.8400,1
34913302950013,09:41:53.302,26.8400,100
34913302950013,09:41:53.302,26.8400,100
34924604280118,09:42:04.604,26.8400,100
34945028233257,09:42:25.028,26.8400,100
34945028233257,09:42:25.028,26.8400,100
34945028233257,09:42:25.028,26.8400,100
34945035732684,09:42:25.035,26.8300,100
34945046374147,09:42:25.046,26.8300,1
34945087814483,09:42:25.087,26.8300,100
34945087814483,09:42:25.087,26.8300,100
34945135586222,09:42:25.135,26.8300,50
34996409995362,09:43:16.409,26.9200,100
35011221204552,09:43:31.221,26.9200,100
35011221204552,09:43:31.221,26.9200,100
35017159797999,09:43:37.159,26.9100,3
35033620283945,09:43:53.620,26.9200,100
35039552012782,09:43:59.552,26.9300,100
35049367605639,09:44:09.367,26.9000,100
35060090632013,09:44:20.090,26.8800,100
35082229297112,09:44:42.229,26.8800,100
35121179001999,09:45:21.179,26.9500,100
35121187696115,09:45:21.187,26.9400,4
35151825040692,09:45:51.825,26.9500,100
35158226956218,09:45:58.226,26.9600,100
35183514313400,09:46:23.514,26.9300,100
35218403221879,09:46:58.403,26.9700,100
35228160503719,09:47:08.160,26.9600,6
35228160503719,09:47:08.160,26.9600,74
35243581853267,09:47:23.581,26.9500,100
35259759804489,09:47:39.759,26.9300,100
35281826821057,09:48:01.826,26.9400,50
35282893950882,09:48:02.893,26.9400,50
35287962167141,09:48:07.962,26.9100,100
35317589460235,09:48:37.589,26.9200,100
35317589460235,09:48:37.589,26.9200,100
35330639839993,09:48:50.639,26.9100,100
35333182531696,09:48:53.182,26.8900,54
35333182572110,09:48:53.182,26.8900,46
35380168054711,09:49:40.168,26.9300,3
35380168054711,09:49:40.168,26.9300,100
35397010130003,09:49:57.010,26.9300,100
35397010156523,09:49:57.010,26.9300,100
35421912059929,09:50:21.912,26.9300,100
35430451028857,09:50:30.451,26.9300,100
35467844127263,09:51:07.844,26.9200,100
35470812185281,09:51:10.812,26.9300,1
35533193864874,09:52:13.193,26.9100,100
35533817152814,09:52:13.817,26.9000,1
35558816115889,09:52:38.816,26.8900,18
35558816141305,09:52:38.816,26.8900,82
35570391463262,09:52:50.391,26.9000,100
35571277163529,09:52:51.277,26.8900,100
35571281291851,09:52:51.281,26.8900,100
35571281291851,09:52:51.281,26.8900,32
35571281291851,09:52:51.281,26.8900,100
35585744987283,09:53:05.744,26.8900,100
35592451226006,09:53:12.451,26.8900,100
35592451281874,09:53:12.451,26.9000,100
35638785692330,09:53:58.785,26.9100,100
35638785692330,09:53:58.785,26.9100,100
35638805569797,09:53:58.805,26.9100,100
35638806000663,09:53:58.806,26.9100,36
35650728209929,09:54:10.728,26.9000,100
35650728209929,09:54:10.728,26.9000,100
35660920698303,09:54:20.920,26.9000,100
35664190079734,09:54:24.190,26.8950,4
35664191281038,09:54:24.191,26.9000,100
35664202731984,09:54:24.202,26.9100,9
35664205528167,09:54:24.205,26.9100,3
35699685562693,09:54:59.685,26.9000,100
35699685562693,09:54:59.685,26.9000,100
35700993957572,09:55:00.993,26.9000,100
35700993957572,09:55:00.993,26.9000,100
35700993957572,09:55:00.993,26.9000,100
35731984269874,09:55:31.984,26.8900,100
35738047089735,09:55:38.047,26.8800,200
35740187055122,09:55:40.187,26.8800,200
35740187055122,09:55:40.187,26.8800,100
35740187055122,09:55:40.187,26.8800,100
35742763111838,09:55:42.763,26.8900,100
35742763111838,09:55:42.763,26.8900,100
35764324210627,09:56:04.324,26.8700,100
35764324210627,09:56:04.324,26.8700,100
35764324210627,09:56:04.324,26.8700,64
35764324239461,09:56:04.324,26.8700,36
35764592943714,09:56:04.592,26.8600,100
35764592943714,09:56:04.592,26.8600,1
35780343815753,09:56:20.343,26.8500,100
35797729858898,09:56:37.729,26.8500,100
35797729858898,09:56:37.729,26.8500,100
35797729858898,09:56:37.729,26.8500,100
35825821246127,09:57:05.821,26.8700,100
35831251083377,09:57:11.251,26.8900,100
35847175522449,09:57:27.175,26.8950,7
35847175522449,09:57:27.175,26.8950,5
35847175522449,09:57:27.175,26.8950,5
35847175522449,09:57:27.175,26.8950,4
35847175522449,09:57:27.175,26.8950,5
35847175522449,09:57:27.175,26.8950,7
35847175522449,09:57:27.175,26.8950,2
35847175522449,09:57:27.175,26.8950,5
35847175522449,09:57:27.175,26.8950,2
35847175522449,09:57:27.175,26.8950,2
35847175522449,09:57:27.175,26.8950,3
35847175522449,09:57:27.175,26.8950,2
35847175522449,09:57:27.175,26.8950,2
35847175522449,09:57:27.175,26.8950,3
35847175522449,09:57:27.175,26.8950,4
35847175522449,09:57:27.175,26.8950,7
35847175522449,09:57:27.175,26.8950,7
35847175522449,09:57:27.175,26.8950,2
35847175522449,09:57:27.175,26.8950,3
35847175522449,09:57:27.175,26.8950,2
35847175522449,09:57:27.175,26.8950,2
35847175522449,09:57:27.175,26.8950,7
35847175522449,09:57:27.175,26.8950,2
35847175522449,09:57:27.175,26.8950,5
35847175522449,09:57:27.175,26.8950,2
35847175522449,09:57:27.175,26.9000,3
35847175583215,09:57:27.175,26.9000,97
35852048433462,09:57:32.048,26.9050,10
35862961892923,09:57:42.961,26.9000,100
35862961892923,09:57:42.961,26.9000,75
35862961920120,09:57:42.961,26.9000,25
35862961920120,09:57:42.961,26.9000,100
35864039629268,09:57:44.039,26.8900,100
35884359799751,09:58:04.359,26.8800,52
35884359875065,09:58:04.359,26.8800,148
35894357752964,09:58:14.357,26.8700,100
35909724429460,09:58:29.724,26.8800,100
35909724429460,09:58:29.724,26.8800,100
35911829913730,09:58:31.829,26.8800,1
35928782487873,09:58:48.782,26.8800,100
35928782487873,09:58:48.782,26.8800,100
35928782487873,09:58:48.782,26.8800,100
35928782487873,09:58:48.782,26.8800,200
35928782487873,09:58:48.782,26.8800,100
35928788577203,09:58:48.788,26.8800,1
35952869828205,09:59:12.869,26.8700,100
35996146943423,09:59:56.146,26.8700,200
35996146943423,09:59:56.146,26.8700,100
35996146943423,09:59:56.146,26.8700,100
35996147028891,09:59:56.147,26.8700,100
35996147030533,09:59:56.147,26.8700,98
35996147032621,09:59:56.147,26.8700,2
35998043326282,09:59:58.043,26.8700,1000
35998049704307,09:59:58.049,26.8800,200
35998049704307,09:59:58.049,26.8800,3
35998050281743,09:59:58.050,26.8800,97
36010574668653,10:00:10.574,26.8900,100
36010785881793,10:00:10.785,26.8800,100
36010930148760,10:00:10.930,26.8700,100
36012157611803,10:00:12.157,26.8600,42
36012157611803,10:00:12.157,26.8600,58
36012157655939,10:00:12.157,26.8600,42
36012157655939,10:00:12.157,26.8600,100
36027819869381,10:00:27.819,26.8900,100
36036210076023,10:00:36.210,26.8900,92
36045071900059,10:00:45.071,26.8700,100
36045071900059,10:00:45.071,26.8700,100
36045247361648,10:00:45.247,26.8700,103
36045247371595,10:00:45.247,26.8700,100
36045247382486,10:00:45.247,26.8700,100
36045247393059,10:00:45.247,26.8700,97
36057427584233,10:00:57.427,26.8700,100
36057427584233,10:00:57.427,26.8700,100
36057427584233,10:00:57.427,26.8700,100
36066929695345,10:01:06.929,26.8700,100
36110026386201,10:01:50.026,26.8500,100
36110026386201,10:01:50.026,26.8500,50
36110026417994,10:01:50.026,26.8500,50
36110026417994,10:01:50.026,26.8500,100
36141560401785,10:02:21.560,26.8500,8
36141560401785,10:02:21.560,26.8500,100
36141578749857,10:02:21.578,26.8600,100
36159899999585,10:02:39.899,26.8500,100
36166145904394,10:02:46.145,26.8400,100
36166145904394,10:02:46.145,26.8400,100
36169753284594,10:02:49.753,26.8300,80
36169753300834,10:02:49.753,26.8300,10
36169767596157,10:02:49.767,26.8200,100
36169767596157,10:02:49.767,26.8200,100
36169767650377,10:02:49.767,26.8200,100
36169768506822,10:02:49.768,26.8300,100
36175048439034,10:02:55.048,26.8300,22
36223601495433,10:03:43.601,26.8300,200
36223601495433,10:03:43.601,26.8300,255
36223601526191,10:03:43.601,26.8300,45
36223601529226,10:03:43.601,26.8300,100
36261760154119,10:04:21.760,26.8300,100
36261760154119,10:04:21.760,26.8300,100
36261760154119,10:04:21.760,26.8300,100
36263333758587,10:04:23.333,26.8200,100
36272072868720,10:04:32.072,26.7800,10
36275809357641,10:04:35.809,26.7900,100
36275809357641,10:04:35.809,26.7900,100
36275810070427,10:04:35.810,26.7900,100
36275810093236,10:04:35.810,26.7900,100
36298621687747,10:04:58.621,26.7900,100
36300490565909,10:05:00.490,26.7900,7
36300490841413,10:05:00.490,26.7900,3
36300490847522,10:05:00.490,26.7900,2
36300490850625,10:05:00.490,26.7900,5
36300490857307,10:05:00.490,26.7900,2
36300490865856,10:05:00.490,26.7900,2
36300490881095,10:05:00.490,26.7900,2
36300490886478,10:05:00.490,26.7900,7
36300490886942,10:05:00.490,26.7900,3
36300490887405,10:05:00.490,26.7900,3
36300490893005,10:05:00.490,26.7900,4
36300490897453,10:05:00.490,26.7900,5
36300490897911,10:05:00.490,26.7900,7
36300490899892,10:05:00.490,26.7900,3
36300490905793,10:05:00.490,26.7900,4
36300490906375,10:05:00.490,26.7900,7
36300490907571,10:05:00.490,26.7900,2
36300490908954,10:05:00.490,26.7900,4
36300490911561,10:05:00.490,26.7900,4
36300490913205,10:05:00.490,26.7900,2
36300490922441,10:05:00.490,26.7900,5
36300490927824,10:05:00.490,26.7900,2
36300490929453,10:05:00.490,26.7900,5
36300490930033,10:05:00.490,26.7900,3
36300490934153,10:05:00.490,26.7900,107
36300490934153,10:05:00.490,26.7900,100
36334599243650,10:05:34.599,26.7700,100
36346555664010,10:05:46.555,26.7800,100
36366579119241,10:06:06.579,26.7800,8
36384883298118,10:06:24.883,26.7800,54
36387996267197,10:06:27.996,26.7800,100
36387996295973,10:06:27.996,26.7800,46
36388201418506,10:06:28.201,26.7900,200
36388201418506,10:06:28.201,26.7900,100
36406427091745,10:06:46.427,26.7800,100
36406427091745,10:06:46.427,26.7800,100
36407978584285,10:06:47.978,26.7700,100
36407978584285,10:06:47.978,26.7700,100
36408814431510,10:06:48.814,26.7600,100
36410404158429,10:06:50.404,26.7600,100
36459371079431,10:07:39.371,26.7700,100
36464889064218,10:07:44.889,26.7700,100
36489876515423,10:08:09.876,26.7750,9
36489876515423,10:08:09.876,26.7750,3
36489876515423,10:08:09.876,26.7750,2
36489876515423,10:08:09.876,26.7750,5
36489876515423,10:08:09.876,26.7750,2
36489876515423,10:08:09.876,26.7750,2
36489876515423,10:08:09.876,26.7750,2
36489876515423,10:08:09.876,26.7750,10
36489876515423,10:08:09.876,26.7750,4
36489876515423,10:08:09.876,26.7750,3
36489876515423,10:08:09.876,26.7750,2
36489876515423,10:08:09.876,26.7750,2
36489876515423,10:08:09.876,26.7750,3
36489876515423,10:08:09.876,26.7750,2
36489876515423,10:08:09.876,26.7750,2
36489876515423,10:08:09.876,26.7750,2
36489876515423,10:08:09.876,26.7750,3
36489876515423,10:08:09.876,26.7750,2
36489876515423,10:08:09.876,26.7800,49
36489876534326,10:08:09.876,26.7800,9
36489876667869,10:08:09.876,26.7900,100
36496312584309,10:08:16.312,26.7700,100
36522723663518,10:08:42.723,26.7700,100
36522723663518,10:08:42.723,26.7700,100
36524465507689,10:08:44.465,26.7800,191
36537459847582,10:08:57.459,26.7800,100
36579847222222,10:09:39.847,26.7700,100
36579847282726,10:09:39.847,26.7700,100
36579997464862,10:09:39.997,26.7700,100
36580275182303,10:09:40.275,26.7800,400
36580964771385,10:09:40.964,26.7800,100
36619757239367,10:10:19.757,26.7900,9
36632896649724,10:10:32.896,26.7900,100
36632896649724,10:10:32.896,26.7900,100
36632896649724,10:10:32.896,26.7900,100
36655121189146,10:10:55.121,26.8000,100
36658766244902,10:10:58.766,26.8000,100
36664833297485,10:11:04.833,26.7800,100
36690612774295,10:11:30.612,26.7700,100
36691271787752,10:11:31.271,26.7750,7
36701682625667,10:11:41.682,26.7900,100
36703075341635,10:11:43.075,26.7800,100
36726228954382,10:12:06.228,26.7900,100
36726228972242,10:12:06.228,26.7900,10
36726228972242,10:12:06.228,26.7900,100
36726229137390,10:12:06.229,26.8000,100
36726229147711,10:12:06.229,26.8000,100
36726229464930,10:12:06.229,26.8000,700
36726229464930,10:12:06.229,26.8000,100
36738093243407,10:12:18.093,26.8300,100
36742429484877,10:12:22.429,26.8300,100
36742429484877,10:12:22.429,26.8300,100
36742437994309,10:12:22.437,26.8200,100
36787291311181,10:13:07.291,26.8300,200
36811552861168,10:13:31.552,26.8500,200
36868578683070,10:14:28.578,26.8500,12
36932127911258,10:15:32.127,26.8600,100
36932127911258,10:15:32.127,26.8600,100
36984449645374,10:16:24.449,26.8500,100
37018062443973,10:16:58.062,26.8300,100
37018062854318,10:16:58.062,26.8300,92
37056014203701,10:17:36.014,26.8000,10
37080167913350,10:18:00.167,26.7900,100
37080167938373,10:18:00.167,26.7900,67
37080167938373,10:18:00.167,26.7900,100
37080167973643,10:18:00.167,26.8000,100
37091691352376,10:18:11.691,26.7800,100
37091691639486,10:18:11.691,26.7800,100
37091691651198,10:18:11.691,26.7800,100
37091691651198,10:18:11.691,26.7800,100
37091691682281,10:18:11.691,26.7800,13
37101824948614,10:18:21.824,26.7900,100
37101824948614,10:18:21.824,26.7900,13
37133785103049,10:18:53.785,26.8000,100
37133787845286,10:18:53.787,26.8000,100
37133787876374,10:18:53.787,26.8000,100
37133787876374,10:18:53.787,26.8000,108
37133804617583,10:18:53.804,26.8000,47
37222028196272,10:20:22.028,26.8200,13
37264315035950,10:21:04.315,26.8300,100
37264315035950,10:21:04.315,26.8300,100
37264315035950,10:21:04.315,26.8300,100
37264315035950,10:21:04.315,26.8300,100
37264315035950,10:21:04.315,26.8300,2
37264315035950,10:21:04.315,26.8300,100
37264315035950,10:21:04.315,26.8300,100
37266770491782,10:21:06.770,26.8200,100
37266770491782,10:21:06.770,26.8200,89
37266770529210,10:21:06.770,26.8200,11
37311195068395,10:21:51.195,26.8300,300
37311195068395,10:21:51.195,26.8300,200
37311195068395,10:21:51.195,26.8300,100
37311218415439,10:21:51.218,26.8400,100
37311218415439,10:21:51.218,26.8400,53
37314944310996,10:21:54.944,26.8500,45
37314944340547,10:21:54.944,26.8500,55
37314944340547,10:21:54.944,26.8500,100
37314944340547,10:21:54.944,26.8500,100
37326462998686,10:22:06.462,26.8500,12
37362168704327,10:22:42.168,26.8600,100
37362174799820,10:22:42.174,26.8500,100
37362174799820,10:22:42.174,26.8500,100
37399761597791,10:23:19.761,26.8400,200
37444089291038,10:24:04.089,26.8400,98
37444211464440,10:24:04.211,26.8400,1
37463032742753,10:24:23.032,26.8300,100
37468584147612,10:24:28.584,26.8200,100
37476278884193,10:24:36.278,26.8200,100
37478040296054,10:24:38.040,26.8300,13
37480726655335,10:24:40.726,26.8300,100
37482279600885,10:24:42.279,26.8300,100
37482279600885,10:24:42.279,26.8300,100
37493311120276,10:24:53.311,26.8200,2
37537110632987,10:25:37.110,26.8300,100
37537110632987,10:25:37.110,26.8300,100
37537110632987,10:25:37.110,26.8300,100
37537110632987,10:25:37.110,26.8300,200
37537110632987,10:25:37.110,26.8300,100
37537110632987,10:25:37.110,26.8300,200
37555570338864,10:25:55.570,26.8500,100
37569133589810,10:26:09.133,26.8600,100
37569133631043,10:26:09.133,26.8600,100
37569133662607,10:26:09.133,26.8600,200
37570652685051,10:26:10.652,26.8500,100
37570652685051,10:26:10.652,26.8500,100
37570652685051,10:26:10.652,26.8500,67
37654077877395,10:27:34.077,26.8350,3
37654077877395,10:27:34.077,26.8400,12
37654077877395,10:27:34.077,26.8400,85
37654077928164,10:27:34.077,26.8400,15
37654077928164,10:27:34.077,26.8400,200
37660304669966,10:27:40.304,26.8400,32
37675955445540,10:27:55.955,26.8400,100
37724300352317,10:28:44.300,26.8400,100
37777373130934,10:29:37.373,26.8400,12
37777373130934,10:29:37.373,26.8400,88
37777375426968,10:29:37.375,26.8400,112
37791471139543,10:29:51.471,26.8400,100
37791471139543,10:29:51.471,26.8400,100
37800069146202,10:30:00.069,26.8500,100
37800069146202,10:30:00.069,26.8600,200
37800069146202,10:30:00.069,26.8600,100
37800069612618,10:30:00.069,26.8400,100
37800069626915,10:30:00.069,26.8400,200
37800076303526,10:30:00.076,26.8700,100
37800082023497,10:30:00.082,26.8800,300
37800082023497,10:30:00.082,26.8800,74
37800082563180,10:30:00.082,26.8800,100
37800082606890,10:30:00.082,26.8800,2
37800084039309,10:30:00.084,26.8800,60
37800084039309,10:30:00.084,26.8800,40
37800087299450,10:30:00.087,26.8800,60
37800093120346,10:30:00.093,26.8700,20
37800097126356,10:30:00.097,26.8700,80
37800098005549,10:30:00.098,26.8700,100
37800098260358,10:30:00.098,26.8700,100
37800098287366,10:30:00.098,26.8700,67
37800098332298,10:30:00.098,26.8700,33
37800525817901,10:30:00.525,26.8800,100
37808094486802,10:30:08.094,26.9000,100
37808094486802,10:30:08.094,26.9000,10
37816144206937,10:30:16.144,26.9200,100
37817317209604,10:30:17.317,26.9100,100
37817317209604,10:30:17.317,26.9100,100
37824261480075,10:30:24.261,26.9000,3
37824261480075,10:30:24.261,26.9000,97
37824261521594,10:30:24.261,26.9000,3
37824261521594,10:30:24.261,26.9000,100
37824261632084,10:30:24.261,26.9000,100
37832414471164,10:30:32.414,26.9000,27
37834712740793,10:30:34.712,26.9100,100
37856709840720,10:30:56.709,26.9600,100
37874341497398,10:31:14.341,26.9500,100
37874341497398,10:31:14.341,26.9500,100
37874341497398,10:31:14.341,26.9500,100
37881749257254,10:31:21.749,26.9400,100
37883152048778,10:31:23.152,26.9400,100
37886081447482,10:31:26.081,26.9400,76
37887021703851,10:31:27.021,26.9400,24
37887021703851,10:31:27.021,26.9400,1
37940456487394,10:32:20.456,26.9400,100
37948379320173,10:32:28.379,26.9400,11
37982592625519,10:33:02.592,26.9600,500
37982592625519,10:33:02.592,26.9600,100
37982601591124,10:33:02.601,26.9800,100
37984170428719,10:33:04.170,26.9700,100
37988110843450,10:33:08.110,26.9600,100
37988110843450,10:33:08.110,26.9600,100
37988110843450,10:33:08.110,26.9600,100
37993004690480,10:33:13.004,26.9700,100
37993004711335,10:33:13.004,26.9700,300
37993004736774,10:33:13.004,26.9700,300
37993004751085,10:33:13.004,26.9700,100
37993004751085,10:33:13.004,26.9700,11
37993004764825,10:33:13.004,26.9700,189
37993004802445,10:33:13.004,26.9800,100
37993004862761,10:33:13.004,26.9800,100
37993004900683,10:33:13.004,26.9800,100
37993004900683,10:33:13.004,26.9800,100
37993005212107,10:33:13.005,26.9800,100
38007265086608,10:33:27.265,26.9800,100
38007265086608,10:33:27.265,26.9800,100
38007265086608,10:33:27.265,26.9800,100
38007265086608,10:33:27.265,26.9800,100
38007265086608,10:33:27.265,26.9800,100
38007271935111,10:33:27.271,26.9700,400
38007271935111,10:33:27.271,26.9700,100
38007271940272,10:33:27.271,26.9700,200
38007728209709,10:33:27.728,26.9600,100
38007728209709,10:33:27.728,26.9600,100
38007728209709,10:33:27.728,26.9600,100
38007728209709,10:33:27.728,26.9600,100
38007728209709,10:33:27.728,26.9600,100
38007728209709,10:33:27.728,26.9600,100
38008208221060,10:33:28.208,26.9600,100
38008738011294,10:33:28.738,26.9500,100
38008738011294,10:33:28.738,26.9500,100
38010244971469,10:33:30.244,26.9500,100
38010747117389,10:33:30.747,26.9500,100
38010750654532,10:33:30.750,26.9500,100
38010880221411,10:33:30.880,26.9500,100
38010880221411,10:33:30.880,26.9500,100
38011266125727,10:33:31.266,26.9500,100
38011266125727,10:33:31.266,26.9500,100
38011780803307,10:33:31.780,26.9500,100
38011780803307,10:33:31.780,26.9500,100
38011780803307,10:33:31.780,26.9500,100
38011780803307,10:33:31.780,26.9500,100
38012275839891,10:33:32.275,26.9500,100
38017039892560,10:33:37.039,26.9400,100
38017039892560,10:33:37.039,26.9400,100
38023573632029,10:33:43.573,26.9500,150
38023573660959,10:33:43.573,26.9500,50
38024379724050,10:33:44.379,26.9500,100
38024379727296,10:33:44.379,26.9500,100
38029405251852,10:33:49.405,26.9500,100
38030655350533,10:33:50.655,26.9500,100
38030655350533,10:33:50.655,26.9500,100
38030655350533,10:33:50.655,26.9500,100
38045591502598,10:34:05.591,26.9500,100
38045591502598,10:34:05.591,26.9500,8
38047872327347,10:34:07.872,26.9550,11
38047872327347,10:34:07.872,26.9550,3
38047872327347,10:34:07.872,26.9600,586
38047872328249,10:34:07.872,26.9600,14
38047872802307,10:34:07.872,26.9700,100
38047872834015,10:34:07.872,26.9700,100
38047872856192,10:34:07.872,26.9700,100
38047873737522,10:34:07.873,26.9700,100
38047873737522,10:34:07.873,26.9700,100
38047873737522,10:34:07.873,26.9700,8
38047873825808,10:34:07.873,26.9700,46
38047873825808,10:34:07.873,26.9700,100
38047873825808,10:34:07.873,26.9700,100
38054924159569,10:34:14.924,26.9650,2
38054924159569,10:34:14.924,26.9650,2
38054924159569,10:34:14.924,26.9650,3
38054924159569,10:34:14.924,26.9650,4
38054924159569,10:34:14.924,26.9650,7
38054924159569,10:34:14.924,26.9650,5
38054924159569,10:34:14.924,26.9650,2
38059946721265,10:34:19.946,26.9800,100
38059946721265,10:34:19.946,26.9800,100
38059946721265,10:34:19.946,26.9800,100
38062755323192,10:34:22.755,26.9700,85
38062755323192,10:34:22.755,26.9700,100
38074658616018,10:34:34.658,26.9900,100
38077293741351,10:34:37.293,26.9700,26
38096614739060,10:34:56.614,26.9900,100
38096614739060,10:34:56.614,26.9900,29
38096614771308,10:34:56.614,26.9900,71
38120424025403,10:35:20.424,27.0000,100
38120947401837,10:35:20.947,27.0000,100
38120947401837,10:35:20.947,27.0000,100
38120947401837,10:35:20.947,27.0000,100
38124907207268,10:35:24.907,27.0100,100
38124913433495,10:35:24.913,27.0000,80
38124916038733,10:35:24.916,27.0000,100
38125723502144,10:35:25.723,27.0000,48
38125723502144,10:35:25.723,27.0000,100
38125741902085,10:35:25.741,27.0000,100
38125741902085,10:35:25.741,27.0000,53
38125741902085,10:35:25.741,27.0000,100
38125741902085,10:35:25.741,27.0000,47
38125741923828,10:35:25.741,27.0000,53
38126744246006,10:35:26.744,27.0000,200
38133149412223,10:35:33.149,27.0000,100
38134754315130,10:35:34.754,27.0000,200
38134754315130,10:35:34.754,27.0000,100
38134754315130,10:35:34.754,27.0000,100
38135357945135,10:35:35.357,27.0000,100
38135357945135,10:35:35.357,27.0000,100
38135357945135,10:35:35.357,27.0000,200
38135357945135,10:35:35.357,27.0000,100
38135357945135,10:35:35.357,27.0000,100
38137670085625,10:35:37.670,27.0000,100
38138389931175,10:35:38.389,27.0050,20
38138389931175,10:35:38.389,27.0100,100
38138389931175,10:35:38.389,27.0100,100
38138389931175,10:35:38.389,27.0100,600
38138389931175,10:35:38.389,27.0100,100
38138389931175,10:35:38.389,27.0100,200
38139681147185,10:35:39.681,27.0000,100
38139681147185,10:35:39.681,27.0000,100
38144857627023,10:35:44.857,27.0100,100
38145702891391,10:35:45.702,27.0000,100
38145702891391,10:35:45.702,27.0000,100
38146676318709,10:35:46.676,27.0000,100
38146676318709,10:35:46.676,27.0000,100
38146676379559,10:35:46.676,27.0000,67
38160831228027,10:36:00.831,26.9800,2
38160850638794,10:36:00.850,26.9800,3
38160851014304,10:36:00.851,26.9800,4
38160851112982,10:36:00.851,26.9800,7
38160851184208,10:36:00.851,26.9800,2
38160851253826,10:36:00.851,26.9800,2
38160851254617,10:36:00.851,26.9800,3
38160851306609,10:36:00.851,26.9800,2
38160851675442,10:36:00.851,26.9800,3
38160851731522,10:36:00.851,26.9800,2
38160851966091,10:36:00.851,26.9800,2
38174218705134,10:36:14.218,26.9900,200
38174218705134,10:36:14.218,26.9900,200
38174218705134,10:36:14.218,26.9900,100
38174218705134,10:36:14.218,26.9900,10
38211657334096,10:36:51.657,27.0000,100
38211657401061,10:36:51.657,27.0000,100
38211657428227,10:36:51.657,27.0000,500
38222015383295,10:37:02.015,27.0000,76
38222041861771,10:37:02.041,27.0000,200
38223052854513,10:37:03.052,27.0000,124
38223837179382,10:37:03.837,27.0000,49
38239503344329,10:37:19.503,26.9900,100
38258087348693,10:37:38.087,26.9700,100
38263214847672,10:37:43.214,26.9600,25
38263214890353,10:37:43.214,26.9600,275
38275332032143,10:37:55.332,26.9450,100
38282625641161,10:38:02.625,26.9500,100
38282625941051,10:38:02.625,26.9500,100
38282625941051,10:38:02.625,26.9500,100
38282677042406,10:38:02.677,26.9500,100
38287688929446,10:38:07.688,26.9600,100
38287688929446,10:38:07.688,26.9600,11
38301145610061,10:38:21.145,26.9700,100
38319338191556,10:38:39.338,26.9700,200
38319338191556,10:38:39.338,26.9700,100
38319338191556,10:38:39.338,26.9700,100
38320538274095,10:38:40.538,26.9700,100
38321622621506,10:38:41.622,26.9700,7
38321622650697,10:38:41.622,26.9700,93
38321622650697,10:38:41.622,26.9700,100
38340545644862,10:39:00.545,26.9600,300
38340545991828,10:39:00.545,26.9600,39
38340545991828,10:39:00.545,26.9600,100
38341376794164,10:39:01.376,26.9600,100
38341376794164,10:39:01.376,26.9600,100
38341376794164,10:39:01.376,26.9600,200
38341376794164,10:39:01.376,26.9600,100
38341376794164,10:39:01.376,26.9600,100
38341376794164,10:39:01.376,26.9600,200
38341376902231,10:39:01.376,26.9600,200
38341377352499,10:39:01.377,26.9600,50
38341377988609,10:39:01.377,26.9600,100
38341377988609,10:39:01.377,26.9600,100
38341386259863,10:39:01.386,26.9600,100
38341388323150,10:39:01.388,26.9600,200
38341388323150,10:39:01.388,26.9600,627
38341388540206,10:39:01.388,26.9600,100
38341487157765,10:39:01.487,26.9600,100
38341487157765,10:39:01.487,26.9600,59
38341487157765,10:39:01.487,26.9600,100
38341996452969,10:39:01.996,26.9600,100
38341997350887,10:39:01.997,26.9600,100
38341997350887,10:39:01.997,26.9600,200
38342244334530,10:39:02.244,26.9700,100
38342244334530,10:39:02.244,26.9700,100
38342306702111,10:39:02.306,26.9700,100
38343410482250,10:39:03.410,26.9700,100
38343980615872,10:39:03.980,26.9700,100
38343980615872,10:39:03.980,26.9700,100
38345482794405,10:39:05.482,26.9600,50
38347014724917,10:39:07.014,26.9600,100
38347014724917,10:39:07.014,26.9600,25
38347176114674,10:39:07.176,26.9600,100
38347187435981,10:39:07.187,26.9500,100
38347187435981,10:39:07.187,26.9500,100
38358141377282,10:39:18.141,26.9400,100
38358141790465,10:39:18.141,26.9400,125
38358141839806,10:39:18.141,26.9400,75
38367400390934,10:39:27.400,26.9300,100
38378099098116,10:39:38.099,26.9400,100
38397133270418,10:39:57.133,26.9500,100
38397133270418,10:39:57.133,26.9500,100
38397133345826,10:39:57.133,26.9500,100
38398122274419,10:39:58.122,26.9500,100
38398124163246,10:39:58.124,26.9500,100
38498407236195,10:41:38.407,26.9250,11
38498407236195,10:41:38.407,26.9250,1
38498407556761,10:41:38.407,26.9250,6
38498407556761,10:41:38.407,26.9250,5
38498407556761,10:41:38.407,26.9250,1
38498407560886,10:41:38.407,26.9250,6
38498407560886,10:41:38.407,26.9250,6
38498407609871,10:41:38.407,26.9250,1
38498407609871,10:41:38.407,26.9250,7
38498407609871,10:41:38.407,26.9300,4
38498407638851,10:41:38.407,26.9300,8
38539365546514,10:42:19.365,26.9300,100
38539365546514,10:42:19.365,26.9300,100
38539366377109,10:42:19.366,26.9300,100
38550690909999,10:42:30.690,26.9200,100
38550690909999,10:42:30.690,26.9200,12
38550690909999,10:42:30.690,26.9200,100
38550690982455,10:42:30.690,26.9200,107
38550699967938,10:42:30.699,26.9200,93
38561894013782,10:42:41.894,26.9300,2
38561894101562,10:42:41.894,26.9300,98
38580372262901,10:43:00.372,26.9300,371
38580377239173,10:43:00.377,26.9300,29
38580377239173,10:43:00.377,26.9300,71
38580377290601,10:43:00.377,26.9300,29
38581940584268,10:43:01.940,26.9300,29
38581940584268,10:43:01.940,26.9300,100
38581940584268,10:43:01.940,26.9300,400
38586626389778,10:43:06.626,26.9400,100
38592489904502,10:43:12.489,26.9400,100
38592489904502,10:43:12.489,26.9400,100
38592489904502,10:43:12.489,26.9400,100
38592489904502,10:43:12.489,26.9400,100
38592501319835,10:43:12.501,26.9300,400
38592501387440,10:43:12.501,26.9300,100
38592501711249,10:43:12.501,26.9300,100
38592501748441,10:43:12.501,26.9300,100
38609889095495,10:43:29.889,26.9100,100
38609889095495,10:43:29.889,26.9100,95
38609889095495,10:43:29.889,26.9100,100
38609889095495,10:43:29.889,26.9100,100
38611540964539,10:43:31.540,26.9100,20
38611540990103,10:43:31.540,26.9100,80
38611540990103,10:43:31.540,26.9100,100
38611548162783,10:43:31.548,26.9100,500
38635588009985,10:43:55.588,26.9200,200
38635588331601,10:43:55.588,26.9300,100
38635588331601,10:43:55.588,26.9300,100
38635588775417,10:43:55.588,26.9300,100
38645115384569,10:44:05.115,26.9500,100
38645115384569,10:44:05.115,26.9500,100
38645115384569,10:44:05.115,26.9500,100
38645115414649,10:44:05.115,26.9500,13
38693331761420,10:44:53.331,26.9800,100
38698834601069,10:44:58.834,26.9800,3
38736662179499,10:45:36.662,26.9600,100
38736662179499,10:45:36.662,26.9600,22
38743739821764,10:45:43.739,26.9700,100
38754107057133,10:45:54.107,26.9700,100
38754107057133,10:45:54.107,26.9700,100
38754107057133,10:45:54.107,26.9700,100
38754123387057,10:45:54.123,26.9600,100
38754123387057,10:45:54.123,26.9600,100
38755049511276,10:45:55.049,26.9500,200
38757175745331,10:45:57.175,26.9500,5
38757175745331,10:45:57.175,26.9500,95
38758135216695,10:45:58.135,26.9500,5
38773517276952,10:46:13.517,26.9500,100
38773517276952,10:46:13.517,26.9500,12
38773517276952,10:46:13.517,26.9500,7
38773517930666,10:46:13.517,26.9500,93
38773517930666,10:46:13.517,26.9500,100
38773518048909,10:46:13.518,26.9500,100
38778062326488,10:46:18.062,26.9500,5
38790576859905,10:46:30.576,26.9500,100
38824254423187,10:47:04.254,26.9600,100
38825289838986,10:47:05.289,26.9600,100
38838171754428,10:47:18.171,26.9500,50
38847231756859,10:47:27.231,26.9500,100
38847231756859,10:47:27.231,26.9500,100
38847231756859,10:47:27.231,26.9500,100
38847378003037,10:47:27.378,26.9500,400
38848923039632,10:47:28.923,26.9400,96
38850422089294,10:47:30.422,26.9400,4
38850422089294,10:47:30.422,26.9400,100
38904090929301,10:48:24.090,26.9300,100
38904093272446,10:48:24.093,26.9200,100
38904093272446,10:48:24.093,26.9200,100
38904093272446,10:48:24.093,26.9200,100
38938353251815,10:48:58.353,26.9100,100
38938353251815,10:48:58.353,26.9100,100
38944966195302,10:49:04.966,26.9000,3
38948851835524,10:49:08.851,26.8900,1
38962526976584,10:49:22.526,26.8900,100
38962526976584,10:49:22.526,26.8900,100
38962526985083,10:49:22.526,26.8900,100
38962527012731,10:49:22.527,26.8900,100
38962527031322,10:49:22.527,26.8900,134
38962528459146,10:49:22.528,26.8900,66
38970705196872,10:49:30.705,26.9000,100
38970705230598,10:49:30.705,26.9000,13
38982117166542,10:49:42.117,26.9000,100
38982117390919,10:49:42.117,26.9000,100
38988145983693,10:49:48.145,26.8900,67
38998052645472,10:49:58.052,26.8850,7
38998052645472,10:49:58.052,26.8850,2
38998052645472,10:49:58.052,26.8900,24
38998052677238,10:49:58.052,26.8900,9
39012737057932,10:50:12.737,26.8900,50
39040693425823,10:50:40.693,26.8700,100
39045819869368,10:50:45.819,26.8700,13
39058206655760,10:50:58.206,26.8700,100
39058206655760,10:50:58.206,26.8700,400
39064199211396,10:51:04.199,26.8800,200
39076884065623,10:51:16.884,26.8850,3
39076884065623,10:51:16.884,26.8900,97
39076884113028,10:51:16.884,26.8900,3
39094229527590,10:51:34.229,26.9000,9
39094229529352,10:51:34.229,26.9000,2
39094229531353,10:51:34.229,26.9000,5
39094229532893,10:51:34.229,26.9000,5
39094229536228,10:51:34.229,26.9000,7
39094229539435,10:51:34.229,26.9000,7
39127977066505,10:52:07.977,26.9200,13
39129784412087,10:52:09.784,26.9200,100
39129784439226,10:52:09.784,26.9200,100
39161109549074,10:52:41.109,26.9300,41
39161109597157,10:52:41.109,26.9300,59
39161109597157,10:52:41.109,26.9300,100
39167399776717,10:52:47.399,26.9300,46
39181667410186,10:53:01.667,26.9100,4
39181667413678,10:53:01.667,26.9100,5
39181667414154,10:53:01.667,26.9100,5
39181667415771,10:53:01.667,26.9100,7
39181667417657,10:53:01.667,26.9100,9
39181667419167,10:53:01.667,26.9100,2
39181667419695,10:53:01.667,26.9100,5
39181667424294,10:53:01.667,26.9100,2
39181667424935,10:53:01.667,26.9100,2
39245075814084,10:54:05.075,26.9100,13
39271799004201,10:54:31.799,26.9300,124
39271799004201,10:54:31.799,26.9300,100
39271799004201,10:54:31.799,26.9300,100
39305966704124,10:55:05.966,26.9400,100
39305966704124,10:55:05.966,26.9400,100
39305971105116,10:55:05.971,26.9300,200
39305971105116,10:55:05.971,26.9300,100
39305971105116,10:55:05.971,26.9300,100
39305971105116,10:55:05.971,26.9300,100
39305971105116,10:55:05.971,26.9300,100
39305971338098,10:55:05.971,26.9300,200
39305971338098,10:55:05.971,26.9300,100
39305971338098,10:55:05.971,26.9300,100
39305975790935,10:55:05.975,26.9200,100
39305975790935,10:55:05.975,26.9200,100
39305975790935,10:55:05.975,26.9200,100
39305975790935,10:55:05.975,26.9200,100
39305975790935,10:55:05.975,26.9200,100
39305980473334,10:55:05.980,26.9100,65
39305980473334,10:55:05.980,26.9100,100
39305980473334,10:55:05.980,26.9100,100
39305980473334,10:55:05.980,26.9100,100
39305980473334,10:55:05.980,26.9100,100
39305980473334,10:55:05.980,26.9100,200
39306013835391,10:55:06.013,26.9200,100
39306013835391,10:55:06.013,26.9200,100
39306014005317,10:55:06.014,26.9200,100
39311264808666,10:55:11.264,26.9200,100
39311264808666,10:55:11.264,26.9200,100
39311264808666,10:55:11.264,26.9200,200
39311264808666,10:55:11.264,26.9200,100
39311264808666,10:55:11.264,26.9200,100
39311269439804,10:55:11.269,26.9100,100
39311269439804,10:55:11.269,26.9100,100
39311269439804,10:55:11.269,26.9100,100
39311274551141,10:55:11.274,26.9000,100
39311274551141,10:55:11.274,26.9000,100
39311274551141,10:55:11.274,26.9000,100
39311274551141,10:55:11.274,26.9000,100
39311274551141,10:55:11.274,26.9000,100
39311274551141,10:55:11.274,26.9000,100
39311277398512,10:55:11.277,26.9000,100
39311277398512,10:55:11.277,26.9000,100
39311282544754,10:55:11.282,26.9000,100
39311282544754,10:55:11.282,26.9000,100
39311282898142,10:55:11.282,26.9000,100
39311283947922,10:55:11.283,26.9000,100
39313297735244,10:55:13.297,26.9000,100
39313297738289,10:55:13.297,26.9000,100
39313336950865,10:55:13.336,26.9000,40
39313347481651,10:55:13.347,26.9000,20
39336044401592,10:55:36.044,26.9100,400
39336044401592,10:55:36.044,26.9100,64
39336044401592,10:55:36.044,26.9100,100
39336044401592,10:55:36.044,26.9100,100
39336044401592,10:55:36.044,26.9100,100
39336044401592,10:55:36.044,26.9100,100
39353095464815,10:55:53.095,26.9100,300
39353095464815,10:55:53.095,26.9100,200
39353145930074,10:55:53.145,26.9200,100
39353145930074,10:55:53.145,26.9200,100
39353772209942,10:55:53.772,26.9200,116
39363562225899,10:56:03.562,26.9200,11
39407668504719,10:56:47.668,26.9600,100
39443850792510,10:57:23.850,26.9600,36
39443850792510,10:57:23.850,26.9600,100
39466520712419,10:57:46.520,26.9500,100
39466520712419,10:57:46.520,26.9500,50
39466520761211,10:57:46.520,26.9500,50
39484843024045,10:58:04.843,26.9400,500
39484843024045,10:58:04.843,26.9400,100
39484843024045,10:58:04.843,26.9400,12
39518229721510,10:58:38.229,26.9500,100
39518229765500,10:58:38.229,26.9500,100
39520622313707,10:58:40.622,26.9500,100
39526442025222,10:58:46.442,26.9500,72
39526442064497,10:58:46.442,26.9500,112
39537097989985,10:58:57.097,26.9600,100
39537098022756,10:58:57.098,26.9600,100
39554867981709,10:59:14.867,26.9600,75
39600211759406,11:00:00.211,26.9550,2
39600211759406,11:00:00.211,26.9550,9
39600211759406,11:00:00.211,26.9600,300
39600211759406,11:00:00.211,26.9600,189
39600211803979,11:00:00.211,26.9600,11
39617177617227,11:00:17.177,26.9800,12
39617177617227,11:00:17.177,26.9800,100
39632343588004,11:00:32.343,27.0000,1
39633346186976,11:00:33.346,27.0000,99
39633346186976,11:00:33.346,27.0000,100
39633346186976,11:00:33.346,27.0000,500
39633346186976,11:00:33.346,27.0000,700
39633346186976,11:00:33.346,27.0000,100
39633346186976,11:00:33.346,27.0000,200
39633346591741,11:00:33.346,27.0000,200
39633346591741,11:00:33.346,27.0000,100
39633346591741,11:00:33.346,27.0000,100
39633600862502,11:00:33.600,27.0100,800
39633600862502,11:00:33.600,27.0100,100
39633600862502,11:00:33.600,27.0100,600
39633602392953,11:00:33.602,27.0100,100
39633606565674,11:00:33.606,27.0200,100
39633609328845,11:00:33.609,27.0200,100
39633609703358,11:00:33.609,27.0200,100
39633609703358,11:00:33.609,27.0200,49
39633609733646,11:00:33.609,27.0200,51
39633609742211,11:00:33.609,27.0200,49
39633609812162,11:00:33.609,27.0300,100
39634432808586,11:00:34.432,27.0100,100
39634432808586,11:00:34.432,27.0100,300
39634456019656,11:00:34.456,27.0000,100
39634456019656,11:00:34.456,27.0000,100
39634497900974,11:00:34.497,27.0000,100
39634497900974,11:00:34.497,27.0000,70
39636389801171,11:00:36.389,27.0100,100
39636403663715,11:00:36.403,27.0000,100
39636403663715,11:00:36.403,27.0000,7
39636403663715,11:00:36.403,27.0000,100
39636403663715,11:00:36.403,27.0000,100
39636444221271,11:00:36.444,27.0000,63
39637018535266,11:00:37.018,27.0100,100
39638369956065,11:00:38.369,27.0100,100
39638383129723,11:00:38.383,27.0000,100
39638480471949,11:00:38.480,27.0100,100
39638480471949,11:00:38.480,27.0100,100
39638480471949,11:00:38.480,27.0100,100
39639401607139,11:00:39.401,27.0000,100
39639401607139,11:00:39.401,27.0000,200
39639401607139,11:00:39.401,27.0000,100
39639401607139,11:00:39.401,27.0000,100
39639401673257,11:00:39.401,27.0000,100
39640400096096,11:00:40.400,27.0100,100
39640422442969,11:00:40.422,27.0000,100
39642871832122,11:00:42.871,27.0000,100
39649730191424,11:00:49.730,27.0100,200
39649730191424,11:00:49.730,27.0100,100
39650234036707,11:00:50.234,27.0100,100
39650234070994,11:00:50.234,27.0100,100
39650234070994,11:00:50.234,27.0100,100
39650234070994,11:00:50.234,27.0100,100
39650234442051,11:00:50.234,27.0100,100
39650234442051,11:00:50.234,27.0100,100
39650234442051,11:00:50.234,27.0100,100
39650234442051,11:00:50.234,27.0100,200
39650822713672,11:00:50.822,27.0200,100
39663465106928,11:01:03.465,27.0200,100
39663536077187,11:01:03.536,27.0300,100
39666646241520,11:01:06.646,27.0300,100
39668322752449,11:01:08.322,27.0250,7
39668322752449,11:01:08.322,27.0250,7
39668322752449,11:01:08.322,27.0250,2
39668322752449,11:01:08.322,27.0250,5
39668322752449,11:01:08.322,27.0250,7
39668322752449,11:01:08.322,27.0300,72
39668323000116,11:01:08.323,27.0300,100
39669111551857,11:01:09.111,27.0200,100
39669111551857,11:01:09.111,27.0200,100
39669111551857,11:01:09.111,27.0200,200
39669111551857,11:01:09.111,27.0200,100
39669111551857,11:01:09.111,27.0200,100
39669111716785,11:01:09.111,27.0200,200
39669111716785,11:01:09.111,27.0200,200
39669117108116,11:01:09.117,27.0100,100
39669117108116,11:01:09.117,27.0100,100
39669117108116,11:01:09.117,27.0100,300
39669117108116,11:01:09.117,27.0100,100
39669123706941,11:01:09.123,27.0000,100
39669123706941,11:01:09.123,27.0000,100
39669144792604,11:01:09.144,27.0000,100
39669144834091,11:01:09.144,27.0000,16
39669145689256,11:01:09.145,27.0000,84
39669145689256,11:01:09.145,27.0000,100
39669146281891,11:01:09.146,27.0000,68
39669154717642,11:01:09.154,27.0000,100
39669164929153,11:01:09.164,27.0000,100
39669174404330,11:01:09.174,27.0000,100
39669352091920,11:01:09.352,27.0000,100
39669674620091,11:01:09.674,27.0000,700
39669711300956,11:01:09.711,27.0000,100
39669711537166,11:01:09.711,27.0000,100
39669711541868,11:01:09.711,27.0000,100
39669711563176,11:01:09.711,27.0000,100
39669711564718,11:01:09.711,27.0000,100
39669713043694,11:01:09.713,27.0000,100
39669713587513,11:01:09.713,27.0000,100
39669713608939,11:01:09.713,27.0000,100
39669713610403,11:01:09.713,27.0000,100
39669713610920,11:01:09.713,27.0000,70
39669713695715,11:01:09.713,27.0000,200
39669713764042,11:01:09.713,27.0000,200
39669713802713,11:01:09.713,27.0000,40
39669728821388,11:01:09.728,27.0000,100
39669728828143,11:01:09.728,27.0000,67
39669728833726,11:01:09.728,27.0000,100
39669746303721,11:01:09.746,27.0000,64
39670133137862,11:01:10.133,27.0000,22
39670133189107,11:01:10.133,27.0000,100
39670133195997,11:01:10.133,27.0000,64
39670133207052,11:01:10.133,27.0000,100
39670133214940,11:01:10.133,27.0000,200
39670133228752,11:01:10.133,27.0000,40
39670133734876,11:01:10.133,27.0000,100
39670133741834,11:01:10.133,27.0000,64
39670133883485,11:01:10.133,27.0000,200
39670364791560,11:01:10.364,27.0000,100
39670399979896,11:01:10.399,27.0000,100
39670433859575,11:01:10.433,27.0000,100
39670467018255,11:01:10.467,27.0000,100
39670496874331,11:01:10.496,27.0000,100
39670525762542,11:01:10.525,27.0000,100
39670553876162,11:01:10.553,27.0000,100
39671178417588,11:01:11.178,27.0000,100
39672142557117,11:01:12.142,26.9950,2
39672142557117,11:01:12.142,26.9950,3
39672142557117,11:01:12.142,26.9950,7
39672142557117,11:01:12.142,26.9950,4
39672142557117,11:01:12.142,26.9950,7
39672142557117,11:01:12.142,27.0000,77
39672142586978,11:01:12.142,27.0000,23
39672142589598,11:01:12.142,27.0000,23
39672144025985,11:01:12.144,27.0000,54
39678681663247,11:01:18.681,27.0000,100
39680007608280,11:01:20.007,27.0000,100
39680007608280,11:01:20.007,27.0000,100
39680009299171,11:01:20.009,27.0000,100
39680009299171,11:01:20.009,27.0000,200
39680019647478,11:01:20.019,27.0000,100
39684617670070,11:01:24.617,27.0000,100
39684618050674,11:01:24.618,27.0000,100
39704005716458,11:01:44.005,27.0000,100
39704005716458,11:01:44.005,27.0000,200
39704005716458,11:01:44.005,27.0000,100
39704035497863,11:01:44.035,27.0000,100
39704059865797,11:01:44.059,27.0000,100
39711882320600,11:01:51.882,26.9900,100
39711882320600,11:01:51.882,26.9900,100
39711882320600,11:01:51.882,26.9900,72
39711882320600,11:01:51.882,26.9900,100
39711882320600,11:01:51.882,26.9900,200
39711882320600,11:01:51.882,26.9900,100
39711882320600,11:01:51.882,26.9900,100
39711882320600,11:01:51.882,26.9900,100
39713737477630,11:01:53.737,26.9900,58
39713738060892,11:01:53.738,26.9800,100
39713738060892,11:01:53.738,26.9800,42
39713749359911,11:01:53.749,26.9800,17
39713790593727,11:01:53.790,26.9800,200
39713790623881,11:01:53.790,26.9800,100
39713790623881,11:01:53.790,26.9800,200
39713790623881,11:01:53.790,26.9800,200
39713790623881,11:01:53.790,26.9800,100
39713795707007,11:01:53.795,26.9800,100
39714211800124,11:01:54.211,26.9900,100
39715736674132,11:01:55.736,26.9800,7
39715736674132,11:01:55.736,26.9800,100
39715738647501,11:01:55.738,26.9800,100
39715738647501,11:01:55.738,26.9800,143
39715738880255,11:01:55.738,26.9800,200
39715810690178,11:01:55.810,26.9800,47
39719428265957,11:01:59.428,26.9800,100
39721373268757,11:02:01.373,26.9900,100
39721373295522,11:02:01.373,26.9900,100
39721373313214,11:02:01.373,26.9900,100
39721660002670,11:02:01.660,26.9900,20
39721916656543,11:02:01.916,26.9900,80
39722189888843,11:02:02.189,27.0000,100
39725975211129,11:02:05.975,27.0100,100
39742528188310,11:02:22.528,27.0200,8
39742528188310,11:02:22.528,27.0200,100
39742532419818,11:02:22.532,27.0200,100
39742532419818,11:02:22.532,27.0200,63
39743038526021,11:02:23.038,27.0200,100
39743038526021,11:02:23.038,27.0200,200
39743038553681,11:02:23.038,27.0200,200
39743039138651,11:02:23.039,27.0200,200
39743039138651,11:02:23.039,27.0200,100
39743042855127,11:02:23.042,27.0200,100
39743042855127,11:02:23.042,27.0200,100
39743042855127,11:02:23.042,27.0200,200
39743465688537,11:02:23.465,27.0200,100
39743814454591,11:02:23.814,27.0200,200
39744176454657,11:02:24.176,27.0200,100
39745348761240,11:02:25.348,27.0200,100
39745359428015,11:02:25.359,27.0200,200
39745359428015,11:02:25.359,27.0200,100
39748865189655,11:02:28.865,27.0100,100
39748865189655,11:02:28.865,27.0100,100
39748865189655,11:02:28.865,27.0100,100
39748869487463,11:02:28.869,27.0000,100
39748869487463,11:02:28.869,27.0000,100
39748869487463,11:02:28.869,27.0000,100
39748869487463,11:02:28.869,27.0000,100
39748869487463,11:02:28.869,27.0000,100
39748869487463,11:02:28.869,27.0000,100
39748869487463,11:02:28.869,27.0000,100
39748869745998,11:02:28.869,27.0000,100
39748869745998,11:02:28.869,27.0000,100
39748870967580,11:02:28.870,27.0000,100
39748880739061,11:02:28.880,27.0000,100
39748880739061,11:02:28.880,27.0000,68
39748880739061,11:02:28.880,27.0000,100
39748880739061,11:02:28.880,27.0000,100
39748880739061,11:02:28.880,27.0000,100
39748880739061,11:02:28.880,27.0000,100
39748880940821,11:02:28.880,27.0000,100
39748890413723,11:02:28.890,27.0000,100
39748899781111,11:02:28.899,27.0000,100
39748909784273,11:02:28.909,27.0000,100
39749393157957,11:02:29.393,27.0000,100
39749426682193,11:02:29.426,27.0000,100
39749456731914,11:02:29.456,27.0000,100
39751807480741,11:02:31.807,27.0000,100
39751807569122,11:02:31.807,27.0000,100
39751807584153,11:02:31.807,27.0000,100
39751807590171,11:02:31.807,27.0000,100
39751807616478,11:02:31.807,27.0000,100
39751807864168,11:02:31.807,27.0000,100
39762527430073,11:02:42.527,27.0000,100
39764369357050,11:02:44.369,27.0000,100
39764391159417,11:02:44.391,27.0000,200
39767760836861,11:02:47.760,27.0000,100
39768165784553,11:02:48.165,27.0000,100
39768165784553,11:02:48.165,27.0000,100
39775528662414,11:02:55.528,27.0000,100
39775528813315,11:02:55.528,27.0000,100
39775528813315,11:02:55.528,27.0000,100
39784067616882,11:03:04.067,27.0200,100
39784067616882,11:03:04.067,27.0200,100
39784072227976,11:03:04.072,27.0100,100
39784072227976,11:03:04.072,27.0100,100
39784074587948,11:03:04.074,27.0100,100
39784074587948,11:03:04.074,27.0100,90
39784078205114,11:03:04.078,27.0000,500
39784078205114,11:03:04.078,27.0000,100
39784078205114,11:03:04.078,27.0000,100
39784078205114,11:03:04.078,27.0000,100
39784078205114,11:03:04.078,27.0000,100
39784087124366,11:03:04.087,27.0000,18
39784108238768,11:03:04.108,27.0000,100
39784108718021,11:03:04.108,27.0000,100
39784108718021,11:03:04.108,27.0000,100
39784108718021,11:03:04.108,27.0000,100
39784109384205,11:03:04.109,27.0000,100
39784147866357,11:03:04.147,27.0000,100
39784147866357,11:03:04.147,27.0000,100
39784170184097,11:03:04.170,27.0000,100
39784170280186,11:03:04.170,27.0000,100
39784292927453,11:03:04.292,27.0000,100
39784294347181,11:03:04.294,27.0000,100
39784558787894,11:03:04.558,27.0000,100
39784558787894,11:03:04.558,27.0000,200
39784833981498,11:03:04.833,27.0000,100
39785023169808,11:03:05.023,27.0000,100
39785023169808,11:03:05.023,27.0000,100
39785024891402,11:03:05.024,27.0000,100
39785025116621,11:03:05.025,27.0000,100
39788004881937,11:03:08.004,27.0100,100
39790703024992,11:03:10.703,27.0000,100
39790703024992,11:03:10.703,27.0000,70
39790719202864,11:03:10.719,27.0000,67
39790719202864,11:03:10.719,27.0000,100
39790719202864,11:03:10.719,27.0000,100
39790719202864,11:03:10.719,27.0000,200
39790720130637,11:03:10.720,27.0000,100
39791090484723,11:03:11.090,27.0000,100
39791090541638,11:03:11.090,27.0000,200
39791090588865,11:03:11.090,27.0000,40
39791091020047,11:03:11.091,27.0000,19
39791091029599,11:03:11.091,27.0000,100
39791091052859,11:03:11.091,27.0000,100
39791091128470,11:03:11.091,27.0000,41
39791091358024,11:03:11.091,27.0100,100
39796484480877,11:03:16.484,27.0200,100
39796484480877,11:03:16.484,27.0300,200
39796484480877,11:03:16.484,27.0300,100
39796484480877,11:03:16.484,27.0300,100
39808247369864,11:03:28.247,27.0200,100
39808247369864,11:03:28.247,27.0200,25
39812317281204,11:03:32.317,27.0200,100
39813189095269,11:03:33.189,27.0200,100
39813189095269,11:03:33.189,27.0200,100
39813189095269,11:03:33.189,27.0200,100
39813189095269,11:03:33.189,27.0200,64
39813189095269,11:03:33.189,27.0200,100
39813189095269,11:03:33.189,27.0200,100
39813189095269,11:03:33.189,27.0200,100
39813189095269,11:03:33.189,27.0200,100
39813189095269,11:03:33.189,27.0200,100
39813189095269,11:03:33.189,27.0200,136
39814138536286,11:03:34.138,27.0200,100
39819012945854,11:03:39.012,27.0200,100
39841438523680,11:04:01.438,27.0300,32
39842455683814,11:04:02.455,27.0300,68
39842455683814,11:04:02.455,27.0300,32
39842455753460,11:04:02.455,27.0300,68
39842455801037,11:04:02.455,27.0300,32
39842455847621,11:04:02.455,27.0300,68
39843692275082,11:04:03.692,27.0400,100
39843692275082,11:04:03.692,27.0400,10
39845784638801,11:04:05.784,27.0400,100
39851622991263,11:04:11.622,27.0450,2
39851622991263,11:04:11.622,27.0450,12
39851622991263,11:04:11.622,27.0500,86
39852997422915,11:04:12.997,27.0500,100
39858777054572,11:04:18.777,27.0400,100
39858777054572,11:04:18.777,27.0400,100
39858777054572,11:04:18.777,27.0400,200
39858777054572,11:04:18.777,27.0400,9
39858792292841,11:04:18.792,27.0400,100
39858816184299,11:04:18.816,27.0400,100
39886783678432,11:04:46.783,27.0700,100
39886783691057,11:04:46.783,27.0700,100
39888720654964,11:04:48.720,27.0700,100
39888720654964,11:04:48.720,27.0700,7
39888720899966,11:04:48.720,27.0700,93
39937131224447,11:05:37.131,27.1000,100
39937131224447,11:05:37.131,27.1000,100
39949964038245,11:05:49.964,27.0900,100
39949964038245,11:05:49.964,27.0900,100
39949964038245,11:05:49.964,27.0900,100
39949964038245,11:05:49.964,27.0900,100
39949964038245,11:05:49.964,27.0900,100
39949976486018,11:05:49.976,27.0900,100
39965880734717,11:06:05.880,27.0800,80
39965881286935,11:06:05.881,27.0800,20
39985011052983,11:06:25.011,27.0900,54
39985011052983,11:06:25.011,27.0900,94
39985011052983,11:06:25.011,27.0900,800
39985011052983,11:06:25.011,27.0900,185
39995544138919,11:06:35.544,27.0900,100
39995544138919,11:06:35.544,27.0900,100
39995722580969,11:06:35.722,27.0850,40
39995722580969,11:06:35.722,27.0850,20
39995722580969,11:06:35.722,27.0850,100
39995722580969,11:06:35.722,27.0900,100
39995722580969,11:06:35.722,27.0900,40
40004856864376,11:06:44.856,27.0900,200
40026042465346,11:07:06.042,27.0900,12
40026042465346,11:07:06.042,27.0900,101
40026042849411,11:07:06.042,27.0900,99
40035569594323,11:07:15.569,27.1000,600
40045193767554,11:07:25.193,27.1100,400
40045193805079,11:07:25.193,27.1100,400
40099959845892,11:08:19.959,27.1200,100
40099959845892,11:08:19.959,27.1200,100
40160357068269,11:09:20.357,27.1200,14
40160357068269,11:09:20.357,27.1200,100
40160357068269,11:09:20.357,27.1200,200
40160357068269,11:09:20.357,27.1200,86
40160357140443,11:09:20.357,27.1200,100
40160357179561,11:09:20.357,27.1200,14
40160357835175,11:09:20.357,27.1300,86
40171185573442,11:09:31.185,27.1200,100
40171185573442,11:09:31.185,27.1200,100
40171185573442,11:09:31.185,27.1200,100
40171185573442,11:09:31.185,27.1200,100
40171185595310,11:09:31.185,27.1200,100
40181755061336,11:09:41.755,27.1200,200
40192037474718,11:09:52.037,27.1200,300
40192037474718,11:09:52.037,27.1200,800
40206030328752,11:10:06.030,27.1250,3
40208142510294,11:10:08.142,27.1250,2
40208142590246,11:10:08.142,27.1250,2
40208142678563,11:10:08.142,27.1250,3
40208142695822,11:10:08.142,27.1250,4
40210671191369,11:10:10.671,27.1250,2
40224424657235,11:10:24.424,27.1300,200
40224424657235,11:10:24.424,27.1300,100
40224424657235,11:10:24.424,27.1300,14
40224424657235,11:10:24.424,27.1300,100
40224424753517,11:10:24.424,27.1300,100
40224425109412,11:10:24.425,27.1300,100
40224436698693,11:10:24.436,27.1400,1
40224447989689,11:10:24.447,27.1400,7
40225039664133,11:10:25.039,27.1400,100
40225039664133,11:10:25.039,27.1400,625
40225463277126,11:10:25.463,27.1400,100
40225463507519,11:10:25.463,27.1400,75
40225463507519,11:10:25.463,27.1400,100
40231299912891,11:10:31.299,27.1400,100
40231299912891,11:10:31.299,27.1400,100
40231312983433,11:10:31.312,27.1400,100
40232611018749,11:10:32.611,27.1350,3
40242513292590,11:10:42.513,27.1300,100
40242513292590,11:10:42.513,27.1300,7
40244327928648,11:10:44.327,27.1200,100
40244410918102,11:10:44.410,27.1200,2
40244410923046,11:10:44.410,27.1200,5
40244410923633,11:10:44.410,27.1200,1
40244410924889,11:10:44.410,27.1200,1
40244410928720,11:10:44.410,27.1200,2
40244410929269,11:10:44.410,27.1200,5
40244410931022,11:10:44.410,27.1200,7
40244410932631,11:10:44.410,27.1200,2
40244729847487,11:10:44.729,27.1200,100
40269736628454,11:11:09.736,27.1300,185
40269736628454,11:11:09.736,27.1300,300
40303792952144,11:11:43.792,27.1350,2
40303792952144,11:11:43.792,27.1350,3
40303792952144,11:11:43.792,27.1350,4
40303792952144,11:11:43.792,27.1350,3
40303792952144,11:11:43.792,27.1350,2
40303792952144,11:11:43.792,27.1350,2
40303792952144,11:11:43.792,27.1350,3
40303792952144,11:11:43.792,27.1350,11
40303792952144,11:11:43.792,27.1350,2
40303792952144,11:11:43.792,27.1350,3
40303792952144,11:11:43.792,27.1400,65
40303814390441,11:11:43.814,27.1400,400
40308298011016,11:11:48.298,27.1400,100
40308298163548,11:11:48.298,27.1400,235
40308309547941,11:11:48.309,27.1400,100
40308309555179,11:11:48.309,27.1400,100
40308310028025,11:11:48.310,27.1400,100
40308310029419,11:11:48.310,27.1400,100
40320411848784,11:12:00.411,27.1500,100
40320411848784,11:12:00.411,27.1500,200
40321067299433,11:12:01.067,27.1500,200
40321067299433,11:12:01.067,27.1500,300
40321067342918,11:12:01.067,27.1500,137
40321465333999,11:12:01.465,27.1500,300
40321527806079,11:12:01.527,27.1500,100
40336484959064,11:12:16.484,27.1500,100
40336495042207,11:12:16.495,27.1500,15
40336495042207,11:12:16.495,27.1500,201
40336495042207,11:12:16.495,27.1500,84
40385097625053,11:13:05.097,27.1400,80
40385097625053,11:13:05.097,27.1400,100
40385097625053,11:13:05.097,27.1400,100
40385129170546,11:13:05.129,27.1350,100
40385129170546,11:13:05.129,27.1350,100
40390025415989,11:13:10.025,27.1300,100
40390025415989,11:13:10.025,27.1300,43
40392141459016,11:13:12.141,27.1400,100
40392153677115,11:13:12.153,27.1400,100
40426610760968,11:13:46.610,27.1300,100
40426610760968,11:13:46.610,27.1300,100
40426610760968,11:13:46.610,27.1300,200
40429530870343,11:13:49.530,27.1500,100
40429530877275,11:13:49.530,27.1500,100
40429565708841,11:13:49.565,27.1600,100
40429565708841,11:13:49.565,27.1600,100
40443019049524,11:14:03.019,27.1600,100
40443019103240,11:14:03.019,27.1600,100
40443019125616,11:14:03.019,27.1600,38
40443019237805,11:14:03.019,27.1600,100
40443621278137,11:14:03.621,27.1650,7
40458195212530,11:14:18.195,27.1600,100
40458206399451,11:14:18.206,27.1600,400
40462080334400,11:14:22.080,27.1600,16
40470876956621,11:14:30.876,27.1700,200
40470876956621,11:14:30.876,27.1700,300
40470876956621,11:14:30.876,27.1700,200
40470876956621,11:14:30.876,27.1700,200
40470894651633,11:14:30.894,27.1800,100
40470894651633,11:14:30.894,27.1800,100
40470894651633,11:14:30.894,27.1800,100
40470894651633,11:14:30.894,27.1800,800
40470894657089,11:14:30.894,27.1800,100
40470897712173,11:14:30.897,27.1800,100
40470897712173,11:14:30.897,27.1800,200
40492041021633,11:14:52.041,27.1800,100
40492041021633,11:14:52.041,27.1800,100
40500443980109,11:15:00.443,27.1800,800
40500453951398,11:15:00.453,27.1900,100
40524883826898,11:15:24.883,27.1900,100
40524883826898,11:15:24.883,27.1900,300
40524883826898,11:15:24.883,27.1900,300
40524883826898,11:15:24.883,27.1900,100
40524883999360,11:15:24.883,27.1900,45
40526521128316,11:15:26.521,27.1900,100
40526521128316,11:15:26.521,27.1900,200
40526521128316,11:15:26.521,27.1900,100
40526521128316,11:15:26.521,27.1900,100
40526521128316,11:15:26.521,27.1900,100
40532906347586,11:15:32.906,27.1800,100
40536485839451,11:15:36.485,27.1900,51
40575461764044,11:16:15.461,27.1800,100
40575461764044,11:16:15.461,27.1800,200
40581048626918,11:16:21.048,27.1700,100
40581048668426,11:16:21.048,27.1700,100
40581048668426,11:16:21.048,27.1700,100
40601108302554,11:16:41.108,27.1600,200
40601109412872,11:16:41.109,27.1600,100
40601109412872,11:16:41.109,27.1600,100
40601109412872,11:16:41.109,27.1600,100
40619197648133,11:16:59.197,27.1700,18
40639079968042,11:17:19.079,27.1750,2
40639079968042,11:17:19.079,27.1800,98
40639079994560,11:17:19.079,27.1800,2
40642608175323,11:17:22.608,27.1850,2
40642608252716,11:17:22.608,27.1850,7
40650672900151,11:17:30.672,27.1850,5
40650673702105,11:17:30.673,27.1850,2
40666988942329,11:17:46.988,27.1850,2
40666988942329,11:17:46.988,27.1850,3
40666988942329,11:17:46.988,27.1850,2
40666988942329,11:17:46.988,27.1850,5
40666988942329,11:17:46.988,27.1850,4
40666988942329,11:17:46.988,27.1850,3
40666988942329,11:17:46.988,27.1850,4
40666988942329,11:17:46.988,27.1900,77
40666990629579,11:17:46.990,27.1900,23
40666990629579,11:17:46.990,27.1900,77
40666990690532,11:17:46.990,27.1900,100
40666990720891,11:17:46.990,27.1900,23
40739144330909,11:18:59.144,27.1900,100
40739144330909,11:18:59.144,27.1900,100
40739144330909,11:18:59.144,27.1900,18
40747051433858,11:19:07.051,27.1900,100
40747051433858,11:19:07.051,27.1900,100
40771259437662,11:19:31.259,27.1900,100
40771259437662,11:19:31.259,27.1900,100
40771259604418,11:19:31.259,27.1900,200
40771264689851,11:19:31.264,27.1800,100
40771264689851,11:19:31.264,27.1800,100
40771264689851,11:19:31.264,27.1800,100
40771264689851,11:19:31.264,27.1800,100
40771264689851,11:19:31.264,27.1800,100
40771264689851,11:19:31.264,27.1800,100
40771264689851,11:19:31.264,27.1800,100
40771268023938,11:19:31.268,27.1800,200
40771268023938,11:19:31.268,27.1800,100
40771268023938,11:19:31.268,27.1800,200
40771296648600,11:19:31.296,27.1800,23
40794276815861,11:19:54.276,27.1800,100
40794276815861,11:19:54.276,27.1800,100
40794276830980,11:19:54.276,27.1800,200
40794277134197,11:19:54.277,27.1800,100
40794277134197,11:19:54.277,27.1800,200
40795324260251,11:19:55.324,27.1850,90
40795629113072,11:19:55.629,27.1800,100
40795629113072,11:19:55.629,27.1800,100
40795629339884,11:19:55.629,27.1800,200
40795629339884,11:19:55.629,27.1800,200
40795629339884,11:19:55.629,27.1800,100
40795635155239,11:19:55.635,27.1700,23
40795635155239,11:19:55.635,27.1700,100
40795635155239,11:19:55.635,27.1700,100
40795635155239,11:19:55.635,27.1700,100
40795635155239,11:19:55.635,27.1700,100
40795653802514,11:19:55.653,27.1700,100
40795667746370,11:19:55.667,27.1700,94
40795667746370,11:19:55.667,27.1700,6
40795801825572,11:19:55.801,27.1700,100
40795813982816,11:19:55.813,27.1700,94
40795813982816,11:19:55.813,27.1700,6
40795814012096,11:19:55.814,27.1700,94
40796187364127,11:19:56.187,27.1700,100
40796704779375,11:19:56.704,27.1700,100
40796705397525,11:19:56.705,27.1700,100
40811616086686,11:20:11.616,27.1900,16
40824372238291,11:20:24.372,27.2000,100
40824372238291,11:20:24.372,27.2000,1000
40824372238291,11:20:24.372,27.2000,51
40824372238291,11:20:24.372,27.2000,100
40825921654938,11:20:25.921,27.2100,100
40825921654938,11:20:25.921,27.2100,100
40826470974024,11:20:26.470,27.2100,100
40829090640066,11:20:29.090,27.2000,100
40829090640066,11:20:29.090,27.2000,100
40829090640066,11:20:29.090,27.2000,100
40829090818872,11:20:29.090,27.2000,200
40834086791932,11:20:34.086,27.1800,100
40834101697089,11:20:34.101,27.1850,100
40838508613387,11:20:38.508,27.1900,200
40848252343411,11:20:48.252,27.1800,200
40848252343411,11:20:48.252,27.1800,100
40848252343411,11:20:48.252,27.1800,100
40848252343411,11:20:48.252,27.1800,100
40848252343411,11:20:48.252,27.1800,100
40848253173954,11:20:48.253,27.1800,200
40848253173954,11:20:48.253,27.1800,100
40848253173954,11:20:48.253,27.1800,63
40848255928113,11:20:48.255,27.1800,137
40851407367443,11:20:51.407,27.1800,100
40851407466090,11:20:51.407,27.1800,100
40851407820286,11:20:51.407,27.1800,200
40851407820286,11:20:51.407,27.1800,100
40862499147881,11:21:02.499,27.2000,100
40862499147881,11:21:02.499,27.2000,200
40862499147881,11:21:02.499,27.2000,100
40862499147881,11:21:02.499,27.2000,100
40864502709305,11:21:04.502,27.2100,100
40864502709305,11:21:04.502,27.2100,100
40864502709305,11:21:04.502,27.2100,100
40864502709305,11:21:04.502,27.2100,200
40864502709305,11:21:04.502,27.2100,100
40870037637952,11:21:10.037,27.2100,1
40870049263817,11:21:10.049,27.2100,1
40884138816021,11:21:24.138,27.2000,100
40884153531210,11:21:24.153,27.1900,5
40884156720912,11:21:24.156,27.1900,95
40884534718400,11:21:24.534,27.1900,2
40908505992473,11:21:48.505,27.1800,100
40908506070386,11:21:48.506,27.1800,1
40915207611183,11:21:55.207,27.1800,100
40957075795087,11:22:37.075,27.1600,100
40957076204821,11:22:37.076,27.1600,4
40957096163182,11:22:37.096,27.1600,100
40957105855587,11:22:37.105,27.1600,100
40958076247256,11:22:38.076,27.1550,16
40960944362796,11:22:40.944,27.1600,100
40961368110822,11:22:41.368,27.1600,100
40965794643237,11:22:45.794,27.1600,13
40965815351641,11:22:45.815,27.1600,200
40965821389562,11:22:45.821,27.1600,200
41009349815854,11:23:29.349,27.1600,100
41009362530963,11:23:29.362,27.1600,100
41009362530963,11:23:29.362,27.1600,200
41009362530963,11:23:29.362,27.1600,100
41009362576503,11:23:29.362,27.1600,200
41047262436896,11:24:07.262,27.1800,100
41047262436896,11:24:07.262,27.1800,16
41050180839742,11:24:10.180,27.1850,100
41050180839742,11:24:10.180,27.1800,60
41061046027852,11:24:21.046,27.1900,100
41065755219162,11:24:25.755,27.1900,154
41092259097357,11:24:52.259,27.2100,100
41110420196285,11:25:10.420,27.2100,100
41110420221775,11:25:10.420,27.2100,10
41110420221775,11:25:10.420,27.2100,100
41116068095154,11:25:16.068,27.2000,100
41142077348074,11:25:42.077,27.1900,100
41142108506420,11:25:42.108,27.1900,100
41142830239684,11:25:42.830,27.1800,100
41142830886859,11:25:42.830,27.1800,44
41142830888172,11:25:42.830,27.1800,56
41147893139811,11:25:47.893,27.1700,5
41163962641467,11:26:03.962,27.1600,42
41177178847971,11:26:17.178,27.1600,100
41177178853943,11:26:17.178,27.1600,13
41177178874981,11:26:17.178,27.1600,187
41197562258779,11:26:37.562,27.1700,14
41284293232419,11:28:04.293,27.1500,100
41284293232419,11:28:04.293,27.1500,16
41291950584638,11:28:11.950,27.1600,100
41309851129921,11:28:29.851,27.1600,200
41309851186660,11:28:29.851,27.1600,57
41309851186660,11:28:29.851,27.1600,43
41309851199340,11:28:29.851,27.1600,57
41309851199340,11:28:29.851,27.1600,43
41309851226973,11:28:29.851,27.1600,57
41309851255063,11:28:29.851,27.1600,57
41309851772776,11:28:29.851,27.1600,143
41338471106926,11:28:58.471,27.1600,100
41338471106926,11:28:58.471,27.1600,2
41340584047072,11:29:00.584,27.1500,100
41340584063414,11:29:00.584,27.1500,100
41373164671727,11:29:33.164,27.1500,100
41373164703692,11:29:33.164,27.1500,100
41373165155534,11:29:33.165,27.1600,100
41374665749701,11:29:34.665,27.1600,100
41380819523093,11:29:40.819,27.1500,100
41386915804700,11:29:46.915,27.1500,100
41398350065089,11:29:58.350,27.1500,100
41400038580756,11:30:00.038,27.1500,100
41400261167658,11:30:00.261,27.1500,200
41403317918369,11:30:03.317,27.1600,200
41404096180443,11:30:04.096,27.1700,100
41404096180443,11:30:04.096,27.1700,15
41404746834478,11:30:04.746,27.1700,100
41405418383464,11:30:05.418,27.1600,1
41434095931346,11:30:34.095,27.1800,200
41441135924063,11:30:41.135,27.1850,76
41441138524585,11:30:41.138,27.1850,76
41443637741728,11:30:43.637,27.1800,100
41446868514942,11:30:46.868,27.1700,100
41467903646780,11:31:07.903,27.1700,400
41467903646780,11:31:07.903,27.1700,300
41467903687531,11:31:07.903,27.1700,100
41514585443312,11:31:54.585,27.1700,38
41516938929615,11:31:56.938,27.1700,7
41574858191981,11:32:54.858,27.1800,100
41574858191981,11:32:54.858,27.1800,14
41574858191981,11:32:54.858,27.1800,48
41574858259246,11:32:54.858,27.1800,52
41574858281551,11:32:54.858,27.1800,100
41574858281551,11:32:54.858,27.1800,114
41574858456351,11:32:54.858,27.1800,52
41574863965311,11:32:54.863,27.1800,100
41575057704632,11:32:55.057,27.1900,200
41577692742936,11:32:57.692,27.1900,100
41581213849591,11:33:01.213,27.1800,100
41582086107599,11:33:02.086,27.1750,2
41655092755861,11:34:15.092,27.1800,100
41655092755861,11:34:15.092,27.1800,100
41655092755861,11:34:15.092,27.1800,15
41655092755861,11:34:15.092,27.1800,100
41655093065093,11:34:15.093,27.1800,100
41655093229895,11:34:15.093,27.1800,100
41655093237841,11:34:15.093,27.1800,48
41670969304992,11:34:30.969,27.1800,100
41670969304992,11:34:30.969,27.1800,100
41670969304992,11:34:30.969,27.1800,800
41670969304992,11:34:30.969,27.1800,100
41670969304992,11:34:30.969,27.1800,100
41701377908195,11:35:01.377,27.1800,500
41701377908195,11:35:01.377,27.1800,200
41701377908195,11:35:01.377,27.1800,100
41739890093599,11:35:39.890,27.1800,100
41739890093599,11:35:39.890,27.1800,100
41739890093599,11:35:39.890,27.1800,100
41739890093599,11:35:39.890,27.1800,100
41739890093599,11:35:39.890,27.1800,100
41739890127711,11:35:39.890,27.1800,100
41744947319787,11:35:44.947,27.1800,50
41744947348875,11:35:44.947,27.1800,50
41746079291665,11:35:46.079,27.1800,100
41793744874500,11:36:33.744,27.1700,100
41793744874500,11:36:33.744,27.1700,100
41793744874500,11:36:33.744,27.1700,100
41830031408346,11:37:10.031,27.1800,13
41873304194492,11:37:53.304,27.1950,3
41883721695568,11:38:03.721,27.1950,4
41883721799899,11:38:03.721,27.1950,3
41883722256939,11:38:03.722,27.1950,4
41883723192498,11:38:03.723,27.1950,7
41883723303835,11:38:03.723,27.1950,5
41891980779341,11:38:11.980,27.1900,100
41891980803985,11:38:11.980,27.1900,100
41950094844368,11:39:10.094,27.1800,100
41966921579262,11:39:26.921,27.1800,100
41966922136170,11:39:26.922,27.1800,100
41966936561578,11:39:26.936,27.1800,100
41974335174663,11:39:34.335,27.1800,100
41978531747269,11:39:38.531,27.1750,200
41981891745402,11:39:41.891,27.1700,100
41981891745402,11:39:41.891,27.1700,100
41982346650094,11:39:42.346,27.1600,100
41982346650094,11:39:42.346,27.1600,100
42020279741779,11:40:20.279,27.1600,100
42020279741779,11:40:20.279,27.1600,13
42020279761671,11:40:20.279,27.1600,113
42020279786487,11:40:20.279,27.1600,100
42020310955990,11:40:20.310,27.1600,100
42020312265997,11:40:20.312,27.1600,18
42020317029574,11:40:20.317,27.1600,14
42058064097008,11:40:58.064,27.1700,100
42058072409770,11:40:58.072,27.1700,100
42061273788760,11:41:01.273,27.1800,100
42084025331125,11:41:24.025,27.1800,100
42086132126749,11:41:26.132,27.1800,100
42108757426634,11:41:48.757,27.1700,100
42108966091784,11:41:48.966,27.1700,200
42118453095392,11:41:58.453,27.1700,100
42156782986212,11:42:36.782,27.1700,300
42156782986212,11:42:36.782,27.1700,100
42156793658756,11:42:36.793,27.1700,200
42187965093274,11:43:07.965,27.1700,13
42187965093274,11:43:07.965,27.1700,100
42187965093274,11:43:07.965,27.1700,87
42196135698074,11:43:16.135,27.1800,13
42219107784276,11:43:39.107,27.1900,100
42219108299831,11:43:39.108,27.1900,100
42219108718128,11:43:39.108,27.1900,100
42236973388193,11:43:56.973,27.2000,100
42244352354154,11:44:04.352,27.1900,100
42277765021515,11:44:37.765,27.1800,100
42280208905732,11:44:40.208,27.1700,100
42280208905732,11:44:40.208,27.1700,100
42302140781265,11:45:02.140,27.1700,12
42314227810665,11:45:14.227,27.1800,200
42323382051863,11:45:23.382,27.1850,100
42323382051863,11:45:23.382,27.1800,200
42323382051863,11:45:23.382,27.1800,100
42323382051863,11:45:23.382,27.1800,36
42323383802651,11:45:23.383,27.1800,34
42323383802651,11:45:23.383,27.1800,2
42323399632524,11:45:23.399,27.1800,100
42332709060158,11:45:32.709,27.1800,200
42344437459531,11:45:44.437,27.1800,100
42344449797404,11:45:44.449,27.1800,100
42344457302836,11:45:44.457,27.1800,100
42385891085780,11:46:25.891,27.1900,13
42389314554324,11:46:29.314,27.1900,100
42476229724627,11:47:56.229,27.1950,2
42482845186489,11:48:02.845,27.2000,100
42497994348070,11:48:17.994,27.1900,100
42497994348070,11:48:17.994,27.1900,100
42497994382890,11:48:17.994,27.1900,100
42497994385347,11:48:17.994,27.1900,24
42497994385347,11:48:17.994,27.1900,43
42504769869257,11:48:24.769,27.1800,62
42504769913831,11:48:24.769,27.1800,38
42548544578719,11:49:08.544,27.1800,13
42548544578719,11:49:08.544,27.1800,87
42548544610858,11:49:08.544,27.1800,13
42548544610858,11:49:08.544,27.1800,100
42548544814847,11:49:08.544,27.1800,87
42548544843927,11:49:08.544,27.1800,13
42549102141718,11:49:09.102,27.1900,100
42600256085388,11:50:00.256,27.2100,100
42609885949991,11:50:09.885,27.2000,100
42612896760028,11:50:12.896,27.1900,100
42612896760028,11:50:12.896,27.1900,100
42615172477315,11:50:15.172,27.1800,100
42675913468267,11:51:15.913,27.1800,100
42715641264906,11:51:55.641,27.1700,100
42715641264906,11:51:55.641,27.1700,100
42715801780427,11:51:55.801,27.1700,200
42715813368784,11:51:55.813,27.1700,37
42715813368784,11:51:55.813,27.1700,63
42715813436194,11:51:55.813,27.1700,179
42715813449122,11:51:55.813,27.1700,58
42780032613411,11:53:00.032,27.1550,2
42780032613411,11:53:00.032,27.1600,198
42780032643555,11:53:00.032,27.1600,2
42793676091812,11:53:13.676,27.1800,100
42804472784345,11:53:24.472,27.1900,100
42878665188063,11:54:38.665,27.1800,100
42878665188063,11:54:38.665,27.1800,100
42878687663765,11:54:38.687,27.1800,200
42897706919476,11:54:57.706,27.1800,100
42897729943783,11:54:57.729,27.1800,200
42976104991723,11:56:16.104,27.1850,7
42976105111484,11:56:16.105,27.1850,7
42976105210200,11:56:16.105,27.1850,5
42976105285122,11:56:16.105,27.1850,6
42976105346082,11:56:16.105,27.1850,5
42976105374477,11:56:16.105,27.1850,5
42993555588247,11:56:33.555,27.1800,188
42993555620007,11:56:33.555,27.1800,12
42993575040649,11:56:33.575,27.1800,200
43013984129273,11:56:53.984,27.1800,100
43013984129273,11:56:53.984,27.1800,100
43013984129273,11:56:53.984,27.1800,100
43017846831020,11:56:57.846,27.1800,100
43017846831020,11:56:57.846,27.1800,100
43017847061049,11:56:57.847,27.1800,98
43017847319710,11:56:57.847,27.1800,102
43022077838522,11:57:02.077,27.1800,100
43022077838522,11:57:02.077,27.1800,100
43034130539981,11:57:14.130,27.1800,100
43103429607814,11:58:23.429,27.1750,2
43103429607814,11:58:23.429,27.1750,2
43103429607814,11:58:23.429,27.1750,3
43103429607814,11:58:23.429,27.1750,2
43103429607814,11:58:23.429,27.1750,2
43103429607814,11:58:23.429,27.1800,12
43103429607814,11:58:23.429,27.1800,100
43103429607814,11:58:23.429,27.1800,77
43105795859492,11:58:25.795,27.1800,100
43105795859492,11:58:25.795,27.1800,100
43105795859492,11:58:25.795,27.1800,300
43136675506717,11:58:56.675,27.1800,100
43136675506717,11:58:56.675,27.1800,100
43136675506717,11:58:56.675,27.1800,100
43136679835631,11:58:56.679,27.1700,48
43136680035971,11:58:56.680,27.1700,52
43136680035971,11:58:56.680,27.1700,100
43136680035971,11:58:56.680,27.1700,100
43136680035971,11:58:56.680,27.1700,100
43136680035971,11:58:56.680,27.1700,100
43136680035971,11:58:56.680,27.1700,100
43136680035971,11:58:56.680,27.1700,100
43136680035971,11:58:56.680,27.1700,100
43136680035971,11:58:56.680,27.1700,100
43136680035971,11:58:56.680,27.1700,348
43136685169101,11:58:56.685,27.1700,100
43136685169101,11:58:56.685,27.1700,58
43136686029061,11:58:56.686,27.1700,100
43140835757655,11:59:00.835,27.1800,100
43146861965599,11:59:06.861,27.1900,100
43151761802026,11:59:11.761,27.1900,100
43154145876639,11:59:14.145,27.2000,183
43184259549977,11:59:44.259,27.2000,100
43184259577056,11:59:44.259,27.2000,100
43190537874842,11:59:50.537,27.1900,200
43201911897051,12:00:01.911,27.1900,3
43204125655095,12:00:04.125,27.2000,12
43205296495779,12:00:05.296,27.2000,88
43279104503078,12:01:19.104,27.1900,8
43279104503078,12:01:19.104,27.1900,1
43279890520757,12:01:19.890,27.1800,12
43295523422414,12:01:35.523,27.1700,100
43295523422414,12:01:35.523,27.1700,200
43295523422414,12:01:35.523,27.1700,100
43295523422414,12:01:35.523,27.1700,100
43295890485556,12:01:35.890,27.1700,1
43304387156747,12:01:44.387,27.1600,100
43304422789662,12:01:44.422,27.1600,100
43314382649891,12:01:54.382,27.1550,2
43314382649891,12:01:54.382,27.1550,2
43314382649891,12:01:54.382,27.1550,7
43314382649891,12:01:54.382,27.1550,9
43314382649891,12:01:54.382,27.1550,3
43314382649891,12:01:54.382,27.1550,2
43314382649891,12:01:54.382,27.1600,100
43314382649891,12:01:54.382,27.1600,75
43314383980526,12:01:54.383,27.1600,25
43319469277020,12:01:59.469,27.1700,100
43319469277020,12:01:59.469,27.1700,40
43342927778252,12:02:22.927,27.1800,12
43342927778252,12:02:22.927,27.1800,100
43342927778252,12:02:22.927,27.1800,100
43358399931212,12:02:38.399,27.2000,100
43405424300237,12:03:25.424,27.1900,100
43405424300237,12:03:25.424,27.1900,100
43405424300237,12:03:25.424,27.1900,100
43405424330040,12:03:25.424,27.1900,100
43405424348933,12:03:25.424,27.1900,100
43408443888890,12:03:28.443,27.1800,200
43408443888890,12:03:28.443,27.1800,100
43408443888890,12:03:28.443,27.1800,100
43408443888890,12:03:28.443,27.1800,100
43408443888890,12:03:28.443,27.1800,100
43408444000520,12:03:28.444,27.1800,100
43435435866235,12:03:55.435,27.1700,100
43435435866235,12:03:55.435,27.1700,100
43435435866235,12:03:55.435,27.1700,42
43435435866235,12:03:55.435,27.1700,30
43447155983747,12:04:07.155,27.1600,100
43447155983747,12:04:07.155,27.1600,100
43447155983747,12:04:07.155,27.1600,17
43447155983747,12:04:07.155,27.1600,17
43447155983747,12:04:07.155,27.1600,3
43447155983747,12:04:07.155,27.1600,21
43447156139473,12:04:07.156,27.1600,200
43447156139473,12:04:07.156,27.1600,100
43447156139473,12:04:07.156,27.1600,100
43447156139473,12:04:07.156,27.1600,200
43447156139473,12:04:07.156,27.1600,532
43447234711189,12:04:07.234,27.1600,100
43447235433352,12:04:07.235,27.1600,100
43447235433352,12:04:07.235,27.1600,200
43447507814090,12:04:07.507,27.1600,100
43447507814090,12:04:07.507,27.1600,100
43447521259101,12:04:07.521,27.1600,100
43447524121992,12:04:07.524,27.1600,100
43447656120810,12:04:07.656,27.1600,100
43448150071749,12:04:08.150,27.1600,100
43448150071749,12:04:08.150,27.1600,300
43448178911123,12:04:08.178,27.1600,20
43448682895646,12:04:08.682,27.1600,80
43448682895646,12:04:08.682,27.1600,100
43448683907288,12:04:08.683,27.1600,100
43448803461924,12:04:08.803,27.1600,100
43448803461924,12:04:08.803,27.1600,17
43448805942919,12:04:08.805,27.1500,100
43448805942919,12:04:08.805,27.1500,100
43448805942919,12:04:08.805,27.1500,100
43448805942919,12:04:08.805,27.1500,100
43448805942919,12:04:08.805,27.1500,100
43448805942919,12:04:08.805,27.1500,100
43448805942919,12:04:08.805,27.1500,100
43448805942919,12:04:08.805,27.1500,47
43448810548363,12:04:08.810,27.1500,163
43448979709499,12:04:08.979,27.1600,200
43448979709499,12:04:08.979,27.1600,100
43448995766697,12:04:08.995,27.1600,100
43450403197177,12:04:10.403,27.1600,100
43450403197177,12:04:10.403,27.1600,135
43450403228673,12:04:10.403,27.1600,65
43450403228673,12:04:10.403,27.1600,11
43457279500982,12:04:17.279,27.1700,100
43458916255033,12:04:18.916,27.1800,100
43458916862003,12:04:18.916,27.1800,100
43467808465252,12:04:27.808,27.1700,3
43467809751984,12:04:27.809,27.1700,96
43501715301578,12:05:01.715,27.1800,100
43501715301578,12:05:01.715,27.1800,100
43501715301578,12:05:01.715,27.1800,100
43512271367134,12:05:12.271,27.1700,200
43512271367134,12:05:12.271,27.1700,400
43512271367134,12:05:12.271,27.1700,300
43512276179509,12:05:12.276,27.1600,100
43512276179509,12:05:12.276,27.1600,100
43512276179509,12:05:12.276,27.1600,100
43512276179509,12:05:12.276,27.1600,100
43512278877382,12:05:12.278,27.1600,200
43512340916382,12:05:12.340,27.1600,100
43521696392488,12:05:21.696,27.1500,100
43572423846956,12:06:12.423,27.1500,100
43572423846956,12:06:12.423,27.1500,11
43572423846956,12:06:12.423,27.1500,100
43572426484871,12:06:12.426,27.1500,200
43572426484871,12:06:12.426,27.1500,15
43572426484871,12:06:12.426,27.1500,100
43572426484871,12:06:12.426,27.1500,85
43572449003034,12:06:12.449,27.1500,100
43572449956370,12:06:12.449,27.1500,100
43579235223126,12:06:19.235,27.1400,100
43579235223126,12:06:19.235,27.1400,100
43596580327557,12:06:36.580,27.1300,100
43596580327557,12:06:36.580,27.1300,100
43596580327557,12:06:36.580,27.1300,14
43596580327557,12:06:36.580,27.1300,200
43596580327557,12:06:36.580,27.1300,200
43596580327557,12:06:36.580,27.1300,85
43596580871363,12:06:36.580,27.1300,100
43596580871363,12:06:36.580,27.1300,100
43596580871363,12:06:36.580,27.1300,200
43596580871363,12:06:36.580,27.1300,100
43596652226294,12:06:36.652,27.1400,100
43596688326032,12:06:36.688,27.1400,100
43596688326032,12:06:36.688,27.1400,200
43596715099212,12:06:36.715,27.1400,100
43596766104622,12:06:36.766,27.1500,100
43596767154332,12:06:36.767,27.1450,40
43596767154332,12:06:36.767,27.1400,160
43596768305313,12:06:36.768,27.1500,100
43596784100987,12:06:36.784,27.1500,100
43596791347174,12:06:36.791,27.1500,100
43596806251538,12:06:36.806,27.1500,100
43596814325524,12:06:36.814,27.1500,100
43596822190238,12:06:36.822,27.1500,100
43596823910663,12:06:36.823,27.1500,100
43596843089056,12:06:36.843,27.1500,100
43596849434780,12:06:36.849,27.1500,100
43596861185464,12:06:36.861,27.1500,100
43597495850380,12:06:37.495,27.1600,100
43597495850380,12:06:37.495,27.1600,100
43597495850380,12:06:37.495,27.1600,100
43597548066807,12:06:37.548,27.1600,100
43597558366701,12:06:37.558,27.1600,100
43597558366701,12:06:37.558,27.1600,100
43597558366701,12:06:37.558,27.1600,100
43597601833440,12:06:37.601,27.1600,100
43597601833440,12:06:37.601,27.1600,100
43615138625830,12:06:55.138,27.1500,200
43615139180346,12:06:55.139,27.1500,50
43615139278901,12:06:55.139,27.1500,50
43615139278901,12:06:55.139,27.1500,50
43615139280414,12:06:55.139,27.1500,100
43615139333554,12:06:55.139,27.1500,50
43615150655789,12:06:55.150,27.1500,100
43615857584525,12:06:55.857,27.1500,100
43615867865827,12:06:55.867,27.1500,100
43615900431585,12:06:55.900,27.1500,100
43615900481338,12:06:55.900,27.1500,100
43616508646614,12:06:56.508,27.1500,100
43633812116521,12:07:13.812,27.1400,100
43636308141038,12:07:16.308,27.1300,100
43636308141038,12:07:16.308,27.1300,100
43691631886806,12:08:11.631,27.1300,200
43691631886806,12:08:11.631,27.1300,300
43691631886806,12:08:11.631,27.1300,9
43691631886806,12:08:11.631,27.1300,100
43691631886806,12:08:11.631,27.1300,100
43691632548397,12:08:11.632,27.1400,100
43691632548397,12:08:11.632,27.1400,100
43691632755708,12:08:11.632,27.1400,100
43691632755708,12:08:11.632,27.1400,105
43691734878094,12:08:11.734,27.1400,5
43692145726405,12:08:12.145,27.1400,95
43709982629418,12:08:29.982,27.1400,100
43709982629418,12:08:29.982,27.1400,100
43709982629418,12:08:29.982,27.1400,100
43728300663108,12:08:48.300,27.1500,100
43728300663108,12:08:48.300,27.1500,100
43755924706412,12:09:15.924,27.1600,200
43755924706412,12:09:15.924,27.1600,200
43811028338749,12:10:11.028,27.1600,94
43811028668269,12:10:11.028,27.1600,6
43811028668269,12:10:11.028,27.1600,11
43811028668269,12:10:11.028,27.1600,100
43842632990279,12:10:42.632,27.1600,100
43842633042122,12:10:42.633,27.1600,100
43842633042122,12:10:42.633,27.1600,100
43842633042122,12:10:42.633,27.1600,100
43842633042122,12:10:42.633,27.1600,100
43842633042122,12:10:42.633,27.1600,200
43842633252644,12:10:42.633,27.1600,100
43842633272384,12:10:42.633,27.1600,30
43842633280384,12:10:42.633,27.1600,70
43892403063427,12:11:32.403,27.1700,100
43892403085271,12:11:32.403,27.1700,100
43892403085271,12:11:32.403,27.1700,100
43906808357259,12:11:46.808,27.1800,100
43908133887046,12:11:48.133,27.1700,100
43911056858168,12:11:51.056,27.1700,100
44009987643957,12:13:29.987,27.1650,2
44009987643957,12:13:29.987,27.1650,3
44009987643957,12:13:29.987,27.1650,2
44044918901975,12:14:04.918,27.1600,100
44054501569061,12:14:14.501,27.1550,5
44057722171718,12:14:17.722,27.1500,100
44061430927776,12:14:21.430,27.1400,100
44064109860418,12:14:24.109,27.1400,100
44064109860418,12:14:24.109,27.1400,100
44064109860418,12:14:24.109,27.1400,11
44064109860418,12:14:24.109,27.1400,500
44103808870107,12:15:03.808,27.1500,200
44201989064820,12:16:41.989,27.1600,100
44201989064820,12:16:41.989,27.1600,100
44201989064820,12:16:41.989,27.1600,100
44201989064820,12:16:41.989,27.1600,100
44203492152709,12:16:43.492,27.1600,100
44282744381029,12:18:02.744,27.1600,12
44282744381029,12:18:02.744,27.1600,8
44282744381029,12:18:02.744,27.1600,1
44282744381029,12:18:02.744,27.1600,1
44282744381029,12:18:02.744,27.1600,5
44282744381029,12:18:02.744,27.1600,100
44284264063136,12:18:04.264,27.1550,5
44303491176647,12:18:23.491,27.1600,8
44303491222432,12:18:23.491,27.1700,4
44303904160841,12:18:23.904,27.1700,96
44303904160841,12:18:23.904,27.1700,200
44303904160841,12:18:23.904,27.1700,4
44303904199718,12:18:23.904,27.1700,196
44310373747175,12:18:30.373,27.1700,100
44310373776259,12:18:30.373,27.1700,7
44310398057243,12:18:30.398,27.1700,15
44310398057243,12:18:30.398,27.1700,85
44328334810720,12:18:48.334,27.1600,200
44328382897494,12:18:48.382,27.1600,100
44328382980173,12:18:48.382,27.1600,100
44359055346125,12:19:19.055,27.1600,100
44359055346125,12:19:19.055,27.1600,100
44359055346125,12:19:19.055,27.1700,200
44359055346125,12:19:19.055,27.1700,100
44359055346125,12:19:19.055,27.1700,100
44359055346125,12:19:19.055,27.1700,100
44359055346125,12:19:19.055,27.1700,100
44359055346125,12:19:19.055,27.1700,108
44359059307020,12:19:19.059,27.1700,100
44371088642673,12:19:31.088,27.1750,100
44371088642673,12:19:31.088,27.1800,100
44371088642673,12:19:31.088,27.1800,100
44371088642673,12:19:31.088,27.1800,100
44371088642673,12:19:31.088,27.1800,100
44371088642673,12:19:31.088,27.1800,100
44379607111422,12:19:39.607,27.1800,100
44396860148150,12:19:56.860,27.1700,100
44430845872289,12:20:30.845,27.1700,4
44430846010334,12:20:30.846,27.1700,10
44433933275338,12:20:33.933,27.1700,8
44437545629847,12:20:37.545,27.1700,3
44443548544829,12:20:43.548,27.1700,2
44443549314995,12:20:43.549,27.1700,1
44444050002328,12:20:44.050,27.1700,86
44444050002328,12:20:44.050,27.1700,11
44554001221917,12:22:34.001,27.1700,100
44607641771225,12:23:27.641,27.1800,200
44607641771225,12:23:27.641,27.1800,11
44607641771225,12:23:27.641,27.1800,100
44609376386213,12:23:29.376,27.1800,100
44609376386213,12:23:29.376,27.1800,3
44636853279570,12:23:56.853,27.1700,100
44636853279570,12:23:56.853,27.1700,100
44636853279570,12:23:56.853,27.1700,1
44636866084815,12:23:56.866,27.1700,200
44715886125123,12:25:15.886,27.1500,100
44715886125123,12:25:15.886,27.1500,100
44715886125123,12:25:15.886,27.1500,100
44784195046499,12:26:24.195,27.1500,100
44784195046499,12:26:24.195,27.1500,100
44784195046499,12:26:24.195,27.1500,100
44784195046499,12:26:24.195,27.1500,200
44784195046499,12:26:24.195,27.1500,10
44786207421361,12:26:26.207,27.1600,100
44800707127834,12:26:40.707,27.1600,200
44800708539239,12:26:40.708,27.1600,100
44800708539239,12:26:40.708,27.1600,100
44800708539239,12:26:40.708,27.1600,100
44800716491728,12:26:40.716,27.1600,100
44818434716562,12:26:58.434,27.1600,100
44818434716562,12:26:58.434,27.1600,100
44818444920899,12:26:58.444,27.1600,100
44859077403067,12:27:39.077,27.1500,100
44859084128137,12:27:39.084,27.1500,100
44859085388966,12:27:39.085,27.1500,15
44859095559133,12:27:39.095,27.1500,100
44859096508415,12:27:39.096,27.1500,100
44859216369354,12:27:39.216,27.1500,100
44861617499910,12:27:41.617,27.1500,100
44879100299718,12:27:59.100,27.1600,200
44882665258569,12:28:02.665,27.1700,100
44943707699564,12:29:03.707,27.1500,100
44943707712627,12:29:03.707,27.1500,39
44943707712627,12:29:03.707,27.1500,9
45144226183869,12:32:24.226,27.1400,100
45147148967628,12:32:27.148,27.1300,100
45147185315633,12:32:27.185,27.1300,200
45147185315633,12:32:27.185,27.1300,100
45147185315633,12:32:27.185,27.1300,200
45147185315633,12:32:27.185,27.1300,100
45147185315633,12:32:27.185,27.1300,16
45147185315633,12:32:27.185,27.1300,200
45147185315633,12:32:27.185,27.1300,84
45147219490106,12:32:27.219,27.1300,16
45147219490106,12:32:27.219,27.1300,84
45147237865352,12:32:27.237,27.1300,16
45147237865352,12:32:27.237,27.1300,100
45147237865352,12:32:27.237,27.1300,184
45151032251824,12:32:31.032,27.1200,100
45151033062246,12:32:31.033,27.1200,100
45182930215829,12:33:02.930,27.1100,100
45185715911856,12:33:05.715,27.1100,28
45191602091957,12:33:11.602,27.1100,40
45191602134627,12:33:11.602,27.1100,27
45191610596908,12:33:11.610,27.1200,100
45239767632323,12:33:59.767,27.1100,100
45239767632323,12:33:59.767,27.1100,100
45239767632323,12:33:59.767,27.1100,100
45239767632323,12:33:59.767,27.1100,100
45239807905942,12:33:59.807,27.1000,100
45239807905942,12:33:59.807,27.1000,100
45239807905942,12:33:59.807,27.1000,100
45239807905942,12:33:59.807,27.1000,100
45239829708504,12:33:59.829,27.1000,400
45272631542469,12:34:32.631,27.1000,100
45272631607689,12:34:32.631,27.1000,200
45272631607689,12:34:32.631,27.1000,100
45272631607689,12:34:32.631,27.1000,8
45272633693406,12:34:32.633,27.1100,200
45272633693406,12:34:32.633,27.1100,100
45272633693406,12:34:32.633,27.1100,100
45272633693406,12:34:32.633,27.1100,100
45272633693406,12:34:32.633,27.1100,500
45339551649630,12:35:39.551,27.1100,100
45339551649630,12:35:39.551,27.1100,100
45347815352540,12:35:47.815,27.1000,100
45374447008730,12:36:14.447,27.0800,100
45378377474451,12:36:18.377,27.0700,100
45396323573348,12:36:36.323,27.0600,100
45521627630400,12:38:41.627,27.0500,100
45521627630400,12:38:41.627,27.0500,100
45524811450267,12:38:44.811,27.0500,100
45524811665243,12:38:44.811,27.0500,100
45524811665243,12:38:44.811,27.0500,200
45524811665243,12:38:44.811,27.0500,100
45524811668203,12:38:44.811,27.0500,100
45573084780095,12:39:33.084,27.0600,300
45573084814944,12:39:33.084,27.0600,100
45573084814944,12:39:33.084,27.0600,100
45573084814944,12:39:33.084,27.0600,100
45573084814944,12:39:33.084,27.0600,5
45573084814944,12:39:33.084,27.0600,100
45573084816306,12:39:33.084,27.0600,100
45573084816306,12:39:33.084,27.0600,305
45573084825935,12:39:33.084,27.0600,125
45573086494660,12:39:33.086,27.0700,33
45573090059691,12:39:33.090,27.0700,200
45573090103410,12:39:33.090,27.0700,100
45573100428722,12:39:33.100,27.0700,70
45573100428722,12:39:33.100,27.0700,100
45631755249975,12:40:31.755,27.0800,100
45642389700935,12:40:42.389,27.0800,5
45706102757254,12:41:46.102,27.0800,100
45706111795772,12:41:46.111,27.0800,100
45706166075097,12:41:46.166,27.0800,100
45714744873853,12:41:54.744,27.0800,100
45714744873853,12:41:54.744,27.0800,100
45714745328234,12:41:54.745,27.0800,200
45723657418787,12:42:03.657,27.0800,100
45723657418787,12:42:03.657,27.0800,100
