timestamp,time,price,volume
34200165272964,09:30:00.165,34.8500,265
34601876456271,09:36:41.876,34.8500,15
34715059560046,09:38:35.059,34.9700,3
34944953854434,09:42:24.953,34.8500,23
35259865730970,09:47:39.865,34.8500,23
35544025167315,09:52:24.025,34.8500,24
35843810963107,09:57:23.810,34.8300,23
36143166711942,10:02:23.166,34.8300,23
36456498022187,10:07:36.498,34.8300,23
36745202567733,10:12:25.202,34.8300,23
36791626071861,10:13:11.626,34.6600,100
36791626071861,10:13:11.626,34.6300,11
36791626071861,10:13:11.626,34.6300,89
36791626505906,10:13:11.626,34.6300,10
36791626602964,10:13:11.626,34.6300,1
36791626602964,10:13:11.626,34.6300,1
37044448602800,10:17:24.448,34.7500,23
37350312611556,10:22:30.312,34.7500,23
37664853933599,10:27:44.853,34.7400,23
37940484754553,10:32:20.484,34.7400,23
38256994313967,10:37:36.994,34.7400,23
38540937401306,10:42:20.937,34.7400,24
38843226524585,10:47:23.226,34.7900,23
39160683333744,10:52:40.683,34.8000,23
39443793130890,10:57:23.793,34.7900,23
39755530142338,11:02:35.530,34.7900,23
39825772889316,11:03:45.772,34.6500,100
39840274200647,11:04:00.274,34.6800,100
40062397702441,11:07:42.397,34.7000,16
40062397702441,11:07:42.397,34.7000,7
40062397764826,11:07:42.397,34.5000,100
40354999712649,11:12:34.999,34.6700,23
40644280417867,11:17:24.280,34.5300,23
40957159324377,11:22:37.159,34.5200,23
41265815107052,11:27:45.815,34.5200,23
41555726352821,11:32:35.726,34.5400,23
41844173896432,11:37:24.173,34.5200,24
42160718399595,11:42:40.718,34.5600,23
42460690840811,11:47:40.690,34.5600,23
42751420864527,11:52:31.420,34.5600,23
42777621999822,11:52:57.621,34.5600,17
42777621999822,11:52:57.621,34.5600,100
42777621999822,11:52:57.621,34.5600,100
42786384303200,11:53:06.384,34.5000,100
42824593156081,11:53:44.593,34.4900,100
42824593156081,11:53:44.593,34.4900,100
42824597981258,11:53:44.597,34.4600,100
42824765164792,11:53:44.765,34.4900,100
42862611177367,11:54:22.611,34.4900,100
43041876957161,11:57:21.876,34.5000,5
43041877323429,11:57:21.877,34.5000,3
43042220873093,11:57:22.220,34.5000,80
43056094336842,11:57:36.094,34.5000,12
43056094336842,11:57:36.094,34.5600,11
43941706356015,12:12:21.706,34.5000,18
43941706368607,12:12:21.706,34.5000,2
43943598595553,12:12:23.598,34.5400,23
44249287990541,12:17:29.287,34.5400,23
44561065588483,12:22:41.065,34.4800,23
44703840252569,12:25:03.840,34.4200,20
44703840252569,12:25:03.840,34.4200,49
44703840252569,12:25:03.840,34.4200,7
44703840252569,12:25:03.840,34.4200,20
44727385610714,12:25:27.385,34.4200,1
44840787510487,12:27:20.787,34.4700,24
45144156173461,12:32:24.156,34.4700,23
45285703416293,12:34:45.703,34.4000,1
45462230198745,12:37:42.230,34.4700,23
45756205706103,12:42:36.205,34.4700,23
45866462661571,12:44:26.462,34.3400,100
45866462661571,12:44:26.462,34.3100,100
45866462661571,12:44:26.462,34.3100,100
45866463812655,12:44:26.463,34.3100,20
45866463812655,12:44:26.463,34.2700,1
45866463812655,12:44:26.463,34.2300,26
45866463948131,12:44:26.463,34.2300,10
46050237704955,12:47:30.237,34.3600,23
46338855305661,12:52:18.855,34.2800,23
46515406671018,12:55:15.406,34.1900,5
46663128810938,12:57:43.128,34.2500,23
46915680067731,13:01:55.680,34.2500,100
46915680386555,13:01:55.680,34.2500,80
46915680389315,13:01:55.680,34.2500,100
46915680404854,13:01:55.680,34.2500,20
46915680750405,13:01:55.680,34.2500,7
46961071957119,13:02:41.071,34.2500,23
46961072398053,13:02:41.072,34.2500,15
46961072413359,13:02:41.072,34.2500,32
46961072413359,13:02:41.072,34.3100,8
47265636737496,13:07:45.636,34.4500,23
47538831473526,13:12:18.831,34.4700,23
47774482031487,13:16:14.482,34.3000,23
47774482185176,13:16:14.482,34.2500,22
47774482229259,13:16:14.482,34.2500,78
47774482229259,13:16:14.482,34.2300,22
47774482689527,13:16:14.482,34.2300,18
47849748436828,13:17:29.748,34.4900,24
48145096906873,13:22:25.096,34.4700,23
48436965432839,13:27:16.965,34.1600,100
48438774498516,13:27:18.774,34.1000,40
48449507334786,13:27:29.507,34.4300,23
48738586225184,13:32:18.586,34.3600,23
49039263704945,13:37:19.263,34.3500,23
49340790604934,13:42:20.790,34.3500,23
49404541796224,13:43:24.541,34.1000,50
49661438984914,13:47:41.438,34.3100,23
49730038645578,13:48:50.038,34.1400,100
49768400033943,13:49:28.400,34.1300,30
49942589700710,13:52:22.589,34.4600,23
50231914347856,13:57:11.914,34.1700,30
50235061065899,13:57:15.061,34.4400,23
50392277757995,13:59:52.277,34.1900,40
50437075705664,14:00:37.075,34.1800,50
50437075708177,14:00:37.075,34.1800,50
50437075708177,14:00:37.075,34.1800,20
50437078178540,14:00:37.078,34.1800,10
50437835871162,14:00:37.835,34.1700,70
50437835871162,14:00:37.835,34.1600,1
50446059100993,14:00:46.059,33.9800,10
50446062010331,14:00:46.062,34.1700,5
50450059719843,14:00:50.059,33.9600,10
50450059719843,14:00:50.059,33.9600,58
50564935371800,14:02:44.935,34.2300,23
50842723770188,14:07:22.723,34.2300,23
51145735152276,14:12:25.735,34.2200,24
51461089625603,14:17:41.089,34.2200,23
51613137415200,14:20:13.137,33.8200,100
51615129810233,14:20:15.129,33.8200,100
51615129810233,14:20:15.129,33.8200,70
51674004936876,14:21:14.004,33.8200,10
51741279519694,14:22:21.279,33.9800,20
51741279519694,14:22:21.279,34.1200,3
51749947297332,14:22:29.947,33.9950,10
52035573114680,14:27:15.573,33.9850,20
52035573114680,14:27:15.573,34.1000,3
52166531942258,14:29:26.531,33.8500,77
52241342077630,14:30:41.342,33.8400,100
52256806424993,14:30:56.806,33.8400,100
52256807239973,14:30:56.807,33.8700,30
52256807239973,14:30:56.807,33.9100,70
52349578415540,14:32:29.578,34.0800,23
52638841707536,14:37:18.841,33.9800,23
52877266640277,14:41:17.266,33.9600,100
52957062170697,14:42:37.062,34.0400,20
52957062170697,14:42:37.062,34.0800,3
53097880439004,14:44:57.880,34.0400,10
53097880439004,14:44:57.880,34.1000,27
53097880439004,14:44:57.880,34.1000,5
53097880705088,14:44:57.880,34.1100,5
53097880826867,14:44:57.880,34.1100,5
53098403871939,14:44:58.403,34.1100,10
53109543453383,14:45:09.543,34.1200,1
53109543453383,14:45:09.543,34.1200,5
53109543937934,14:45:09.543,34.1300,13
53113286441150,14:45:13.286,34.1200,2
53256508467681,14:47:36.508,34.2500,23
53264730641118,14:47:44.730,34.1600,70
53264730641118,14:47:44.730,34.1600,20
53311903848292,14:48:31.903,34.1700,100
53366171733155,14:49:26.171,34.1700,10
53366171733155,14:49:26.171,34.1700,100
53366171733155,14:49:26.171,34.1700,70
53500031373167,14:51:40.031,34.1500,100
53500031448435,14:51:40.031,34.1500,100
53562785320912,14:52:42.785,34.2500,23
53566981701746,14:52:46.981,33.9500,30
53850559627424,14:57:30.559,34.2500,23
54165354680662,15:02:45.354,34.2500,24
54445806627249,15:07:25.806,34.2450,20
54445806627249,15:07:25.806,34.2500,3
54645276989471,15:10:45.276,34.1500,190
54741530545439,15:12:21.530,34.1300,23
55061604169871,15:17:41.604,34.0850,10
55061604169871,15:17:41.604,34.1200,13
55354362827321,15:22:34.362,34.1200,23
55463323487128,15:24:23.323,33.9900,24
55463323487128,15:24:23.323,33.9500,66
55463323725248,15:24:23.323,34.1250,100
55616392565034,15:26:56.392,33.9600,5
55623022281082,15:27:03.022,33.9600,30
55855139005923,15:30:55.139,33.9600,30
56037716752087,15:33:57.716,33.9600,14
56054338010330,15:34:14.338,33.9600,30
56134404983292,15:35:34.404,33.9400,5
56427747262659,15:40:27.747,34.0700,100
56434252636247,15:40:34.252,33.9400,30
56525950120029,15:42:05.950,34.0700,100
56748601679685,15:45:48.601,33.9500,30
56871464768461,15:47:51.464,33.9500,80
56879361403174,15:47:59.361,33.9500,30
56993977181568,15:49:53.977,34.0500,100
56993977181568,15:49:53.977,34.1300,40
56993977181568,15:49:53.977,34.1300,60
57098267948999,15:51:38.267,34.1500,100
57098268703499,15:51:38.268,34.1600,100
57104343646921,15:51:44.343,34.2500,75
57119300490505,15:51:59.300,34.2500,98
57336026620600,15:55:36.026,34.2300,30
57337723355974,15:55:37.723,34.2300,10
57337723355974,15:55:37.723,34.2300,100
57337723355974,15:55:37.723,34.2300,6
57337723355974,15:55:37.723,34.2300,31
57341663109011,15:55:41.663,34.2300,15
57341663109011,15:55:41.663,34.2300,39
57341755768806,15:55:41.755,34.1900,73
57360549268878,15:56:00.549,34.2300,96
57360549268878,15:56:00.549,34.2300,8
57360549268878,15:56:00.549,34.2300,96
57513379740653,15:58:33.379,34.0900,1
57517593065647,15:58:37.593,34.0900,10
57529819329547,15:58:49.819,34.0900,10
57557104462840,15:59:17.104,34.0900,79
57557104462840,15:59:17.104,34.0900,21
57585219956467,15:59:45.219,34.1300,100
57585219956467,15:59:45.219,34.1100,8
57585904404104,15:59:45.904,34.1300,11
57585925937206,15:59:45.925,34.1400,17
57585925937206,15:59:45.925,34.2300,4
57585925937206,15:59:45.925,34.2300,71
57588369593708,15:59:48.369,34.1300,10
57591374553491,15:59:51.374,34.1300,1
57595146493267,15:59:55.146,34.2300,4
57595205192266,15:59:55.205,34.1300,78
57595205192266,15:59:55.205,34.1100,20
57595489034927,15:59:55.489,34.1300,15
57595489034927,15:59:55.489,34.1100,65
57595921017838,15:59:55.921,34.2300,100
57597060077964,15:59:57.060,34.2500,11
57600492299199,16:00:00.492,34.2500,6424
