timestamp,time,price,volume
14402033957042,04:00:02.033,49.9500,79
15247957137610,04:14:07.957,50.0500,2
15991621616742,04:26:31.621,49.9300,10
18449227379776,05:07:29.227,49.8600,20
18449601493253,05:07:29.601,50.0300,33
19558963400774,05:25:58.963,50.0300,50
19666256150728,05:27:46.256,49.3000,50
20094561479642,05:34:54.561,50.0100,25
20094561479642,05:34:54.561,50.0000,20
20096968188109,05:34:56.968,49.9800,21
20147243478728,05:35:47.243,49.9800,50
20858825346298,05:47:38.825,49.3000,41
21288381387731,05:54:48.381,49.9700,1
28136102286994,07:48:56.102,49.7300,100
28900632501183,08:01:40.632,49.8500,40
28929759865952,08:02:09.759,49.8500,100
29102628413884,08:05:02.628,49.8400,300
29102628413884,08:05:02.628,49.8500,200
29165181872023,08:06:05.181,49.8500,2
29198223930407,08:06:38.223,49.8500,3
29208537258155,08:06:48.537,49.8500,655
29225588546647,08:07:05.588,49.8500,245
30048572570649,08:20:48.572,49.8500,1
30270018996003,08:24:30.018,49.8100,100
30326995894623,08:25:26.995,49.8400,13
30333915996152,08:25:33.915,49.8400,188
30333915996152,08:25:33.915,49.8200,100
30406548214003,08:26:46.548,49.8000,40
30533896115399,08:28:53.896,49.7800,60
30614219486453,08:30:14.219,49.8000,254
30637324006274,08:30:37.324,49.8000,100
31206904462392,08:40:06.904,49.8500,1
31346788021247,08:42:26.788,49.8000,45
31367094980580,08:42:47.094,49.8800,6
31885623184359,08:51:25.623,49.8500,5
32001564113786,08:53:21.564,49.8500,1
32724782670431,09:05:24.782,49.8400,1
32873144081544,09:07:53.144,49.8500,1
33111853439310,09:11:51.853,49.8400,10
33134689489558,09:12:14.689,49.8300,4
33193998067313,09:13:13.998,49.8200,100
33385701218867,09:16:25.701,49.8300,96
33396922890034,09:16:36.922,49.8500,2
33605189864853,09:20:05.189,49.7600,10
33963366016795,09:26:03.366,49.7200,1
34063299698787,09:27:43.299,49.6800,6
34063299698787,09:27:43.299,49.7000,64
34199956303092,09:29:59.956,49.6900,100
34200006999273,09:30:00.006,49.6800,100
34200009384209,09:30:00.009,49.6800,62
34200009934516,09:30:00.009,49.6900,100
34200009934516,09:30:00.009,49.6900,36
34200217117137,09:30:00.217,49.7000,1
34200374337057,09:30:00.374,49.7000,1
34200393324493,09:30:00.393,49.7000,34
34200393324493,09:30:00.393,49.7000,100
34200393324493,09:30:00.393,49.7000,139232
34200519719750,09:30:00.519,49.7000,100
34200519719750,09:30:00.519,49.7000,80
34200519719750,09:30:00.519,49.7000,20
34200529641380,09:30:00.529,49.7100,15
34200559644499,09:30:00.559,49.7100,1
34200585838173,09:30:00.585,49.6800,14
34200851665959,09:30:00.851,49.7100,220
34200855115373,09:30:00.855,49.7400,1469
34200878843939,09:30:00.878,49.7500,100
34200878843939,09:30:00.878,49.7500,15
34200878843939,09:30:00.878,49.7500,45
34200878843939,09:30:00.878,49.7500,59
34200878843939,09:30:00.878,49.7500,10
34200882556540,09:30:00.882,49.7600,100
34200885038674,09:30:00.885,49.8000,101
34200885038674,09:30:00.885,49.8000,194
34200885038674,09:30:00.885,49.8000,187
34200925633145,09:30:00.925,49.8000,13
34200925633145,09:30:00.925,49.8000,87
34201459854858,09:30:01.459,49.7100,100
34201555849048,09:30:01.555,49.7100,100
34201757898982,09:30:01.757,49.7100,10
34201908303132,09:30:01.908,49.7900,100
34201908303132,09:30:01.908,49.8000,13
34201908303132,09:30:01.908,49.8000,100
34201908303132,09:30:01.908,49.8000,800
34201908303132,09:30:01.908,49.8000,100
34201914701157,09:30:01.914,49.8000,100
34201930047499,09:30:01.930,49.8100,12
34201930047499,09:30:01.930,49.8200,88
34202261676161,09:30:02.261,49.8200,87
34202261676161,09:30:02.261,49.8500,13
34202788265655,09:30:02.788,49.8500,102
34202788265655,09:30:02.788,49.8500,487
34202788265655,09:30:02.788,49.8500,297
34202788265655,09:30:02.788,49.8500,100
34202788265655,09:30:02.788,49.8500,200
34211001090196,09:30:11.001,49.8000,18
34219033310162,09:30:19.033,49.7900,82
34219206965506,09:30:19.206,49.7900,100
34221725601998,09:30:21.725,49.7900,100
34224938700401,09:30:24.938,49.7900,1
34229868966947,09:30:29.868,49.8400,200
34230161252211,09:30:30.161,49.8500,699
34230197571573,09:30:30.197,49.8500,1
34230197571573,09:30:30.197,49.8300,99
34234648414302,09:30:34.648,49.8650,100
34234648414302,09:30:34.648,49.8600,1250
34234705045721,09:30:34.705,49.8500,50
34234705045721,09:30:34.705,49.8500,127
34234706135597,09:30:34.706,49.8500,100
34234711059321,09:30:34.711,49.8500,200
34236829617669,09:30:36.829,49.9000,12
34236829645130,09:30:36.829,49.9000,188
34236829645130,09:30:36.829,49.9000,50
34236893578884,09:30:36.893,49.9200,100
34236946660814,09:30:36.946,49.9100,100
34236946660814,09:30:36.946,49.9100,490
34236946731644,09:30:36.946,49.9100,210
34236947388352,09:30:36.947,49.9000,100
34236948805914,09:30:36.948,49.9000,100
34236954701252,09:30:36.954,49.9100,200
34236954701252,09:30:36.954,49.9100,100
34236954701252,09:30:36.954,49.9100,100
34236975379194,09:30:36.975,49.9200,100
34236975406521,09:30:36.975,49.9200,100
34236975406521,09:30:36.975,49.9200,100
34238006191095,09:30:38.006,49.9100,100
34238514728754,09:30:38.514,49.9400,2800
34238516254997,09:30:38.516,49.9400,100
34238516279245,09:30:38.516,49.9400,200
34242880154622,09:30:42.880,49.9700,100
34242891295868,09:30:42.891,49.9700,100
34242891326222,09:30:42.891,49.9700,100
34242891326222,09:30:42.891,49.9700,100
34242891585398,09:30:42.891,49.9700,306
34242891611011,09:30:42.891,49.9700,100
34243322242583,09:30:43.322,49.9500,100
34246548196704,09:30:46.548,49.9600,400
34246554421966,09:30:46.554,49.9500,100
34246554449721,09:30:46.554,49.9600,400
34246555106900,09:30:46.555,49.9600,100
34246555359032,09:30:46.555,49.9600,100
34246555359032,09:30:46.555,49.9600,100
34246555368175,09:30:46.555,49.9600,64
34246556230179,09:30:46.556,49.9600,100
34246559879394,09:30:46.559,49.9600,100
34246768677558,09:30:46.768,49.9500,100
34249728101226,09:30:49.728,49.9500,100
34249728101226,09:30:49.728,49.9500,100
34249728445224,09:30:49.728,49.9550,400
34249728624380,09:30:49.728,49.9500,36
34249728624380,09:30:49.728,49.9500,100
34249728694629,09:30:49.728,49.9500,100
34249737066807,09:30:49.737,49.9500,100
34250020899041,09:30:50.020,49.9500,100
34250021280775,09:30:50.021,49.9500,100
34250021280775,09:30:50.021,49.9500,100
34250021280775,09:30:50.021,49.9500,100
34250023443153,09:30:50.023,49.9500,100
34250745380350,09:30:50.745,49.9500,100
34250751775351,09:30:50.751,49.9500,1
34250929801462,09:30:50.929,49.9500,300
34251080650043,09:30:51.080,49.9450,700
34251080659543,09:30:51.080,49.9450,1200
34251080659543,09:30:51.080,49.9400,100
34251080659543,09:30:51.080,49.9400,300
34251080659543,09:30:51.080,49.9400,400
34251081563830,09:30:51.081,49.9300,200
34251081563830,09:30:51.081,49.9300,100
34251082467450,09:30:51.082,49.9200,10
34251082467450,09:30:51.082,49.9200,100
34251083244763,09:30:51.083,49.9100,100
34251083244763,09:30:51.083,49.9100,100
34251083928147,09:30:51.083,49.9100,27
34251083933958,09:30:51.083,49.9100,73
34251083933958,09:30:51.083,49.9100,27
34251083953162,09:30:51.083,49.9100,73
34251083987080,09:30:51.083,49.9100,100
34251083988705,09:30:51.083,49.9100,73
34251084020675,09:30:51.084,49.9100,100
34251084037022,09:30:51.084,49.9100,100
34251084037022,09:30:51.084,49.9100,100
34251084142464,09:30:51.084,49.9100,100
34251084142464,09:30:51.084,49.9100,100
34251084192684,09:30:51.084,49.9100,100
34251084238663,09:30:51.084,49.9100,100
34251084319265,09:30:51.084,49.9100,100
34251084322633,09:30:51.084,49.9100,100
34251084359184,09:30:51.084,49.9100,100
34251084403362,09:30:51.084,49.9100,100
34251084440790,09:30:51.084,49.9100,100
34251084470179,09:30:51.084,49.9100,100
34251084504180,09:30:51.084,49.9100,100
34251084516271,09:30:51.084,49.9100,100
34251084634866,09:30:51.084,49.9100,100
34251084634866,09:30:51.084,49.9100,100
34251084664394,09:30:51.084,49.9100,100
34251085553994,09:30:51.085,49.9100,27
34251085610346,09:30:51.085,49.9100,73
34251091558779,09:30:51.091,49.9100,17
34251091626535,09:30:51.091,49.9100,100
34251739161114,09:30:51.739,49.9200,74
34251739185671,09:30:51.739,49.9200,26
34251781758605,09:30:51.781,49.9200,100
34251781803406,09:30:51.781,49.9200,100
34252648707664,09:30:52.648,49.9100,100
34252648707664,09:30:52.648,49.9100,200
34252649070217,09:30:52.649,49.9200,27
34252649097923,09:30:52.649,49.9100,100
34252649097923,09:30:52.649,49.9200,73
34252649097923,09:30:52.649,49.9200,100
34252649568381,09:30:52.649,49.9100,10
34252649568381,09:30:52.649,49.9100,90
34252696304561,09:30:52.696,49.9100,10
34252696304561,09:30:52.696,49.9100,10
34252696304561,09:30:52.696,49.9100,7
34252696384377,09:30:52.696,49.9100,20
34252696384377,09:30:52.696,49.9100,17
34252696709237,09:30:52.696,49.9200,21
34252697241139,09:30:52.697,49.9200,100
34252718576428,09:30:52.718,49.9200,100
34252770356496,09:30:52.770,49.9200,10
34252770356496,09:30:52.770,49.9200,100
34252770356496,09:30:52.770,49.9200,73
34253190980122,09:30:53.190,49.9200,9
34253192581572,09:30:53.192,49.9200,8
34253211527138,09:30:53.211,49.9100,100
34253211527138,09:30:53.211,49.9100,290
34253211576886,09:30:53.211,49.9100,100
34253211629886,09:30:53.211,49.9100,100
34253211640361,09:30:53.211,49.9100,100
34254732202738,09:30:54.732,49.9100,183
34254732202738,09:30:54.732,49.9100,217
34255860398277,09:30:55.860,49.9100,600
34256169008239,09:30:56.169,49.9100,100
34256169008239,09:30:56.169,49.9100,100
34256169818105,09:30:56.169,49.9100,100
34256169882028,09:30:56.169,49.9100,9
34256171467786,09:30:56.171,49.9100,9
34256174675708,09:30:56.174,49.9100,7
34256176258965,09:30:56.176,49.9100,7
34256177839385,09:30:56.177,49.9100,7
34256180874952,09:30:56.180,49.9100,6
34256182454545,09:30:56.182,49.9100,6
34256184033210,09:30:56.184,49.9100,6
34256186731376,09:30:56.186,49.9100,5
34256236975797,09:30:56.236,49.9100,5
34256287725330,09:30:56.287,49.9100,5
34256337418516,09:30:56.337,49.9100,4
34256387638069,09:30:56.387,49.9100,4
34256437017269,09:30:56.437,49.9100,4
34256487749136,09:30:56.487,49.9100,3
34256537562624,09:30:56.537,49.9100,3
34256551469974,09:30:56.551,49.9100,196
34256587450019,09:30:56.587,49.9100,3
34256637415190,09:30:56.637,49.9100,3
34256687329891,09:30:56.687,49.9100,2
34256737075827,09:30:56.737,49.9100,2
34256787536435,09:30:56.787,49.9100,2
34256787561765,09:30:56.787,49.9100,88
34256907855487,09:30:56.907,49.9100,100
34256908692454,09:30:56.908,49.9100,100
34256908758099,09:30:56.908,49.9100,104
34256908758099,09:30:56.908,49.9050,406
34258414509027,09:30:58.414,49.9050,510
34258414883905,09:30:58.414,49.9050,510
34258414911849,09:30:58.414,49.9050,363
34258415002238,09:30:58.415,49.9050,510
34258415409249,09:30:58.415,49.9050,101
34258415409249,09:30:58.415,49.9000,10
34258415409249,09:30:58.415,49.9000,399
34258415457622,09:30:58.415,49.9000,1
34258415457622,09:30:58.415,49.9000,99
34258415459841,09:30:58.415,49.9000,1
34258415459841,09:30:58.415,49.9000,100
34258415516144,09:30:58.415,49.9000,1
34258415935916,09:30:58.415,49.9000,100
34258416010327,09:30:58.416,49.9000,499
34258416010327,09:30:58.416,49.8900,49
34258416010327,09:30:58.416,49.8900,32
34258416010327,09:30:58.416,49.8900,101
34258416539883,09:30:58.416,49.8900,100
34258416596891,09:30:58.416,49.8900,299
34258416596891,09:30:58.416,49.8900,75
34258417547483,09:30:58.417,49.8900,25
34258417547483,09:30:58.417,49.8900,75
34258422007780,09:30:58.422,49.9000,100
34258422007780,09:30:58.422,49.9000,100
34258422007780,09:30:58.422,49.9000,100
34258422270056,09:30:58.422,49.9000,25
34258422270056,09:30:58.422,49.9000,100
34258428539896,09:30:58.428,49.8900,100
34258428539896,09:30:58.428,49.8900,100
34258434137190,09:30:58.434,49.8800,15
34258434137190,09:30:58.434,49.8800,85
34259521435972,09:30:59.521,49.8900,100
34259521435972,09:30:59.521,49.8900,275
34259521435972,09:30:59.521,49.8900,100
34259521435972,09:30:59.521,49.8900,23
34259521933630,09:30:59.521,49.9000,100
34259624561492,09:30:59.624,49.9050,300
34259993839543,09:30:59.993,49.9000,100
34260011311264,09:31:00.011,49.9000,200
34262000813242,09:31:02.000,49.8900,100
34262000814514,09:31:02.000,49.8900,100
34262005756935,09:31:02.005,49.8900,300
34262005756935,09:31:02.005,49.8850,300
34262062049280,09:31:02.062,49.8900,100
34262062884213,09:31:02.062,49.8900,99
34262666054382,09:31:02.666,49.9000,100
34262674675584,09:31:02.674,49.9100,100
34262674675584,09:31:02.674,49.9100,100
34262674714695,09:31:02.674,49.9100,100
34262674716226,09:31:02.674,49.9100,100
34262674851434,09:31:02.674,49.9100,100
34262674851434,09:31:02.674,49.9100,10
34262674851434,09:31:02.674,49.9100,100
34262675051471,09:31:02.675,49.9100,100
34262675079442,09:31:02.675,49.9100,100
34262675184451,09:31:02.675,49.9100,100
34262675184451,09:31:02.675,49.9100,300
34262675482398,09:31:02.675,49.9100,100
34262675563001,09:31:02.675,49.9100,100
34262675590746,09:31:02.675,49.9100,100
34262675646575,09:31:02.675,49.9100,100
34262675719336,09:31:02.675,49.9200,200
34262676134531,09:31:02.676,49.9100,100
34262676134531,09:31:02.676,49.9100,100
34262676134531,09:31:02.676,49.9100,200
34262677026532,09:31:02.677,49.9100,100
34262677803891,09:31:02.677,49.9100,100
34262677803891,09:31:02.677,49.9100,100
34262677904779,09:31:02.677,49.9100,100
34262677917269,09:31:02.677,49.9100,100
34262677973147,09:31:02.677,49.9100,100
34262677973147,09:31:02.677,49.9100,100
34262832395784,09:31:02.832,49.9000,100
34262841039273,09:31:02.841,49.9000,100
34262841039273,09:31:02.841,49.9000,100
34262841039273,09:31:02.841,49.9000,100
34262989294059,09:31:02.989,49.9000,100
34263177006915,09:31:03.177,49.8900,100
34263177006915,09:31:03.177,49.8900,87
34263482365916,09:31:03.482,49.8900,100
34263482428101,09:31:03.482,49.8900,200
34263482428101,09:31:03.482,49.8900,400
34263482430220,09:31:03.482,49.8900,600
34263482656748,09:31:03.482,49.8900,13
34263483188442,09:31:03.483,49.8900,100
34263483188442,09:31:03.483,49.8900,100
34263483188442,09:31:03.483,49.8900,100
34263489646184,09:31:03.489,49.8800,200
34263489670568,09:31:03.489,49.8900,400
34264003107527,09:31:04.003,49.8900,400
34264003148003,09:31:04.003,49.8900,100
34264939024447,09:31:04.939,49.8900,300
34266118556186,09:31:06.118,49.8800,100
34266118581359,09:31:06.118,49.8800,300
34266118584152,09:31:06.118,49.8800,200
34266118584152,09:31:06.118,49.8800,100
34266119074144,09:31:06.119,49.8800,100
34266119076664,09:31:06.119,49.8800,100
34266119110643,09:31:06.119,49.8800,34
34266119396313,09:31:06.119,49.8800,100
34266119404829,09:31:06.119,49.8800,100
34266119432642,09:31:06.119,49.8800,100
34266119603430,09:31:06.119,49.8800,41
34266119779302,09:31:06.119,49.8800,59
34266368291151,09:31:06.368,49.8900,7
34266368291151,09:31:06.368,49.8900,100
34266368291151,09:31:06.368,49.9000,100
34266368291151,09:31:06.368,49.9000,100
34266368291151,09:31:06.368,49.9000,493
34266368356406,09:31:06.368,49.9000,107
34266630086912,09:31:06.630,49.9100,100
34266630086912,09:31:06.630,49.9100,100
34266630190277,09:31:06.630,49.9100,100
34266630401211,09:31:06.630,49.9100,100
34266630426862,09:31:06.630,49.9100,100
34266630438503,09:31:06.630,49.9100,77
34266631226853,09:31:06.631,49.9200,100
34268866035882,09:31:08.866,49.9300,100
34268867639748,09:31:08.867,49.9200,100
34268867664622,09:31:08.867,49.9200,200
34268867691355,09:31:08.867,49.9200,100
34268867691355,09:31:08.867,49.9200,100
34268868304892,09:31:08.868,49.9200,500
34268868304892,09:31:08.868,49.9100,400
34268868400031,09:31:08.868,49.9100,107
34272752424569,09:31:12.752,49.9500,112
34276117003130,09:31:16.117,49.9600,200
34276117003130,09:31:16.117,49.9600,100
34276117122123,09:31:16.117,49.9600,100
34276117878056,09:31:16.117,49.9600,100
34276117878056,09:31:16.117,49.9600,200
34276117878056,09:31:16.117,49.9600,100
34276117958064,09:31:16.117,49.9600,100
34276118054245,09:31:16.118,49.9600,200
34276665589688,09:31:16.665,49.9600,100
34276665614808,09:31:16.665,49.9600,100
34276775214244,09:31:16.775,49.9600,100
34276775214244,09:31:16.775,49.9600,100
34276775214244,09:31:16.775,49.9600,100
34276775233583,09:31:16.775,49.9600,400
34276775233583,09:31:16.775,49.9600,400
34276775233583,09:31:16.775,49.9600,1600
34277785428705,09:31:17.785,49.9600,100
34277785566316,09:31:17.785,49.9600,1700
34277785637114,09:31:17.785,49.9600,100
34277785637114,09:31:17.785,49.9600,100
34277785637114,09:31:17.785,49.9600,100
34277839900990,09:31:17.839,49.9600,5
34277839955144,09:31:17.839,49.9600,95
34277839955144,09:31:17.839,49.9600,5
34277840004404,09:31:17.840,49.9600,95
34278198568879,09:31:18.198,49.9600,70
34278198594121,09:31:18.198,49.9600,30
34278873161385,09:31:18.873,49.9600,500
34278873494374,09:31:18.873,49.9600,500
34278880731109,09:31:18.880,49.9500,200
34278880755722,09:31:18.880,49.9550,400
34278880780838,09:31:18.880,49.9550,200
34278880780838,09:31:18.880,49.9500,200
34280111289239,09:31:20.111,49.9600,100
34280976752338,09:31:20.976,49.9800,1
34280979359685,09:31:20.979,49.9800,1
34280982775355,09:31:20.982,49.9800,1
34280983845596,09:31:20.983,49.9800,97
34280991005988,09:31:20.991,49.9900,1000
34280991792238,09:31:20.991,49.9900,100
34280991792238,09:31:20.991,49.9900,100
34280991980579,09:31:20.991,49.9900,100
34280991980579,09:31:20.991,49.9900,100
34280991980579,09:31:20.991,49.9900,100
34280991980579,09:31:20.991,50.0000,100
34280991980579,09:31:20.991,50.0000,100
34280991980579,09:31:20.991,50.0000,150
34280991980579,09:31:20.991,50.0000,34
34280991980579,09:31:20.991,50.0000,2500
34280991980579,09:31:20.991,50.0000,10
34280991980579,09:31:20.991,50.0000,30
34280991980579,09:31:20.991,50.0000,66
34280991980579,09:31:20.991,50.0000,30
34280991980579,09:31:20.991,50.0000,1
34280991980579,09:31:20.991,50.0000,450
34280991980579,09:31:20.991,50.0000,841
34280992042271,09:31:20.992,50.0000,1159
34280992042271,09:31:20.992,50.0000,92
34280992042271,09:31:20.992,50.0000,500
34280992042271,09:31:20.992,50.0000,100
34280992042271,09:31:20.992,50.0000,100
34280993889401,09:31:20.993,50.0200,40
34280994252887,09:31:20.994,50.0300,200
34280994252887,09:31:20.994,50.0300,50
34280994815006,09:31:20.994,50.0200,100
34280994815006,09:31:20.994,50.0200,40
34280994874461,09:31:20.994,50.0300,100
34280995369205,09:31:20.995,50.0300,100
34281125413133,09:31:21.125,50.0300,100
34281131091161,09:31:21.131,50.0300,80
34281433555808,09:31:21.433,50.0200,100
34281433555808,09:31:21.433,50.0200,200
34281433575446,09:31:21.433,50.0200,100
34281435565740,09:31:21.435,50.0200,100
34281435565740,09:31:21.435,50.0200,100
34281899671146,09:31:21.899,50.0100,100
34285619241911,09:31:25.619,50.0000,100
34285619519479,09:31:25.619,50.0100,100
34285619519479,09:31:25.619,50.0100,100
34285623034662,09:31:25.623,50.0000,100
34285623034662,09:31:25.623,50.0000,100
34285623191076,09:31:25.623,50.0000,200
34285623700879,09:31:25.623,50.0000,100
34285624979866,09:31:25.624,50.0000,500
34285625208685,09:31:25.625,50.0000,100
34285625208685,09:31:25.625,50.0000,10
34285625208685,09:31:25.625,50.0000,8
34285625286662,09:31:25.625,50.0000,100
34285625288435,09:31:25.625,50.0000,200
34285625288435,09:31:25.625,49.9950,300
34285625494995,09:31:25.625,49.9950,500
34285625843422,09:31:25.625,49.9900,15
34285738371511,09:31:25.738,50.0000,92
34285738371511,09:31:25.738,50.0000,100
34286546531203,09:31:26.546,50.0000,10
34287938730447,09:31:27.938,49.9950,500
34288633783876,09:31:28.633,50.0000,100
34288633858771,09:31:28.633,50.0000,100
34288633938666,09:31:28.633,50.0000,100
34288634070002,09:31:28.634,50.0100,100
34288634070002,09:31:28.634,50.0100,200
34288634070002,09:31:28.634,50.0100,100
34289218704992,09:31:29.218,50.0300,100
34289218704992,09:31:29.218,50.0300,100
34290034723653,09:31:30.034,50.0300,100
34291018041375,09:31:31.018,50.0600,3
34291018273176,09:31:31.018,50.0600,100
34291018312425,09:31:31.018,50.0600,29
34291567873377,09:31:31.567,50.0600,100
34292525377058,09:31:32.525,50.0400,2
34292526173071,09:31:32.526,50.0300,100
34292526477899,09:31:32.526,50.0300,100
34292526491510,09:31:32.526,50.0300,200
34292534071861,09:31:32.534,50.0300,100
34292534071861,09:31:32.534,50.0300,100
34294821284190,09:31:34.821,50.0200,100
34296327598920,09:31:36.327,50.0100,100
34296327971337,09:31:36.327,50.0100,100
34296328216137,09:31:36.328,50.0100,100
34296328770941,09:31:36.328,50.0100,200
34296328815280,09:31:36.328,50.0100,100
34296328826368,09:31:36.328,50.0100,34
34296328826927,09:31:36.328,50.0100,100
34296328886191,09:31:36.328,50.0100,100
34296329082956,09:31:36.329,50.0100,100
34296329082956,09:31:36.329,50.0100,100
34296329169197,09:31:36.329,50.0100,100
34296329169197,09:31:36.329,50.0100,100
34296329169197,09:31:36.329,50.0100,200
34296329194784,09:31:36.329,50.0100,80
34296329194784,09:31:36.329,50.0100,20
34296329199046,09:31:36.329,50.0100,80
34296329223971,09:31:36.329,50.0100,180
34296329243525,09:31:36.329,50.0100,80
34297167964447,09:31:37.167,50.0100,46
34297167993294,09:31:37.167,50.0100,54
34297167993294,09:31:37.167,50.0100,100
34299007729031,09:31:39.007,50.0200,100
34299007729031,09:31:39.007,50.0200,100
34299007729031,09:31:39.007,50.0200,100
34299007729031,09:31:39.007,50.0200,100
34299010048405,09:31:39.010,50.0200,100
34299010048405,09:31:39.010,50.0200,100
34299010048405,09:31:39.010,50.0200,100
34299010147844,09:31:39.010,50.0200,100
34299010165538,09:31:39.010,50.0200,100
34299010173705,09:31:39.010,50.0200,100
34299010309897,09:31:39.010,50.0200,100
34299010334579,09:31:39.010,50.0200,100
34299010334579,09:31:39.010,50.0200,100
34299010482161,09:31:39.010,50.0200,100
34299152521358,09:31:39.152,50.0300,100
34299152521358,09:31:39.152,50.0300,100
34299251274529,09:31:39.251,50.0400,100
34299251274529,09:31:39.251,50.0400,100
34299392236017,09:31:39.392,50.0500,100
34299529469602,09:31:39.529,50.0600,100
34299534508130,09:31:39.534,50.0500,100
34299534508130,09:31:39.534,50.0500,100
34299664779531,09:31:39.664,50.0500,30
34299664779531,09:31:39.664,50.0500,100
34299990349877,09:31:39.990,50.0800,100
34300027293493,09:31:40.027,50.0800,100
34300027293493,09:31:40.027,50.0800,100
34300310314384,09:31:40.310,50.0900,700
34300310314384,09:31:40.310,50.0900,100
34300310314384,09:31:40.310,50.0900,100
34300310314384,09:31:40.310,50.0900,100
34300323645161,09:31:40.323,50.0900,100
34300324543896,09:31:40.324,50.0900,100
34300324543896,09:31:40.324,50.0900,100
34300324543896,09:31:40.324,50.0900,100
34301086557745,09:31:41.086,50.0800,100
34301086854966,09:31:41.086,50.0800,100
34301086854966,09:31:41.086,50.0800,100
34301087320175,09:31:41.087,50.0800,100
34301089894642,09:31:41.089,50.0800,100
34301339160749,09:31:41.339,50.0800,100
34301589848286,09:31:41.589,50.0800,100
34301841845557,09:31:41.841,50.0800,100
34302395853153,09:31:42.395,50.0800,100
34306346955685,09:31:46.346,50.0600,200
34306346982917,09:31:46.346,50.0600,300
34306346982917,09:31:46.346,50.0600,8
34306347003011,09:31:46.347,50.0650,100
34306347827244,09:31:46.347,50.0500,300
34306348867490,09:31:46.348,50.0400,200
34306455780854,09:31:46.455,50.0300,40
34306455780854,09:31:46.455,50.0300,250
34306455780854,09:31:46.455,50.0300,100
34306474450679,09:31:46.474,50.0100,40
34306474450679,09:31:46.474,50.0100,60
34306474485969,09:31:46.474,50.0100,40
34307341691102,09:31:47.341,50.0000,200
34307341691102,09:31:47.341,50.0000,500
34307342267368,09:31:47.342,50.0000,100
34307348656022,09:31:47.348,50.0000,600
34307548397209,09:31:47.548,50.0000,100
34307549059551,09:31:47.549,50.0000,100
34307855685914,09:31:47.855,50.0000,100
34312966131176,09:31:52.966,50.0000,700
34312966131176,09:31:52.966,50.0000,100
34312966156732,09:31:52.966,50.0000,700
34312966156732,09:31:52.966,49.9900,485
34312966156732,09:31:52.966,49.9900,200
34312966156732,09:31:52.966,49.9900,500
34312966156732,09:31:52.966,49.9900,100
34312966780819,09:31:52.966,50.0000,100
34312966780819,09:31:52.966,50.0000,100
34312966780819,09:31:52.966,50.0000,100
34312966855142,09:31:52.966,50.0000,100
34312966855142,09:31:52.966,50.0000,100
34312966855142,09:31:52.966,50.0000,100
34312966855142,09:31:52.966,49.9900,100
34312966855142,09:31:52.966,49.9900,15
34312966884186,09:31:52.966,50.0000,100
34312966885611,09:31:52.966,50.0000,130
34312966885611,09:31:52.966,50.0000,100
34312966885611,09:31:52.966,50.0000,200
34312966885611,09:31:52.966,49.9900,100
34312966885611,09:31:52.966,49.9900,100
34313427186976,09:31:53.427,50.0000,15
34316170814886,09:31:56.170,50.0100,100
34316170814886,09:31:56.170,50.0100,400
34316170814886,09:31:56.170,50.0100,100
34316569099973,09:31:56.569,49.9750,100
34316679100541,09:31:56.679,49.9700,100
34316679420271,09:31:56.679,49.9700,85
34317014163228,09:31:57.014,49.9600,30
34317916820486,09:31:57.916,49.9600,73
34318068597553,09:31:58.068,49.9700,100
34318068597553,09:31:58.068,49.9700,200
34318068597553,09:31:58.068,49.9700,100
34318068597553,09:31:58.068,49.9700,100
34318069120150,09:31:58.069,49.9700,100
34318069120150,09:31:58.069,49.9700,100
34318697234138,09:31:58.697,49.9800,100
34318885376727,09:31:58.885,49.9800,100
34319551872156,09:31:59.551,49.9800,100
34319551872156,09:31:59.551,49.9800,100
34319551894613,09:31:59.551,49.9800,100
34319551894613,09:31:59.551,49.9800,100
34319555078598,09:31:59.555,49.9800,100
34319555078598,09:31:59.555,49.9800,100
34319555078598,09:31:59.555,49.9800,200
34319555078598,09:31:59.555,49.9800,100
34320022076378,09:32:00.022,49.9900,21
34320022102076,09:32:00.022,49.9900,79
34320119116667,09:32:00.119,50.0000,100
34320885353341,09:32:00.885,49.9900,100
34320888719521,09:32:00.888,49.9800,100
34320888719521,09:32:00.888,49.9800,100
34320888866757,09:32:00.888,49.9900,100
34320888866757,09:32:00.888,49.9900,100
34320888866757,09:32:00.888,49.9900,100
34323065859278,09:32:03.065,49.9900,100
34323065859278,09:32:03.065,49.9900,100
34323066935789,09:32:03.066,50.0000,100
34323499261646,09:32:03.499,50.0000,100
34323499261646,09:32:03.499,50.0000,26
34326049048379,09:32:06.049,50.0000,1000
34326097170246,09:32:06.097,50.0000,100
34326097180106,09:32:06.097,50.0000,100
34326097385155,09:32:06.097,50.0000,202
34326124934674,09:32:06.124,49.9900,300
34326175742106,09:32:06.175,49.9900,300
34326176191930,09:32:06.176,49.9900,300
34327073733201,09:32:07.073,49.9900,100
34327486340815,09:32:07.486,49.9900,300
34327486340815,09:32:07.486,49.9900,100
34327492131810,09:32:07.492,49.9900,100
34327492131810,09:32:07.492,49.9900,100
34327504201260,09:32:07.504,49.9900,100
34327504212329,09:32:07.504,49.9900,100
34327504223791,09:32:07.504,49.9900,100
34327511427084,09:32:07.511,49.9900,1
34328071907442,09:32:08.071,49.9900,100
34332501589515,09:32:12.501,49.9900,11
34333235389824,09:32:13.235,50.0000,2238
34333235421792,09:32:13.235,50.0000,117
34333235421792,09:32:13.235,50.0000,100
34333235421792,09:32:13.235,50.0000,1
34333235421792,09:32:13.235,50.0000,100
34333235759465,09:32:13.235,50.0100,100
34333283288728,09:32:13.283,50.0400,40
34333283288728,09:32:13.283,50.0400,60
34333283304038,09:32:13.283,50.0400,40
34333834538432,09:32:13.834,50.0500,100
34334318733589,09:32:14.318,50.0400,100
34334318733589,09:32:14.318,50.0400,200
34335057523728,09:32:15.057,50.0300,100
34335057523728,09:32:15.057,50.0300,173
34335354559519,09:32:15.354,50.0200,300
34335354872564,09:32:15.354,50.0200,300
34335354872564,09:32:15.354,50.0200,100
34335354899617,09:32:15.354,50.0200,41
34335355099235,09:32:15.355,50.0200,259
34336499517246,09:32:16.499,50.0000,20
34336500667071,09:32:16.500,50.0000,100
34336501255052,09:32:16.501,50.0000,100
34336501255052,09:32:16.501,50.0000,100
34336758162808,09:32:16.758,50.0000,100
34341678841121,09:32:21.678,50.0000,100
34345398972664,09:32:25.398,50.0100,11
34346877088576,09:32:26.877,50.0000,20
34346877088576,09:32:26.877,50.0000,200
34346877088576,09:32:26.877,50.0000,80
34346877139122,09:32:26.877,50.0000,20
34346877202278,09:32:26.877,50.0000,100
34346877263427,09:32:26.877,50.0000,100
34346877842126,09:32:26.877,50.0000,100
34349190930894,09:32:29.190,50.0000,100
34349190930894,09:32:29.190,50.0000,15
34350431626292,09:32:30.431,50.0100,89
34350431626292,09:32:30.431,50.0100,100
34351464589990,09:32:31.464,50.0700,100
34351564697858,09:32:31.564,50.0700,40
34351564768410,09:32:31.564,50.0700,60
34351564813934,09:32:31.564,50.0700,100
34351564813934,09:32:31.564,50.0700,100
34351564813934,09:32:31.564,50.0700,100
34351564884007,09:32:31.564,50.0700,100
34351564903744,09:32:31.564,50.0700,100
34352174830473,09:32:32.174,50.0750,100
34353021118527,09:32:33.021,50.0750,200
34353460044964,09:32:33.460,50.0750,200
34353715460401,09:32:33.715,50.0700,100
34353715460401,09:32:33.715,50.0700,100
34353715518573,09:32:33.715,50.0700,100
34353715518573,09:32:33.715,50.0700,100
34353715816209,09:32:33.715,50.0700,100
34353715899937,09:32:33.715,50.0700,100
34353715903887,09:32:33.715,50.0700,100
34353716092808,09:32:33.716,50.0700,100
34353716092808,09:32:33.716,50.0700,200
34353719007562,09:32:33.719,50.0700,100
34353719007562,09:32:33.719,50.0700,400
34356963815546,09:32:36.963,50.0750,100
34358185110948,09:32:38.185,50.0750,300
34358216047442,09:32:38.216,50.0800,100
34358216047442,09:32:38.216,50.0800,10
34358218786094,09:32:38.218,50.0900,100
34358221229766,09:32:38.221,50.1000,3
34360024367291,09:32:40.024,50.1050,100
34360040807920,09:32:40.040,50.1100,4
34360042482781,09:32:40.042,50.1100,4
34361411099692,09:32:41.411,50.1050,200
34362963013063,09:32:42.963,50.1100,4
34362963055419,09:32:42.963,50.1100,103
34362963077156,09:32:42.963,50.1100,85
34362963077156,09:32:42.963,50.1100,15
34362963086180,09:32:42.963,50.1100,85
34362963086180,09:32:42.963,50.1100,15
34362963109350,09:32:42.963,50.1100,85
34362963109350,09:32:42.963,50.1100,15
34362963460425,09:32:42.963,50.1100,85
34363055709214,09:32:43.055,50.1300,100
34363055732373,09:32:43.055,50.1300,100
34364740646153,09:32:44.740,50.1250,100
34364740646153,09:32:44.740,50.1200,100
34364740646153,09:32:44.740,50.1200,100
34364740646153,09:32:44.740,50.1200,5
34367730450569,09:32:47.730,50.1300,5
34367773814579,09:32:47.773,50.1250,300
34367773814579,09:32:47.773,50.1200,95
34367773814579,09:32:47.773,50.1200,5
34367773814579,09:32:47.773,50.1200,100
34367774338356,09:32:47.774,50.1200,100
34367780772417,09:32:47.780,50.1200,200
34367781137464,09:32:47.781,50.1200,100
34367781220416,09:32:47.781,50.1200,3
34367781521463,09:32:47.781,50.1200,100
34368469487061,09:32:48.469,50.1050,200
34368469810782,09:32:48.469,50.1000,100
34368469983196,09:32:48.469,50.1000,100
34368469983196,09:32:48.469,50.1000,100
34368470825607,09:32:48.470,50.1000,200
34368471110111,09:32:48.471,50.1000,100
34368471110111,09:32:48.471,50.1000,100
34368471110111,09:32:48.471,50.1000,100
34368471388133,09:32:48.471,50.1000,100
34368471388133,09:32:48.471,50.1000,100
34368471388133,09:32:48.471,50.1000,100
34368472806430,09:32:48.472,50.1000,100
34368473959314,09:32:48.473,50.1100,100
34368490580876,09:32:48.490,50.1100,100
34368490580876,09:32:48.490,50.1100,100
34368490580876,09:32:48.490,50.1100,100
34368496950663,09:32:48.496,50.1200,1
34368700395458,09:32:48.700,50.1200,99
34368700414950,09:32:48.700,50.1300,195
34368700414950,09:32:48.700,50.1300,200
34368700414950,09:32:48.700,50.1300,100
34368700414950,09:32:48.700,50.1300,100
34368700414950,09:32:48.700,50.1300,99
34368700573798,09:32:48.700,50.1200,100
34368700791606,09:32:48.700,50.1200,100
34368700791606,09:32:48.700,50.1200,100
34368700791606,09:32:48.700,50.1200,100
34368700791606,09:32:48.700,50.1200,200
34368701106935,09:32:48.701,50.1300,100
34368701106935,09:32:48.701,50.1300,200
34368701112433,09:32:48.701,50.1300,100
34368701202892,09:32:48.701,50.1300,14
34368701320911,09:32:48.701,50.1300,100
34368701504008,09:32:48.701,50.1200,85
34368701538929,09:32:48.701,50.1200,15
34368845827612,09:32:48.845,50.1200,100
34368866350505,09:32:48.866,50.1200,100
34368866350505,09:32:48.866,50.1200,100
34368866350505,09:32:48.866,50.1200,100
34368866350505,09:32:48.866,50.1200,100
34369959519829,09:32:49.959,50.1300,1
34369961928112,09:32:49.961,50.1300,1
34369963993364,09:32:49.963,50.1300,1
34369967083315,09:32:49.967,50.1300,1
34369969470538,09:32:49.969,50.1300,1
34369972556001,09:32:49.972,50.1300,1
34369974951135,09:32:49.974,50.1300,1
34371022572319,09:32:51.022,50.1200,100
34371022572319,09:32:51.022,50.1200,200
34371028447662,09:32:51.028,50.1200,100
34371033158388,09:32:51.033,50.1200,100
34371578623139,09:32:51.578,50.1200,16
34372023014053,09:32:52.023,50.1200,100
34372873546649,09:32:52.873,50.1200,200
34373611867328,09:32:53.611,50.1200,100
34373611988503,09:32:53.611,50.1200,100
34373612077758,09:32:53.612,50.1200,100
34373612100506,09:32:53.612,50.1200,100
34373612103176,09:32:53.612,50.1200,100
34373612230506,09:32:53.612,50.1200,100
34373612234580,09:32:53.612,50.1200,100
34373617401665,09:32:53.617,50.1000,100
34373617688742,09:32:53.617,50.1000,95
34373974378836,09:32:53.974,50.1000,100
34375027724454,09:32:55.027,50.1000,100
34375027724454,09:32:55.027,50.1000,100
34377705701854,09:32:57.705,50.1100,15
34377705724626,09:32:57.705,50.1100,45
34377705769550,09:32:57.705,50.1100,40
34377707107741,09:32:57.707,50.1200,5
34377717580387,09:32:57.717,50.1200,73
34377718079692,09:32:57.718,50.1300,200
34377718079692,09:32:57.718,50.1300,100
34377718079692,09:32:57.718,50.1300,200
34377721048722,09:32:57.721,50.1300,100
34377721048722,09:32:57.721,50.1300,100
34378027550021,09:32:58.027,50.1200,100
34378066549346,09:32:58.066,50.1100,100
34378197457035,09:32:58.197,50.1000,100
34378198001862,09:32:58.198,50.1000,287
34378198525874,09:32:58.198,50.1000,318
34378199797367,09:32:58.199,50.1000,100
34380505089448,09:33:00.505,50.1100,100
34381014622495,09:33:01.014,50.1200,100
34381090854113,09:33:01.090,50.1000,100
34381090854113,09:33:01.090,50.1000,100
34382437411552,09:33:02.437,50.1000,100
34385836175146,09:33:05.836,50.1000,100
34385837608453,09:33:05.837,50.1000,100
34385837608453,09:33:05.837,50.1000,100
34385837608453,09:33:05.837,50.1000,100
34385837608453,09:33:05.837,50.1000,100
34385837608453,09:33:05.837,50.1000,100
34385838018823,09:33:05.838,50.1100,100
34385838018823,09:33:05.838,50.1100,100
34385903453334,09:33:05.903,50.1000,100
34385906760207,09:33:05.906,50.1000,100
34385907027391,09:33:05.907,50.1000,200
34385908014833,09:33:05.908,50.1000,100
34386069153873,09:33:06.069,50.1000,100
34386069153873,09:33:06.069,50.1000,100
34386475236039,09:33:06.475,50.1100,100
34386718225002,09:33:06.718,50.1100,100
34387462992633,09:33:07.462,50.1000,100
34387464472846,09:33:07.464,50.1000,100
34387464472846,09:33:07.464,50.1000,100
34387464472846,09:33:07.464,50.1000,100
34387470689798,09:33:07.470,50.1000,100
34387473656027,09:33:07.473,50.1000,100
34387491620540,09:33:07.491,50.1000,100
34387491620540,09:33:07.491,50.1000,100
34387491620540,09:33:07.491,50.1000,100
34393856990772,09:33:13.856,50.1000,48
34393857007763,09:33:13.857,50.1000,52
34393857007763,09:33:13.857,50.1000,48
34393857018707,09:33:13.857,50.1000,52
34393857018707,09:33:13.857,50.1000,248
34393857028191,09:33:13.857,50.1000,100
34393857052887,09:33:13.857,50.1000,100
34393867384769,09:33:13.867,50.1000,100
34393875019804,09:33:13.875,50.1000,100
34393875019804,09:33:13.875,50.1000,100
34394525024583,09:33:14.525,50.1000,100
34394525080488,09:33:14.525,50.1000,100
34394525115707,09:33:14.525,50.1000,100
34394534389123,09:33:14.534,50.1000,100
34394534389123,09:33:14.534,50.1000,100
34394534389123,09:33:14.534,50.1000,100
34394539181511,09:33:14.539,50.1000,100
34394539181511,09:33:14.539,50.1000,100
34394551290157,09:33:14.551,50.1000,100
34394871030831,09:33:14.871,50.1000,52
34394872608281,09:33:14.872,50.1000,100
34394872608281,09:33:14.872,50.1000,100
34394872746558,09:33:14.872,50.1000,100
34394872746558,09:33:14.872,50.1000,100
34394891362290,09:33:14.891,50.1000,100
34394893050583,09:33:14.893,50.1000,100
34394893050583,09:33:14.893,50.1000,100
34394893050583,09:33:14.893,50.1000,125
34394893050583,09:33:14.893,50.1000,100
34394978544139,09:33:14.978,50.1000,100
34394978544139,09:33:14.978,50.1000,100
34394978544139,09:33:14.978,50.1000,100
34394978544139,09:33:14.978,50.1000,125
34395287711400,09:33:15.287,50.1000,100
34395287711400,09:33:15.287,50.1000,100
34396264803133,09:33:16.264,50.0900,400
34396268967998,09:33:16.268,50.0900,100
34396269290385,09:33:16.269,50.0900,100
34396270470943,09:33:16.270,50.0900,100
34396270745968,09:33:16.270,50.0900,100
34396270962473,09:33:16.270,50.0900,100
34396593974190,09:33:16.593,50.0800,200
34396593974190,09:33:16.593,50.0800,100
34396594338696,09:33:16.594,50.0800,200
34396594338696,09:33:16.594,50.0800,500
34396594338696,09:33:16.594,50.0800,100
34396660465248,09:33:16.660,50.0800,200
34396660465248,09:33:16.660,50.0800,100
34396660465248,09:33:16.660,50.0800,100
34397075927270,09:33:17.075,50.0800,200
34397075927270,09:33:17.075,50.0800,100
34397075927270,09:33:17.075,50.0800,100
34397078547689,09:33:17.078,50.0800,200
34397078547689,09:33:17.078,50.0800,100
34397078547689,09:33:17.078,50.0800,100
34397078547689,09:33:17.078,50.0800,100
34397078620643,09:33:17.078,50.0800,100
34397928503851,09:33:17.928,50.0900,100
34397928503851,09:33:17.928,50.0900,100
34397928503851,09:33:17.928,50.0900,100
34397928632929,09:33:17.928,50.0900,100
34397928632929,09:33:17.928,50.0900,200
34397955591924,09:33:17.955,50.0900,100
34397955591924,09:33:17.955,50.0900,200
34397955591924,09:33:17.955,50.0900,100
34398454456842,09:33:18.454,50.0800,100
34398455797887,09:33:18.455,50.0800,100
34398455818141,09:33:18.455,50.0800,100
34398455818141,09:33:18.455,50.0800,100
34398455818141,09:33:18.455,50.0800,100
34398455818141,09:33:18.455,50.0800,200
34398455818141,09:33:18.455,50.0800,100
34398875710708,09:33:18.875,50.0800,100
34398876816340,09:33:18.876,50.0800,15
34398878385675,09:33:18.878,50.0800,65
34398879045897,09:33:18.879,50.0800,5
34398879166900,09:33:18.879,50.0800,10
34398879194448,09:33:18.879,50.0800,20
34400323556436,09:33:20.323,50.0800,10
34400979497140,09:33:20.979,50.0800,100
34400986507122,09:33:20.986,50.0800,100
34401883828023,09:33:21.883,50.0800,100
34401885195630,09:33:21.885,50.0800,100
34401885195630,09:33:21.885,50.0800,100
34404045578316,09:33:24.045,50.0900,200
34404045578316,09:33:24.045,50.0900,200
34404045578316,09:33:24.045,50.0900,300
34404045578316,09:33:24.045,50.0900,100
34404045578316,09:33:24.045,50.0900,200
34404073246803,09:33:24.073,50.0900,1
34405428926109,09:33:25.428,50.0800,100
34405430268343,09:33:25.430,50.0800,100
34405430268343,09:33:25.430,50.0800,100
34405430268343,09:33:25.430,50.0800,100
34405430395760,09:33:25.430,50.0800,300
34405430398618,09:33:25.430,50.0800,200
34408897668700,09:33:28.897,50.0800,100
34412394352409,09:33:32.394,50.0800,100
34412394436268,09:33:32.394,50.0800,100
34412842554664,09:33:32.842,50.0800,100
34412842554664,09:33:32.842,50.0800,100
34418078726789,09:33:38.078,50.0800,25
34418079201012,09:33:38.079,50.0800,275
34418079201012,09:33:38.079,50.0800,100
34418089448363,09:33:38.089,50.0800,300
34419086723467,09:33:39.086,50.0800,25
34419086768471,09:33:39.086,50.0800,200
34419086846081,09:33:39.086,50.0800,75
34419086846081,09:33:39.086,50.0800,100
34419087350049,09:33:39.087,50.0800,100
34419087350049,09:33:39.087,50.0800,175
34419087917582,09:33:39.087,50.0800,100
34421472410369,09:33:41.472,50.0700,100
34421472410369,09:33:41.472,50.0700,500
34421473371696,09:33:41.473,50.0600,100
34421474143436,09:33:41.474,50.0600,100
34421478905701,09:33:41.478,50.0600,100
34421500496277,09:33:41.500,50.0600,100
34421500496277,09:33:41.500,50.0550,100
34421500496277,09:33:41.500,50.0500,100
34421500560650,09:33:41.500,50.0500,40
34421500731878,09:33:41.500,50.0500,40
34421508868446,09:33:41.508,50.0500,160
34421509520370,09:33:41.509,50.0500,200
34421509520370,09:33:41.509,50.0500,100
34421510025936,09:33:41.510,50.0500,300
34421510025936,09:33:41.510,50.0500,100
34421510025936,09:33:41.510,50.0500,100
34421510895517,09:33:41.510,50.0500,100
34421513887207,09:33:41.513,50.0500,200
34421513887207,09:33:41.513,50.0500,100
34421515384618,09:33:41.515,50.0500,300
34421515384618,09:33:41.515,50.0500,100
34421515384618,09:33:41.515,50.0500,100
34421520646416,09:33:41.520,50.0500,100
34421534057929,09:33:41.534,50.0500,200
34421534057929,09:33:41.534,50.0500,100
34421534057929,09:33:41.534,50.0500,100
34421540139936,09:33:41.540,50.0500,300
34421540139936,09:33:41.540,50.0500,100
34421540139936,09:33:41.540,50.0500,300
34421540749877,09:33:41.540,50.0500,100
34424838415954,09:33:44.838,50.0500,100
34424838415954,09:33:44.838,50.0500,100
34424843977054,09:33:44.843,50.0500,200
34424843977054,09:33:44.843,50.0500,100
34424843977054,09:33:44.843,50.0500,100
34424843977054,09:33:44.843,50.0500,100
34425519470757,09:33:45.519,50.0500,100
34425524066320,09:33:45.524,50.0300,100
34425524066320,09:33:45.524,50.0300,200
34425524066320,09:33:45.524,50.0300,100
34425573445366,09:33:45.573,50.0200,140
34425573776280,09:33:45.573,50.0200,100
34425573780241,09:33:45.573,50.0200,60
34425613163344,09:33:45.613,50.0100,100
34425613163344,09:33:45.613,50.0100,40
34426000723085,09:33:46.000,50.0000,5
34426412365656,09:33:46.412,50.0000,100
34428832354966,09:33:48.832,50.0000,100
34428832444626,09:33:48.832,50.0000,100
34428832787310,09:33:48.832,50.0000,100
34428832787310,09:33:48.832,50.0000,100
34428832787310,09:33:48.832,50.0000,100
34428845647695,09:33:48.845,50.0000,200
34428845647695,09:33:48.845,50.0000,100
34428845647695,09:33:48.845,50.0000,100
34428846042430,09:33:48.846,50.0000,100
34428846081662,09:33:48.846,50.0000,94
34428846120534,09:33:48.846,50.0000,6
34431265144828,09:33:51.265,49.9900,10
34431265144828,09:33:51.265,49.9900,90
34431265190070,09:33:51.265,49.9900,10
34431265202585,09:33:51.265,49.9900,10
34431265330204,09:33:51.265,49.9900,100
34431265330204,09:33:51.265,49.9900,100
34431265330204,09:33:51.265,49.9900,100
34431265330204,09:33:51.265,49.9900,100
34431265685860,09:33:51.265,49.9950,400
34431265959780,09:33:51.265,50.0000,100
34431265959780,09:33:51.265,50.0000,100
34431265959780,09:33:51.265,50.0000,200
34431265959780,09:33:51.265,50.0000,100
34431386658253,09:33:51.386,50.0000,100
34431386959657,09:33:51.386,50.0000,400
34431392637860,09:33:51.392,49.9950,300
34431401664516,09:33:51.401,49.9950,300
34431409507371,09:33:51.409,49.9950,300
34431414176982,09:33:51.414,49.9950,300
34431418850605,09:33:51.418,49.9900,300
34431419196293,09:33:51.419,49.9900,100
34431506253157,09:33:51.506,49.9900,15
34431507823919,09:33:51.507,49.9900,5
34431508047211,09:33:51.508,49.9900,5
34431508280870,09:33:51.508,49.9900,5
34431521693667,09:33:51.521,49.9900,10
34431521693667,09:33:51.521,49.9900,100
34431521693667,09:33:51.521,49.9900,90
34431521747056,09:33:51.521,49.9900,10
34431522246591,09:33:51.522,49.9900,100
34431522246591,09:33:51.522,49.9900,100
34433340079261,09:33:53.340,50.0000,100
34433340079261,09:33:53.340,50.0000,100
34433906083798,09:33:53.906,50.0000,43
34433906083798,09:33:53.906,50.0000,57
34434006337409,09:33:54.006,50.0100,100
34434006337409,09:33:54.006,50.0100,100
34434006337409,09:33:54.006,50.0100,100
34434006337409,09:33:54.006,50.0100,100
34434006337409,09:33:54.006,50.0100,100
34434006577880,09:33:54.006,50.0100,100
34434006642631,09:33:54.006,50.0100,100
34434006680326,09:33:54.006,50.0100,100
34434006681685,09:33:54.006,50.0100,100
34434006904347,09:33:54.006,50.0100,100
34434024519390,09:33:54.024,50.0100,300
34434024579116,09:33:54.024,50.0100,100
34434024579689,09:33:54.024,50.0100,100
34434024584370,09:33:54.024,50.0100,100
34434024591084,09:33:54.024,50.0100,300
34435527197769,09:33:55.527,50.0100,100
34436527255571,09:33:56.527,50.0000,6
34436527442791,09:33:56.527,50.0000,6
34436527558090,09:33:56.527,50.0000,6
34437476863721,09:33:57.476,50.0000,100
34437878505135,09:33:57.878,50.0000,100
34437878505135,09:33:57.878,50.0000,100
34440153872742,09:34:00.153,50.0000,100
34441509706020,09:34:01.509,50.0100,100
34441509706020,09:34:01.509,50.0100,100
34441509706020,09:34:01.509,50.0100,100
34442146186790,09:34:02.146,50.0200,100
34442146186790,09:34:02.146,50.0200,100
34442146186790,09:34:02.146,50.0200,100
34443779094307,09:34:03.779,50.0100,5
34449946310137,09:34:09.946,50.0300,100
34449946360273,09:34:09.946,50.0400,100
34449946369371,09:34:09.946,50.0400,100
34449946432036,09:34:09.946,50.0500,100
34449946432036,09:34:09.946,50.0500,100
34449946432036,09:34:09.946,50.0500,200
34449946522944,09:34:09.946,50.0500,80
34449946814165,09:34:09.946,50.0600,100
34449947126095,09:34:09.947,50.0600,100
34450132751329,09:34:10.132,50.0600,9
34451025576139,09:34:11.025,50.0700,100
34451025576139,09:34:11.025,50.0700,100
34451147007537,09:34:11.147,50.0700,1
34452990546238,09:34:12.990,50.0700,100
34457152225697,09:34:17.152,50.0700,100
34457152225697,09:34:17.152,50.0700,100
34457152225697,09:34:17.152,50.0700,100
34457159815607,09:34:17.159,50.0800,100
34457159815607,09:34:17.159,50.0800,100
34457159910795,09:34:17.159,50.0800,85
34457160336195,09:34:17.160,50.0800,15
34457160336195,09:34:17.160,50.0800,85
34457160377223,09:34:17.160,50.0800,15
34457164020711,09:34:17.164,50.0800,100
34457164020711,09:34:17.164,50.0800,100
34457218232280,09:34:17.218,50.0800,100
34457575489134,09:34:17.575,50.0800,100
34458210028023,09:34:18.210,50.0800,100
34458222178275,09:34:18.222,50.0800,100
34458222178275,09:34:18.222,50.0800,100
34458222178275,09:34:18.222,50.0800,200
34460520331104,09:34:20.520,50.0800,100
34460520331104,09:34:20.520,50.0800,100
34462640787041,09:34:22.640,50.0700,100
34462640894136,09:34:22.640,50.0700,19
34462640940054,09:34:22.640,50.0700,481
34462640940054,09:34:22.640,50.0700,300
34462640940054,09:34:22.640,50.0700,119
34462786890759,09:34:22.786,50.0700,100
34462871753945,09:34:22.871,50.0800,100
34462871753945,09:34:22.871,50.0800,200
34462871753945,09:34:22.871,50.0800,200
34462871753945,09:34:22.871,50.0800,100
34462871879665,09:34:22.871,50.0800,100
34462871880969,09:34:22.871,50.0800,100
34462871890103,09:34:22.871,50.0800,100
34462871890103,09:34:22.871,50.0800,100
34462871893078,09:34:22.871,50.0800,200
34462872127091,09:34:22.872,50.0900,100
34462872127091,09:34:22.872,50.0900,100
34462872127091,09:34:22.872,50.0900,200
34462872127091,09:34:22.872,50.0900,400
34462878684903,09:34:22.878,50.0900,100
34462878684903,09:34:22.878,50.0900,100
34462878684903,09:34:22.878,50.0900,100
34462986757543,09:34:22.986,50.0900,100
34462987438923,09:34:22.987,50.0900,100
34462987879377,09:34:22.987,50.0900,100
34463285142799,09:34:23.285,50.0900,100
34463299264505,09:34:23.299,50.0900,100
34463299264505,09:34:23.299,50.0900,100
34463299264505,09:34:23.299,50.0900,100
34464387127820,09:34:24.387,50.0900,100
34464388420400,09:34:24.388,50.0900,100
34464388420400,09:34:24.388,50.0900,100
34464388420400,09:34:24.388,50.0900,100
34466437586986,09:34:26.437,50.0900,100
34466437586986,09:34:26.437,50.0900,100
34466440900874,09:34:26.440,50.0900,100
34466440900874,09:34:26.440,50.0900,100
34466440900874,09:34:26.440,50.0900,100
34467661918444,09:34:27.661,50.0900,2
34467782604504,09:34:27.782,50.0900,2
34469174789613,09:34:29.174,50.0900,96
34469175959150,09:34:29.175,50.0900,99
34469963442159,09:34:29.963,50.1000,200
34470022491375,09:34:30.022,50.0900,100
34470190885143,09:34:30.190,50.0900,100
34474077181075,09:34:34.077,50.0900,100
34474077181075,09:34:34.077,50.0900,100
34474077181075,09:34:34.077,50.0900,100
34475225381922,09:34:35.225,50.0900,200
34475388737792,09:34:35.388,50.0900,100
34475388737792,09:34:35.388,50.0900,300
34476500419685,09:34:36.500,50.0900,100
34476500419685,09:34:36.500,50.0900,100
34476500419685,09:34:36.500,50.0900,299
34476824468725,09:34:36.824,50.0900,100
34477362086524,09:34:37.362,50.1000,200
34477362781498,09:34:37.362,50.1000,100
34477493681806,09:34:37.493,50.0900,100
34477493681806,09:34:37.493,50.0900,94
34477493681806,09:34:37.493,50.0900,111
34477733114576,09:34:37.733,50.0900,100
34477733114576,09:34:37.733,50.0900,100
34477733114576,09:34:37.733,50.0900,5
34477733480117,09:34:37.733,50.0900,100
34477733480117,09:34:37.733,50.0900,200
34477733573769,09:34:37.733,50.0900,100
34477733573769,09:34:37.733,50.0900,100
34477733573769,09:34:37.733,50.0900,5
34477734913781,09:34:37.734,50.0900,95
34477734913781,09:34:37.734,50.0900,100
34477734913781,09:34:37.734,50.0900,285
34477988794434,09:34:37.988,50.0900,100
34477988794434,09:34:37.988,50.0900,100
34477988794434,09:34:37.988,50.0900,100
34477988794434,09:34:37.988,50.0900,100
34477989396792,09:34:37.989,50.0900,200
34477989396792,09:34:37.989,50.0900,100
34479031430128,09:34:39.031,50.0900,100
34480225288343,09:34:40.225,50.0900,200
34481781821349,09:34:41.781,50.0900,100
34481781828336,09:34:41.781,50.0900,100
34485449830991,09:34:45.449,50.0900,100
34485449830991,09:34:45.449,50.0900,100
34485449830991,09:34:45.449,50.0900,200
34485528380018,09:34:45.528,50.0900,100
34485528380018,09:34:45.528,50.0900,100
34485529306575,09:34:45.529,50.0900,100
34485529852501,09:34:45.529,50.0900,105
34485530355503,09:34:45.530,50.0900,95
34485530355503,09:34:45.530,50.0900,100
34485530355503,09:34:45.530,50.0900,200
34485561519422,09:34:45.561,50.0900,200
34485561949328,09:34:45.561,50.0900,100
34486288353494,09:34:46.288,50.0900,100
34486295116064,09:34:46.295,50.0900,100
34486295116064,09:34:46.295,50.0900,100
34486295116064,09:34:46.295,50.0900,200
34486570160714,09:34:46.570,50.0900,200
34486766716725,09:34:46.766,50.0900,200
34486766716725,09:34:46.766,50.0900,100
34486774601454,09:34:46.774,50.0900,200
34486774601454,09:34:46.774,50.0900,200
34486775410000,09:34:46.775,50.0900,100
34486805062103,09:34:46.805,50.0900,100
34486806951338,09:34:46.806,50.0900,200
34486806951338,09:34:46.806,50.0900,400
34486960196164,09:34:46.960,50.0900,100
34487288444758,09:34:47.288,50.0900,200
34487288444758,09:34:47.288,50.0900,100
34487288475265,09:34:47.288,50.0900,200
34487387599501,09:34:47.387,50.0900,200
34487387599501,09:34:47.387,50.0900,100
34487388617968,09:34:47.388,50.0900,100
34487390801462,09:34:47.390,50.0900,200
34487390801462,09:34:47.390,50.0900,100
34487525464132,09:34:47.525,50.0900,200
34487525464132,09:34:47.525,50.0900,100
34487525464132,09:34:47.525,50.0900,400
34489850718673,09:34:49.850,50.0900,100
34491291964644,09:34:51.291,50.0900,100
34491308452142,09:34:51.308,50.0900,100
34496442319927,09:34:56.442,50.0900,200
34496442360468,09:34:56.442,50.0900,100
34497321359205,09:34:57.321,50.0900,100
34497321425757,09:34:57.321,50.0900,100
34497321425757,09:34:57.321,50.0900,200
34500197869331,09:35:00.197,50.0900,100
34500640064770,09:35:00.640,50.0900,100
34500640064770,09:35:00.640,50.0900,100
34500640064770,09:35:00.640,50.0900,100
34500650889661,09:35:00.650,50.0900,100
34500650889661,09:35:00.650,50.0900,100
34500650889661,09:35:00.650,50.0900,145
34500652320477,09:35:00.652,50.0900,100
34500652320477,09:35:00.652,50.0900,100
34500657572819,09:35:00.657,50.0900,55
34500657572819,09:35:00.657,50.0900,100
34501028188379,09:35:01.028,50.0900,100
34501345742380,09:35:01.345,50.0900,100
34501345742380,09:35:01.345,50.0900,100
34502353468115,09:35:02.353,50.0900,100
34502878474726,09:35:02.878,50.0900,100
34503178627469,09:35:03.178,50.1000,1500
34503178627469,09:35:03.178,50.1000,2
34503178627469,09:35:03.178,50.1000,494
34503178661996,09:35:03.178,50.1000,406
34503178661996,09:35:03.178,50.1000,100
34503178661996,09:35:03.178,50.1000,15
34504444773049,09:35:04.444,50.1100,400
34504445082551,09:35:04.445,50.1100,400
34505636932059,09:35:05.636,50.1000,300
34505637623805,09:35:05.637,50.1000,400
34505637674669,09:35:05.637,50.1000,200
34505637680908,09:35:05.637,50.0900,200
34505637680908,09:35:05.637,50.0900,100
34505639035324,09:35:05.639,50.0900,200
34505639035324,09:35:05.639,50.0900,200
34505639035324,09:35:05.639,50.0900,100
34505639035324,09:35:05.639,50.0900,135
34505789996235,09:35:05.789,50.0800,200
34505789996235,09:35:05.789,50.0800,100
34505790582429,09:35:05.790,50.0900,400
34505790610730,09:35:05.790,50.0900,100
34505791060713,09:35:05.791,50.0900,100
34506529423645,09:35:06.529,50.0900,28
34507653688606,09:35:07.653,50.0900,72
34507653688606,09:35:07.653,50.0900,95
34510996647908,09:35:10.996,50.1000,100
34510996647908,09:35:10.996,50.1000,100
34510996647908,09:35:10.996,50.1000,100
34510996647908,09:35:10.996,50.1000,300
34510996647908,09:35:10.996,50.1000,3
34512129678503,09:35:12.129,50.1000,100
34512133936447,09:35:12.133,50.1100,400
34512134327210,09:35:12.134,50.1100,300
34513460618365,09:35:13.460,50.1000,100
34513460618365,09:35:13.460,50.0900,400
34513460618365,09:35:13.460,50.0900,100
34513460618365,09:35:13.460,50.0900,100
34513460618365,09:35:13.460,50.0900,100
34513460618365,09:35:13.460,50.0900,100
34513462177796,09:35:13.462,50.0900,100
34513463014175,09:35:13.463,50.0900,400
34513463014175,09:35:13.463,50.0900,100
34513463014175,09:35:13.463,50.0900,698
34513463014175,09:35:13.463,50.0900,100
34513474558213,09:35:13.474,50.0900,100
34513474558213,09:35:13.474,50.0900,100
34513474558213,09:35:13.474,50.0900,100
34513474558213,09:35:13.474,50.0900,100
34514996489386,09:35:14.996,50.0900,100
34515426635636,09:35:15.426,50.1000,100
34515589966821,09:35:15.589,50.1000,100
34515590091109,09:35:15.590,50.0900,100
34515590091109,09:35:15.590,50.0900,300
34515590091109,09:35:15.590,50.0900,100
34515590091109,09:35:15.590,50.0900,200
34515591505937,09:35:15.591,50.0900,100
34515854441114,09:35:15.854,50.0900,100
34517534405211,09:35:17.534,50.0900,100
34517534405211,09:35:17.534,50.0900,100
34517534405211,09:35:17.534,50.0900,100
34517855507586,09:35:17.855,50.0900,100
34519495862505,09:35:19.495,50.0900,100
34519495862505,09:35:19.495,50.0900,100
34519495862505,09:35:19.495,50.0900,18
34519495862505,09:35:19.495,50.0900,100
34521293623170,09:35:21.293,50.0800,2
34521294135857,09:35:21.294,50.0800,100
34521294208042,09:35:21.294,50.0800,100
34521294223739,09:35:21.294,50.0800,98
34521294223739,09:35:21.294,50.0800,2
34521294436174,09:35:21.294,50.0800,98
34521294436174,09:35:21.294,50.0800,100
34521294436174,09:35:21.294,50.0800,100
34521294436174,09:35:21.294,50.0800,100
34521294519551,09:35:21.294,50.0800,200
34521294519551,09:35:21.294,50.0800,100
34521296367146,09:35:21.296,50.0800,100
34521296367146,09:35:21.296,50.0800,100
34525641101947,09:35:25.641,50.0900,100
34525641468146,09:35:25.641,50.0900,100
34525642276482,09:35:25.642,50.0900,2
34525642297510,09:35:25.642,50.0900,98
34525711627716,09:35:25.711,50.0800,100
34525714435287,09:35:25.714,50.0800,200
34525714435287,09:35:25.714,50.0800,100
34526500080767,09:35:26.500,50.0800,15
34526500147410,09:35:26.500,50.0800,5
34526503941845,09:35:26.503,50.0800,5
34526993090848,09:35:26.993,50.0900,100
34527431242715,09:35:27.431,50.0900,100
34527431562961,09:35:27.431,50.0900,100
34527431562961,09:35:27.431,50.0900,100
34527431643263,09:35:27.431,50.0900,100
34527456159592,09:35:27.456,50.0900,200
34527456461087,09:35:27.456,50.0900,100
34527456492328,09:35:27.456,50.0900,100
34527456493579,09:35:27.456,50.0900,200
34527456519394,09:35:27.456,50.0900,100
34527456665853,09:35:27.456,50.0900,100
34527514638151,09:35:27.514,50.0900,100
34527514665659,09:35:27.514,50.0900,100
34528525307631,09:35:28.525,50.0800,75
34528525307631,09:35:28.525,50.0800,100
34528525307631,09:35:28.525,50.0800,100
34528525307631,09:35:28.525,50.0800,100
34528525307631,09:35:28.525,50.0800,100
34528525307631,09:35:28.525,50.0700,100
34528525307631,09:35:28.525,50.0700,100
34528525307631,09:35:28.525,50.0700,200
34528525307631,09:35:28.525,50.0700,100
34528525307631,09:35:28.525,50.0700,100
34528526602083,09:35:28.526,50.0800,400
34528526602083,09:35:28.526,50.0800,100
34528526602083,09:35:28.526,50.0800,300
34528548418792,09:35:28.548,50.0900,100
34528548418792,09:35:28.548,50.0900,100
34528548418792,09:35:28.548,50.0900,100
34528548418792,09:35:28.548,50.0900,500
34528548754546,09:35:28.548,50.0900,100
34528591255873,09:35:28.591,50.0900,200
34528591255873,09:35:28.591,50.0800,200
34528591255873,09:35:28.591,50.0800,100
34528591255873,09:35:28.591,50.0800,167
34528591353738,09:35:28.591,50.0800,33
34528591353738,09:35:28.591,50.0800,300
34528591353738,09:35:28.591,50.0800,100
34528592731443,09:35:28.592,50.0800,100
34530036699269,09:35:30.036,50.0900,100
34530470772499,09:35:30.470,50.0800,100
34530470772499,09:35:30.470,50.0800,186
34530496571601,09:35:30.496,50.0800,114
34530625988157,09:35:30.625,50.0800,200
34530625988157,09:35:30.625,50.0800,100
34530625988157,09:35:30.625,50.0800,100
34530626028078,09:35:30.626,50.0800,100
34531058258460,09:35:31.058,50.0800,100
34532061376841,09:35:32.061,50.0900,100
34532061376841,09:35:32.061,50.0900,200
34532061376841,09:35:32.061,50.0900,100
34533582678089,09:35:33.582,50.0900,100
34533582678089,09:35:33.582,50.0900,200
34533582678089,09:35:33.582,50.0900,100
34533594915512,09:35:33.594,50.0900,100
34535622651907,09:35:35.622,50.0900,200
34535622651907,09:35:35.622,50.0900,100
34536488719774,09:35:36.488,50.0800,100
34536704805371,09:35:36.704,50.0800,200
34536704805371,09:35:36.704,50.0800,100
34536704805371,09:35:36.704,50.0800,100
34536704805371,09:35:36.704,50.0800,100
34537972352060,09:35:37.972,50.0900,200
34537972352060,09:35:37.972,50.0900,100
34537972352060,09:35:37.972,50.0900,100
34537972428647,09:35:37.972,50.0900,100
34537972428647,09:35:37.972,50.0900,72
34537972458431,09:35:37.972,50.0900,128
34537972518259,09:35:37.972,50.0900,100
34537972653086,09:35:37.972,50.0900,100
34537972707236,09:35:37.972,50.0900,100
34537972740826,09:35:37.972,50.0900,100
34537972790796,09:35:37.972,50.0900,61
34537972855003,09:35:37.972,50.0900,100
34537973020942,09:35:37.973,50.0900,39
34537973020942,09:35:37.973,50.0900,61
34537973078533,09:35:37.973,50.0900,39
34537973078533,09:35:37.973,50.0900,61
34537973156813,09:35:37.973,50.0900,39
34537973156813,09:35:37.973,50.0900,61
34538383825273,09:35:38.383,50.0800,100
34539530578585,09:35:39.530,50.0800,100
34539530578585,09:35:39.530,50.0800,100
34540495032534,09:35:40.495,50.0800,200
34540495032534,09:35:40.495,50.0800,100
34540495032534,09:35:40.495,50.0800,100
34540513949720,09:35:40.513,50.0900,139
34540513949720,09:35:40.513,50.0900,100
34541861298588,09:35:41.861,50.0800,100
34541861298588,09:35:41.861,50.0800,100
34541861298588,09:35:41.861,50.0800,700
34542633410514,09:35:42.633,50.0800,200
34542633410514,09:35:42.633,50.0800,100
34542633410514,09:35:42.633,50.0800,100
34542634528117,09:35:42.634,50.0800,200
34542635456871,09:35:42.635,50.0800,100
34542635456871,09:35:42.635,50.0800,100
34542635456871,09:35:42.635,50.0800,100
34543665930103,09:35:43.665,50.0800,100
34544050630647,09:35:44.050,50.0800,100
34547898596221,09:35:47.898,50.0900,200
34547898596221,09:35:47.898,50.0900,10
34547898596221,09:35:47.898,50.0900,34
34547898735884,09:35:47.898,50.0900,200
34547899818145,09:35:47.899,50.0900,1
34547900358516,09:35:47.900,50.0900,199
34547900358516,09:35:47.900,50.0900,200
34547900358516,09:35:47.900,50.0900,111
34547902774203,09:35:47.902,50.0900,1
34547904377008,09:35:47.904,50.0900,1
34547905981274,09:35:47.905,50.0900,1
34547907580883,09:35:47.907,50.0900,1
34547910703576,09:35:47.910,50.0900,1
34547912299123,09:35:47.912,50.0900,1
34547913895989,09:35:47.913,50.0900,1
34547915491692,09:35:47.915,50.0900,1
34551530670063,09:35:51.530,50.0800,100
34551530700644,09:35:51.530,50.0800,100
34551530700644,09:35:51.530,50.0800,200
34551532158979,09:35:51.532,50.0800,100
34551532158979,09:35:51.532,50.0800,200
34554882491568,09:35:54.882,50.0800,100
34560235481695,09:36:00.235,50.0900,100
34560235500672,09:36:00.235,50.0900,100
34560235567418,09:36:00.235,50.0900,100
34560235604824,09:36:00.235,50.0900,400
34560235604824,09:36:00.235,50.0900,100
34560335895157,09:36:00.335,50.0900,100
34561219495762,09:36:01.219,50.0900,10
34561219495762,09:36:01.219,50.0900,100
34561219495762,09:36:01.219,50.0900,7
34561219495762,09:36:01.219,50.0900,183
34561219840884,09:36:01.219,50.0900,100
34561219840884,09:36:01.219,50.0900,100
34561219840884,09:36:01.219,50.0900,400
34564041562010,09:36:04.041,50.0900,100
34564042561988,09:36:04.042,50.0900,100
34564056297105,09:36:04.056,50.0900,125
34564056347654,09:36:04.056,50.0900,200
34564056348844,09:36:04.056,50.0900,1051
34564056359727,09:36:04.056,50.0900,381
34564056360281,09:36:04.056,50.0900,100
34564056362993,09:36:04.056,50.0900,100
34564062656021,09:36:04.062,50.0900,100
34564141948364,09:36:04.141,50.0900,100
34565009378060,09:36:05.009,50.0900,100
34565009378060,09:36:05.009,50.0900,100
34565020795428,09:36:05.020,50.0900,100
34565141961257,09:36:05.141,50.0900,100
34568186886471,09:36:08.186,50.0900,100
34568186886471,09:36:08.186,50.0900,100
34568189168205,09:36:08.189,50.0900,100
34568809665947,09:36:08.809,50.0900,100
34572726027434,09:36:12.726,50.0900,60
34572726027434,09:36:12.726,50.0900,9
34572726027434,09:36:12.726,50.0900,33
34572747059750,09:36:12.747,50.1000,25
34572747059750,09:36:12.747,50.1000,200
34572747059750,09:36:12.747,50.1000,200
34574009025632,09:36:14.009,50.1100,100
34574166112004,09:36:14.166,50.1100,200
34574166112004,09:36:14.166,50.1100,100
34574167340433,09:36:14.167,50.1200,1000
34574167340433,09:36:14.167,50.1200,10
34574167340433,09:36:14.167,50.1200,200
34574174842537,09:36:14.174,50.1200,400
34574174842537,09:36:14.174,50.1200,100
34574174842537,09:36:14.174,50.1200,200
34574174842537,09:36:14.174,50.1200,100
34574174842537,09:36:14.174,50.1200,100
34574174842537,09:36:14.174,50.1200,100
34574176219500,09:36:14.176,50.1200,200
34574184017004,09:36:14.184,50.1200,100
34574184017004,09:36:14.184,50.1200,100
34574208599613,09:36:14.208,50.1200,300
34574208910340,09:36:14.208,50.1200,200
34574208911598,09:36:14.208,50.1200,300
34574208919355,09:36:14.208,50.1200,100
34574209082993,09:36:14.209,50.1200,100
34574209299276,09:36:14.209,50.1200,200
34574210942539,09:36:14.210,50.1200,100
34574210946046,09:36:14.210,50.1200,300
34574210959449,09:36:14.210,50.1200,100
34574211096087,09:36:14.211,50.1200,100
34574211515372,09:36:14.211,50.1200,100
34574573207874,09:36:14.573,50.1200,100
34574573207874,09:36:14.573,50.1200,300
34578880822546,09:36:18.880,50.1200,100
34578885030751,09:36:18.885,50.1200,100
34581818977898,09:36:21.818,50.1100,5
34581819043147,09:36:21.819,50.1100,95
34581819043147,09:36:21.819,50.1100,200
34581819043147,09:36:21.819,50.1100,500
34581819043147,09:36:21.819,50.1100,5
34581819182612,09:36:21.819,50.1100,395
34585858684785,09:36:25.858,50.1100,100
34585858917672,09:36:25.858,50.1100,9
34585884751131,09:36:25.884,50.1100,30
34586958069256,09:36:26.958,50.1000,100
34586958069256,09:36:26.958,50.1000,100
34586958069256,09:36:26.958,50.1000,100
34586958069256,09:36:26.958,50.1000,200
34586958175465,09:36:26.958,50.1000,100
34586958210708,09:36:26.958,50.1000,100
34586958210708,09:36:26.958,50.1000,100
34586959541698,09:36:26.959,50.1000,100
34586959541698,09:36:26.959,50.1000,300
34586959541698,09:36:26.959,50.1000,400
34586959580424,09:36:26.959,50.1000,257
34586959727863,09:36:26.959,50.1000,243
34586962268017,09:36:26.962,50.1000,200
34586962268017,09:36:26.962,50.1000,100
34586962268017,09:36:26.962,50.1000,100
34586962268017,09:36:26.962,50.1000,100
34586964399799,09:36:26.964,50.1000,200
34586964399799,09:36:26.964,50.1000,72
34586964399799,09:36:26.964,50.1000,100
34586964399799,09:36:26.964,50.1000,100
34587311121883,09:36:27.311,50.1000,100
34587889520865,09:36:27.889,50.1000,100
34587889520865,09:36:27.889,50.1000,100
34591497829267,09:36:31.497,50.1100,100
34591497829267,09:36:31.497,50.1100,1000
34591514941074,09:36:31.514,50.1200,200
34591547330398,09:36:31.547,50.1300,100
34591559664827,09:36:31.559,50.1400,100
34591559664827,09:36:31.559,50.1400,100
34591560009344,09:36:31.560,50.1400,100
34591560273837,09:36:31.560,50.1400,100
34593041759592,09:36:33.041,50.1400,365
34593568131221,09:36:33.568,50.1400,100
34593868103372,09:36:33.868,50.1300,100
34593868103372,09:36:33.868,50.1300,100
34595527013373,09:36:35.527,50.1400,100
34595527290259,09:36:35.527,50.1400,100
34596492764925,09:36:36.492,50.1300,100
34597804259243,09:36:37.804,50.1300,100
34597804627140,09:36:37.804,50.1300,100
34597804627140,09:36:37.804,50.1300,200
34603330183734,09:36:43.330,50.1200,100
34603330183734,09:36:43.330,50.1200,200
34603330183734,09:36:43.330,50.1200,100
34605391253317,09:36:45.391,50.1300,78
34605391294678,09:36:45.391,50.1300,22
34605392234681,09:36:45.392,50.1400,100
34605392234681,09:36:45.392,50.1400,200
34605392562596,09:36:45.392,50.1400,100
34605392604375,09:36:45.392,50.1400,100
34605392746136,09:36:45.392,50.1400,35
34605394023622,09:36:45.394,50.1500,100
34605394023622,09:36:45.394,50.1500,73
34605394023622,09:36:45.394,50.1500,48
34605394023622,09:36:45.394,50.1500,200
34605394023622,09:36:45.394,50.1500,30
34605394034627,09:36:45.394,50.1500,170
34605394034627,09:36:45.394,50.1500,250
34605394034627,09:36:45.394,50.1500,27
34605394136996,09:36:45.394,50.1500,73
34605394136996,09:36:45.394,50.1500,20
34605402856422,09:36:45.402,50.1600,200
34605960797651,09:36:45.960,50.1600,200
34606096676924,09:36:46.096,50.1700,197
34606096676924,09:36:46.096,50.1700,200
34607530384760,09:36:47.530,50.1900,10
34607530448782,09:36:47.530,50.1900,10
34607530537663,09:36:47.530,50.1900,10
34609785489962,09:36:49.785,50.2000,234
34609785489962,09:36:49.785,50.2000,100
34609785489962,09:36:49.785,50.2000,200
34609790614212,09:36:49.790,50.2000,100
34609790614212,09:36:49.790,50.2000,100
34609790614212,09:36:49.790,50.2000,100
34611487481673,09:36:51.487,50.2000,1000
34612699070097,09:36:52.699,50.2000,326
34612699070097,09:36:52.699,50.2000,74
34612699099196,09:36:52.699,50.2000,26
34613248117716,09:36:53.248,50.1900,100
34613248117716,09:36:53.248,50.1900,100
34613248117716,09:36:53.248,50.1900,100
34614130526704,09:36:54.130,50.1700,100
34614130526704,09:36:54.130,50.1700,100
34614130558577,09:36:54.130,50.1700,600
34614130558577,09:36:54.130,50.1700,100
34614130626867,09:36:54.130,50.1700,100
34614130626867,09:36:54.130,50.1700,100
34614144143944,09:36:54.144,50.1600,200
34614172726776,09:36:54.172,50.1500,100
34614172756661,09:36:54.172,50.1500,100
34614177379932,09:36:54.177,50.1400,35
34614177379932,09:36:54.177,50.1400,100
34614177379932,09:36:54.177,50.1400,100
34614389664839,09:36:54.389,50.1200,200
34614506389603,09:36:54.506,50.1200,100
34614506393076,09:36:54.506,50.1200,200
34615216914460,09:36:55.216,50.1100,30
34615404413969,09:36:55.404,50.1200,100
34615404413969,09:36:55.404,50.1200,100
34615464712294,09:36:55.464,50.1200,100
34615507533237,09:36:55.507,50.1300,100
34619738656403,09:36:59.738,50.1400,32
34619738656403,09:36:59.738,50.1400,100
34619820642515,09:36:59.820,50.1400,100
34619820642515,09:36:59.820,50.1400,100
34619820642515,09:36:59.820,50.1400,100
34619820642515,09:36:59.820,50.1400,100
34619820642515,09:36:59.820,50.1400,100
34625490140979,09:37:05.490,50.1600,100
34625978399666,09:37:05.978,50.1600,2800
34627657736972,09:37:07.657,50.1700,10
34628499254493,09:37:08.499,50.1700,100
34629562338796,09:37:09.562,50.1800,100
34629562338796,09:37:09.562,50.1800,700
34629562338796,09:37:09.562,50.1800,100
34629562349147,09:37:09.562,50.1800,90
34629562454529,09:37:09.562,50.1800,200
34629562506660,09:37:09.562,50.1800,500
34629562506660,09:37:09.562,50.1800,100
34629563181454,09:37:09.563,50.1800,610
34630184377399,09:37:10.184,50.1900,100
34632733191913,09:37:12.733,50.1900,100
34635534386181,09:37:15.534,50.1900,100
34638787148203,09:37:18.787,50.2000,100
34638787148203,09:37:18.787,50.2000,100
34638787858286,09:37:18.787,50.2000,31
34639684170379,09:37:19.684,50.1900,300
34639684170379,09:37:19.684,50.1900,100
34639684170379,09:37:19.684,50.1900,100
34639684357027,09:37:19.684,50.1900,100
34640476397561,09:37:20.476,50.1900,100
34641830554186,09:37:21.830,50.2000,100
34641831345276,09:37:21.831,50.2000,100
34642658810810,09:37:22.658,50.2100,1000
34642658810810,09:37:22.658,50.2100,200
34642658810810,09:37:22.658,50.2100,100
34642658810810,09:37:22.658,50.2100,200
34642658810810,09:37:22.658,50.2100,69
34643747444632,09:37:23.747,50.2100,100
34643747444632,09:37:23.747,50.2100,100
34644454227152,09:37:24.454,50.2000,100
34644454227152,09:37:24.454,50.2000,600
34644454227152,09:37:24.454,50.2000,100
34644454227152,09:37:24.454,50.2000,100
34644454503919,09:37:24.454,50.2000,100
34644454521377,09:37:24.454,50.2000,100
34644454521377,09:37:24.454,50.2000,41
34644454547216,09:37:24.454,50.2000,59
34645684080036,09:37:25.684,50.2000,100
34645684080036,09:37:25.684,50.2000,100
34647915450820,09:37:27.915,50.2100,100
34650026647430,09:37:30.026,50.2100,100
34651567616477,09:37:31.567,50.2000,100
34651567625414,09:37:31.567,50.2000,100
34651567646516,09:37:31.567,50.2000,400
34651577659255,09:37:31.577,50.1900,100
34651577659255,09:37:31.577,50.1900,100
34651577659255,09:37:31.577,50.1900,100
34651577659255,09:37:31.577,50.1900,5
34651578640523,09:37:31.578,50.1900,100
34651578668325,09:37:31.578,50.1900,100
34651578670897,09:37:31.578,50.1900,100
34651589257657,09:37:31.589,50.1900,100
34651665709206,09:37:31.665,50.1900,100
34651665731937,09:37:31.665,50.1900,95
34651665753121,09:37:31.665,50.1800,100
34651665850389,09:37:31.665,50.1800,100
34652188100941,09:37:32.188,50.1800,100
34652188100941,09:37:32.188,50.1800,100
34653492651411,09:37:33.492,50.1800,100
34653492651411,09:37:33.492,50.1800,100
34658912811168,09:37:38.912,50.1900,100
34658912811168,09:37:38.912,50.1900,9
34658983976007,09:37:38.983,50.1900,32
34658984088025,09:37:38.984,50.1900,100
34658984088025,09:37:38.984,50.1900,100
34658987127670,09:37:38.987,50.1950,100
34663557914914,09:37:43.557,50.1950,100
34663557914914,09:37:43.557,50.1900,100
34663559219326,09:37:43.559,50.1900,100
34664201626027,09:37:44.201,50.1850,100
34664201626027,09:37:44.201,50.1800,100
34664568782270,09:37:44.568,50.1800,14
34664568844288,09:37:44.568,50.1850,189
34664568844288,09:37:44.568,50.1800,11
34664568852174,09:37:44.568,50.1800,34
34664568868799,09:37:44.568,50.1800,41
34664568868799,09:37:44.568,50.1800,59
34664568928908,09:37:44.568,50.1800,41
34664571242834,09:37:44.571,50.1600,11
34664571978366,09:37:44.571,50.1600,16
34664571978366,09:37:44.571,50.1600,1
34668075101412,09:37:48.075,50.1500,24
34669738856709,09:37:49.738,50.1300,100
34669738856709,09:37:49.738,50.1300,100
34669738856709,09:37:49.738,50.1300,100
34669738856709,09:37:49.738,50.1300,100
34671009102519,09:37:51.009,50.1400,100
34671009102519,09:37:51.009,50.1400,100
34671009102519,09:37:51.009,50.1400,100
34671009102519,09:37:51.009,50.1400,100
34671009102519,09:37:51.009,50.1400,100
34671009102519,09:37:51.009,50.1400,300
34675171679422,09:37:55.171,50.1700,100
34675172955795,09:37:55.172,50.1700,10
34676881098127,09:37:56.881,50.1900,100
34677571505084,09:37:57.571,50.2000,100
34677571505084,09:37:57.571,50.2000,100
34677571505084,09:37:57.571,50.2000,100
34678348343696,09:37:58.348,50.2100,100
34678348343696,09:37:58.348,50.2100,200
34679740468336,09:37:59.740,50.2100,100
34679741920502,09:37:59.741,50.2100,100
34684050168639,09:38:04.050,50.2100,100
34684050168639,09:38:04.050,50.2100,16
34684735155843,09:38:04.735,50.2100,100
34684735155843,09:38:04.735,50.2100,100
34685483171375,09:38:05.483,50.2200,800
34685483171375,09:38:05.483,50.2200,40
34685483171375,09:38:05.483,50.2200,200
34689134764403,09:38:09.134,50.2300,90
34689134828379,09:38:09.134,50.2300,10
34689134828379,09:38:09.134,50.2300,107
34689134846419,09:38:09.134,50.2300,93
34689134846419,09:38:09.134,50.2300,100
34689506930520,09:38:09.506,50.2500,50
34689506930520,09:38:09.506,50.2500,100
34689506930520,09:38:09.506,50.2500,200
34689506930520,09:38:09.506,50.2500,500
34689506930520,09:38:09.506,50.2500,341
34689506972733,09:38:09.506,50.2500,44
34689507059490,09:38:09.507,50.2500,115
34690137049435,09:38:10.137,50.2550,100
34690558201647,09:38:10.558,50.2500,300
34690558201647,09:38:10.558,50.2500,100
34690558201647,09:38:10.558,50.2500,100
34690558290263,09:38:10.558,50.2500,100
34690558399778,09:38:10.558,50.2500,100
34690558399778,09:38:10.558,50.2500,77
34692686043555,09:38:12.686,50.2500,100
34692686043555,09:38:12.686,50.2500,100
34692686043555,09:38:12.686,50.2500,33
34692823467651,09:38:12.823,50.2500,100
34692832959409,09:38:12.832,50.2500,100
34692832959409,09:38:12.832,50.2500,100
34692887132482,09:38:12.887,50.2500,100
34692887132482,09:38:12.887,50.2500,100
34692887132482,09:38:12.887,50.2500,100
34692887132482,09:38:12.887,50.2500,100
34692887132482,09:38:12.887,50.2500,100
34694961801947,09:38:14.961,50.2500,100
34698784585447,09:38:18.784,50.2600,100
34698784585447,09:38:18.784,50.2600,100
34698784585447,09:38:18.784,50.2600,200
34698784585447,09:38:18.784,50.2600,9
34698785054389,09:38:18.785,50.2600,400
34698785128011,09:38:18.785,50.2600,100
34698785128011,09:38:18.785,50.2600,100
34698785128011,09:38:18.785,50.2600,190
34698785128011,09:38:18.785,50.2600,100
34698785128011,09:38:18.785,50.2600,95
34698810953587,09:38:18.810,50.2600,100
34702967387249,09:38:22.967,50.2700,130
34702967387249,09:38:22.967,50.2700,100
34702969750796,09:38:22.969,50.2800,300
34702969750796,09:38:22.969,50.2800,600
34702970417194,09:38:22.970,50.2800,100
34702975313578,09:38:22.975,50.2800,200
34706443777442,09:38:26.443,50.2800,100
34706443777442,09:38:26.443,50.2800,300
34706444850271,09:38:26.444,50.2800,100
34706445178869,09:38:26.445,50.2800,300
34707370738099,09:38:27.370,50.2600,100
34707370771321,09:38:27.370,50.2600,100
34707371382115,09:38:27.371,50.2600,100
34709288788930,09:38:29.288,50.2500,119
34709288818200,09:38:29.288,50.2500,881
34709288818200,09:38:29.288,50.2500,200
34709289306539,09:38:29.289,50.2400,100
34709289340050,09:38:29.289,50.2400,100
34709289343658,09:38:29.289,50.2400,100
34709289418425,09:38:29.289,50.2400,100
34709289697824,09:38:29.289,50.2400,100
34709289719464,09:38:29.289,50.2400,19
34709289740252,09:38:29.289,50.2400,81
34709832440540,09:38:29.832,50.2500,14
34710456296273,09:38:30.456,50.2600,38
34714605563449,09:38:34.605,50.2700,200
34717108415310,09:38:37.108,50.2800,190
34717108441799,09:38:37.108,50.2800,510
34717108441799,09:38:37.108,50.2800,9
34719948552503,09:38:39.948,50.2900,10
34719948552503,09:38:39.948,50.2900,10
34719949106640,09:38:39.949,50.2900,690
34719949211061,09:38:39.949,50.2900,700
34719949549550,09:38:39.949,50.2900,100
34719949666816,09:38:39.949,50.2900,100
34719949733053,09:38:39.949,50.2900,101
34719949768215,09:38:39.949,50.2900,99
34725527452866,09:38:45.527,50.2900,6
34725527452866,09:38:45.527,50.2900,3
34725527452866,09:38:45.527,50.2900,100
34727273902070,09:38:47.273,50.2900,3
34727273902070,09:38:47.273,50.2900,100
34727273902070,09:38:47.273,50.2900,97
34727284645346,09:38:47.284,50.2900,100
34727512186996,09:38:47.512,50.3000,1000
34727512186996,09:38:47.512,50.3000,100
34727512186996,09:38:47.512,50.3000,100
34727528251633,09:38:47.528,50.3000,100
34727528251633,09:38:47.528,50.3000,41
34727648519781,09:38:47.648,50.3000,100
34727648548469,09:38:47.648,50.3000,100
34728773265771,09:38:48.773,50.3100,300
34728773265771,09:38:48.773,50.3100,200
34728773538833,09:38:48.773,50.3100,267
34728773568322,09:38:48.773,50.3100,33
34728773568322,09:38:48.773,50.3100,600
34729631252584,09:38:49.631,50.3000,100
34729631252584,09:38:49.631,50.3000,100
34729631252584,09:38:49.631,50.3000,200
34729631252584,09:38:49.631,50.3000,200
34729631252584,09:38:49.631,50.3000,500
34729631252584,09:38:49.631,50.2900,100
34729631252584,09:38:49.631,50.2900,100
34729631252584,09:38:49.631,50.2900,100
34729631252584,09:38:49.631,50.2900,200
34729631252584,09:38:49.631,50.2900,100
34729632992994,09:38:49.632,50.3000,400
34729632992994,09:38:49.632,50.3000,100
34729632992994,09:38:49.632,50.3000,100
34729632992994,09:38:49.632,50.3000,200
34729633378915,09:38:49.633,50.3000,100
34729633378915,09:38:49.633,50.3000,100
34729633378915,09:38:49.633,50.3000,100
34729633378915,09:38:49.633,50.3000,100
34729633378915,09:38:49.633,50.3000,100
34729633378915,09:38:49.633,50.2900,100
34729633378915,09:38:49.633,50.2900,400
34729633378915,09:38:49.633,50.2900,100
34729634683270,09:38:49.634,50.2900,100
34729634683270,09:38:49.634,50.2900,100
34729634683270,09:38:49.634,50.2900,100
34729634683270,09:38:49.634,50.2900,100
34729634683270,09:38:49.634,50.2900,100
34729745420069,09:38:49.745,50.2900,100
34729745420069,09:38:49.745,50.2900,100
34729746874730,09:38:49.746,50.2900,100
34729746874730,09:38:49.746,50.2900,200
34729746874730,09:38:49.746,50.2900,100
34729746874730,09:38:49.746,50.2900,100
34729746916353,09:38:49.746,50.2900,7
34729747278893,09:38:49.747,50.2900,100
34729747278893,09:38:49.747,50.2900,300
34729748229866,09:38:49.748,50.2900,100
34729748229866,09:38:49.748,50.2900,100
34729748229866,09:38:49.748,50.2900,100
34729748229866,09:38:49.748,50.2900,100
34730024101356,09:38:50.024,50.2900,100
34730031123914,09:38:50.031,50.2900,100
34730737746442,09:38:50.737,50.2900,7
34731400495952,09:38:51.400,50.3000,100
34731400495952,09:38:51.400,50.3000,38
34731402185390,09:38:51.402,50.3000,100
34733015553513,09:38:53.015,50.3000,100
34733015553513,09:38:53.015,50.2900,100
34733015553513,09:38:53.015,50.2900,200
34733015971464,09:38:53.015,50.2900,100
34733017179286,09:38:53.017,50.2900,100
34733017179286,09:38:53.017,50.2900,100
34733519792410,09:38:53.519,50.3000,100
34733520295285,09:38:53.520,50.3000,200
34733520295285,09:38:53.520,50.3000,100
34733520295285,09:38:53.520,50.3000,100
34733520295285,09:38:53.520,50.3000,100
34733520295285,09:38:53.520,50.2900,100
34733520295285,09:38:53.520,50.2900,100
34733520295285,09:38:53.520,50.2900,100
34733520295285,09:38:53.520,50.2900,14
34733520295285,09:38:53.520,50.2900,300
34734023395048,09:38:54.023,50.2900,100
34734023395048,09:38:54.023,50.2900,100
34734023395048,09:38:54.023,50.2900,56
34734023395048,09:38:54.023,50.2900,230
34734023395048,09:38:54.023,50.2900,100
34734437220181,09:38:54.437,50.2900,100
34734440741080,09:38:54.440,50.2900,100
34734440741080,09:38:54.440,50.2900,100
34734440741080,09:38:54.440,50.2900,100
34734442375021,09:38:54.442,50.2900,100
34734442375021,09:38:54.442,50.2900,100
34734446374250,09:38:54.446,50.2900,100
34735797257954,09:38:55.797,50.3000,10
34735797257954,09:38:55.797,50.3000,100
34735798018816,09:38:55.798,50.3000,100
34735798018816,09:38:55.798,50.3000,100
34735798018816,09:38:55.798,50.3000,19
34736828610893,09:38:56.828,50.3000,90
34737693066368,09:38:57.693,50.3100,100
34737693066368,09:38:57.693,50.3100,100
34737693066368,09:38:57.693,50.3100,200
34737693066368,09:38:57.693,50.3100,10
34738736523325,09:38:58.736,50.3200,100
34738786645608,09:38:58.786,50.3300,200
34738786645608,09:38:58.786,50.3300,100
34738786645608,09:38:58.786,50.3300,700
34738787071928,09:38:58.787,50.3300,30
34739211059420,09:38:59.211,50.3400,100
34739221355028,09:38:59.221,50.3400,100
34743407563567,09:39:03.407,50.3400,100
34744246530489,09:39:04.246,50.3300,72
34744246539797,09:39:04.246,50.3300,28
34744258483485,09:39:04.258,50.3000,100
34744261359229,09:39:04.261,50.2900,100
34744261359229,09:39:04.261,50.2900,30
34744261359229,09:39:04.261,50.2900,100
34744845086502,09:39:04.845,50.2900,100
34745124435103,09:39:05.124,50.2800,100
34745469224691,09:39:05.469,50.2900,400
34745469224691,09:39:05.469,50.2900,100
34745469224691,09:39:05.469,50.2900,24
34754614210540,09:39:14.614,50.3300,100
34754614326256,09:39:14.614,50.3300,500
34754614363679,09:39:14.614,50.3300,16
34754614365385,09:39:14.614,50.3300,84
34754614365385,09:39:14.614,50.3300,16
34754614367583,09:39:14.614,50.3300,100
34754614413893,09:39:14.614,50.3300,84
34754614555674,09:39:14.614,50.3300,100
34754615145445,09:39:14.615,50.3300,200
34754615197216,09:39:14.615,50.3300,66
34754615264570,09:39:14.615,50.3300,100
34754615361730,09:39:14.615,50.3300,100
34754615499918,09:39:14.615,50.3300,50
34754615499918,09:39:14.615,50.3300,200
34754615562932,09:39:14.615,50.3300,100
34754630630326,09:39:14.630,50.3300,284
34754630630326,09:39:14.630,50.3400,100
34754630630326,09:39:14.630,50.3400,10
34755131556736,09:39:15.131,50.3500,600
34760011347977,09:39:20.011,50.3500,1400
34760011376958,09:39:20.011,50.3500,400
34760129252422,09:39:20.129,50.3400,100
34760129252422,09:39:20.129,50.3400,100
34760129252422,09:39:20.129,50.3400,100
34760129252422,09:39:20.129,50.3400,100
34760129252422,09:39:20.129,50.3400,100
34760129252422,09:39:20.129,50.3400,100
34760129359374,09:39:20.129,50.3400,100
34760129420702,09:39:20.129,50.3500,100
34760129420702,09:39:20.129,50.3500,100
34760129420702,09:39:20.129,50.3500,100
34760129420702,09:39:20.129,50.3500,200
34760129420702,09:39:20.129,50.3500,15
34760129493545,09:39:20.129,50.3400,100
34760129493545,09:39:20.129,50.3400,100
34760129493545,09:39:20.129,50.3400,300
34760129705318,09:39:20.129,50.3400,400
34760129705318,09:39:20.129,50.3400,100
34760129705318,09:39:20.129,50.3400,100
34760186515655,09:39:20.186,50.3500,100
34760186515655,09:39:20.186,50.3500,100
34765731151526,09:39:25.731,50.3600,9
34765731151526,09:39:25.731,50.3600,33
34766160604439,09:39:26.160,50.3700,1
34766160604439,09:39:26.160,50.3700,199
34767139371366,09:39:27.139,50.3700,53
34768599280734,09:39:28.599,50.3600,79
34768599280734,09:39:28.599,50.3600,17
34768608884186,09:39:28.608,50.3500,100
34768613229499,09:39:28.613,50.3400,100
34768614390881,09:39:28.614,50.3400,100
34768614390881,09:39:28.614,50.3400,100
34768614756969,09:39:28.614,50.3400,100
34768614756969,09:39:28.614,50.3400,100
34768614848714,09:39:28.614,50.3400,100
34770421905291,09:39:30.421,50.3300,200
34770421905291,09:39:30.421,50.3300,100
34770422155380,09:39:30.422,50.3300,100
34770422155380,09:39:30.422,50.3300,36
34770422552194,09:39:30.422,50.3300,100
34770422552194,09:39:30.422,50.3300,100
34770422552194,09:39:30.422,50.3300,100
34770544780889,09:39:30.544,50.3400,100
34770544780889,09:39:30.544,50.3400,100
34771575508990,09:39:31.575,50.3400,100
34774993255985,09:39:34.993,50.3300,100
34774993255985,09:39:34.993,50.3300,100
34775003542536,09:39:35.003,50.3100,100
34775003542536,09:39:35.003,50.3100,200
34775004396329,09:39:35.004,50.3000,85
34775004656506,09:39:35.004,50.3000,23
34775004844499,09:39:35.004,50.3000,92
34775850899375,09:39:35.850,50.2900,25
34781640489279,09:39:41.640,50.2800,100
34784689094870,09:39:44.689,50.2900,100
34784689872543,09:39:44.689,50.2800,100
34790135147388,09:39:50.135,50.2700,37
34790135188055,09:39:50.135,50.2700,132
34792031489914,09:39:52.031,50.2700,131
34792031489914,09:39:52.031,50.2700,100
34792031489914,09:39:52.031,50.2700,62
34792856089717,09:39:52.856,50.2700,5
34792897582599,09:39:52.897,50.2700,100
34792897582599,09:39:52.897,50.2700,100
34792897582599,09:39:52.897,50.2700,100
34796455230685,09:39:56.455,50.2600,100
34796455230685,09:39:56.455,50.2600,100
34796455230685,09:39:56.455,50.2600,100
34796455230685,09:39:56.455,50.2600,100
34796455307638,09:39:56.455,50.2600,100
34796455307638,09:39:56.455,50.2600,200
34796455349884,09:39:56.455,50.2600,200
34796457127334,09:39:56.457,50.2500,100
34796457127334,09:39:56.457,50.2500,100
34797082209521,09:39:57.082,50.2500,100
34797182364290,09:39:57.182,50.2500,100
34799363229703,09:39:59.363,50.2500,100
34799363229703,09:39:59.363,50.2500,100
34801676636313,09:40:01.676,50.2600,100
34801676636313,09:40:01.676,50.2600,100
34801712218307,09:40:01.712,50.2800,100
34801845210603,09:40:01.845,50.2800,100
34801845210603,09:40:01.845,50.2800,100
34806041652579,09:40:06.041,50.2900,100
34806041652579,09:40:06.041,50.2900,100
34814467400320,09:40:14.467,50.3000,105
34814467415630,09:40:14.467,50.3000,200
34814467434485,09:40:14.467,50.3000,495
34814467434485,09:40:14.467,50.3000,200
34814467440863,09:40:14.467,50.3000,14
34814468295967,09:40:14.468,50.3000,15
34814479434883,09:40:14.479,50.3000,400
34814495648711,09:40:14.495,50.3000,300
34814495684130,09:40:14.495,50.3000,11
34814496272481,09:40:14.496,50.3000,74
34814496272481,09:40:14.496,50.3000,26
34816237332432,09:40:16.237,50.2900,100
34816237332432,09:40:16.237,50.2900,200
34816237332432,09:40:16.237,50.2900,100
34816237364797,09:40:16.237,50.2900,100
34816237377011,09:40:16.237,50.2900,100
34816237377815,09:40:16.237,50.2900,100
34816237975633,09:40:16.237,50.2900,66
34816238007317,09:40:16.238,50.2800,200
34816240557932,09:40:16.240,50.2700,100
34816240557932,09:40:16.240,50.2700,200
34816240557932,09:40:16.240,50.2700,100
34816240619151,09:40:16.240,50.2700,300
34816240906280,09:40:16.240,50.2700,200
34816240974895,09:40:16.240,50.2700,100
34816240974895,09:40:16.240,50.2700,91
34825207168042,09:40:25.207,50.2600,300
34827475499194,09:40:27.475,50.2400,200
34827618390316,09:40:27.618,50.2300,100
34827618390316,09:40:27.618,50.2300,100
34827618421003,09:40:27.618,50.2300,100
34828685365566,09:40:28.685,50.2400,100
34832205206566,09:40:32.205,50.2700,100
34832205206566,09:40:32.205,50.2700,100
34832346217203,09:40:32.346,50.2700,100
34834212731295,09:40:34.212,50.2800,27
34835173141698,09:40:35.173,50.2700,100
34835173237697,09:40:35.173,50.2700,58
34835173237697,09:40:35.173,50.2700,100
34835173237697,09:40:35.173,50.2700,46
34840870040266,09:40:40.870,50.2600,100
34840870040266,09:40:40.870,50.2600,200
34840870138972,09:40:40.870,50.2600,100
34840872184663,09:40:40.872,50.2500,168
34840872203041,09:40:40.872,50.2500,132
34840872891480,09:40:40.872,50.2500,100
34840872891480,09:40:40.872,50.2500,100
34840981978901,09:40:40.981,50.2500,100
34840981978901,09:40:40.981,50.2500,100
34840981978901,09:40:40.981,50.2500,100
34840981978901,09:40:40.981,50.2500,100
34840981978901,09:40:40.981,50.2500,100
34842750026753,09:40:42.750,50.2400,100
34842750026753,09:40:42.750,50.2400,400
34842750026753,09:40:42.750,50.2400,400
34842750026753,09:40:42.750,50.2400,100
34842750047910,09:40:42.750,50.2400,400
34842775626000,09:40:42.775,50.2300,100
34842775626000,09:40:42.775,50.2300,100
34843155870222,09:40:43.155,50.2200,100
34843155870222,09:40:43.155,50.2200,100
34843156312633,09:40:43.156,50.2100,100
34843156312633,09:40:43.156,50.2100,100
34849089162054,09:40:49.089,50.2200,100
34849089162054,09:40:49.089,50.2200,66
34852121675865,09:40:52.121,50.2100,100
34852121733828,09:40:52.121,50.2100,42
34853807029062,09:40:53.807,50.2000,200
34854216748288,09:40:54.216,50.1900,300
34855476134330,09:40:55.476,50.1800,21
34855476163481,09:40:55.476,50.1800,20
34855476251569,09:40:55.476,50.1800,46
34856475111885,09:40:56.475,50.1800,154
34859263001875,09:40:59.263,50.1700,100
34859465458183,09:40:59.465,50.1700,100
34859465497948,09:40:59.465,50.1700,100
34859465524658,09:40:59.465,50.1700,100
34859465524658,09:40:59.465,50.1700,100
34859465524658,09:40:59.465,50.1700,100
34861417588438,09:41:01.417,50.1700,100
34861417927508,09:41:01.417,50.1700,81
34861417939087,09:41:01.417,50.1700,19
34862170857624,09:41:02.170,50.1700,19
34862268250735,09:41:02.268,50.1600,100
34862268250735,09:41:02.268,50.1600,49
34865923869377,09:41:05.923,50.1600,100
34865923869377,09:41:05.923,50.1600,151
34866033748243,09:41:06.033,50.1500,28
34866033774989,09:41:06.033,50.1500,72
34866033774989,09:41:06.033,50.1500,39
34867716901630,09:41:07.716,50.1600,149
34870941394114,09:41:10.941,50.1700,200
34879076682066,09:41:19.076,50.1900,2
34879077126287,09:41:19.077,50.1900,48
34879081025332,09:41:19.081,50.1900,200
34879081025332,09:41:19.081,50.1900,100
34879081086592,09:41:19.081,50.1900,100
34879081089298,09:41:19.081,50.1900,100
34879081109056,09:41:19.081,50.1900,100
34879081162526,09:41:19.081,50.1900,100
34879081547819,09:41:19.081,50.1800,100
34879081547819,09:41:19.081,50.1800,200
34879081547819,09:41:19.081,50.1800,100
34879081547819,09:41:19.081,50.1800,200
34879081547819,09:41:19.081,50.1800,100
34879081594764,09:41:19.081,50.1800,100
34879081594764,09:41:19.081,50.1800,37
34879081745821,09:41:19.081,50.1800,200
34879081745821,09:41:19.081,50.1800,237
34879081787311,09:41:19.081,50.1800,137
34879082058366,09:41:19.082,50.1800,26
34882334050580,09:41:22.334,50.1600,100
34882334130904,09:41:22.334,50.1600,100
34882334130904,09:41:22.334,50.1600,41
34882334157479,09:41:22.334,50.1600,59
34882334157479,09:41:22.334,50.1600,100
34882334157479,09:41:22.334,50.1600,41
34882334161821,09:41:22.334,50.1600,159
34882334168153,09:41:22.334,50.1600,159
34882334184425,09:41:22.334,50.1600,200
34885321825535,09:41:25.321,50.1500,54
34885322302295,09:41:25.322,50.1600,100
34886049315485,09:41:26.049,50.1500,46
34886049315485,09:41:26.049,50.1500,100
34886049315485,09:41:26.049,50.1500,100
34886049519929,09:41:26.049,50.1500,100
34886556342138,09:41:26.556,50.1400,100
34894059356530,09:41:34.059,50.1300,1
34894059383943,09:41:34.059,50.1300,25
34894059383943,09:41:34.059,50.1300,200
34894059383943,09:41:34.059,50.1300,100
34894059469318,09:41:34.059,50.1300,100
34894335194124,09:41:34.335,50.1200,13
34894335681586,09:41:34.335,50.1200,1
34896692743444,09:41:36.692,50.1200,100
34897629875898,09:41:37.629,50.1200,100
34899245006834,09:41:39.245,50.1100,72
34899245006834,09:41:39.245,50.1100,200
34900150316718,09:41:40.150,50.1000,1
34904356704606,09:41:44.356,50.0900,200
34904356745883,09:41:44.356,50.0900,1
34904356769274,09:41:44.356,50.0900,99
34907608455240,09:41:47.608,50.0900,1
34907610959735,09:41:47.610,50.0900,1
34909010573057,09:41:49.010,50.0900,1
34909012183600,09:41:49.012,50.0900,1
34909013787069,09:41:49.013,50.0900,1
34909016929419,09:41:49.016,50.0900,1
34909018529918,09:41:49.018,50.0900,1
34909020129027,09:41:49.020,50.0900,1
34909021724402,09:41:49.021,50.0900,1
34909369699426,09:41:49.369,50.0900,100
34909369736907,09:41:49.369,50.0900,1
34909369785669,09:41:49.369,50.0900,390
34910918392176,09:41:50.918,50.0800,1
34910920011570,09:41:50.920,50.0800,1
34913294001089,09:41:53.294,50.0800,98
34913294001089,09:41:53.294,50.0800,2
34913294045159,09:41:53.294,50.0800,1
34913294059875,09:41:53.294,50.0800,37
34913294059875,09:41:53.294,50.0800,42
34913584553933,09:41:53.584,50.0700,1
34919414592166,09:41:59.414,50.0600,100
34922484479267,09:42:02.484,50.0700,100
34923396200841,09:42:03.396,50.0800,100
34923396329064,09:42:03.396,50.0800,2
34924341806778,09:42:04.341,50.0800,2
34924346304108,09:42:04.346,50.0800,2
34924350908947,09:42:04.350,50.0800,1
34924354250394,09:42:04.354,50.0800,1
34924357598185,09:42:04.357,50.0800,1
34924360948205,09:42:04.360,50.0800,1
34924520021452,09:42:04.520,50.0800,100
34924520050437,09:42:04.520,50.0800,32
34924520116998,09:42:04.520,50.0800,32
34928609820479,09:42:08.609,50.0800,100
34928627887067,09:42:08.627,50.0900,100
34928642704187,09:42:08.642,50.0900,100
34928678039418,09:42:08.678,50.0900,100
34928678039418,09:42:08.678,50.0900,100
34928726098694,09:42:08.726,50.0800,100
34929328968569,09:42:09.328,50.0700,500
34933514513047,09:42:13.514,50.0700,100
34933514513047,09:42:13.514,50.0700,600
34933514513047,09:42:13.514,50.0700,100
34933514788773,09:42:13.514,50.0700,600
34933514803322,09:42:13.514,50.0700,484
34933515014161,09:42:13.515,50.0700,316
34933559196849,09:42:13.559,50.0700,100
34933559282916,09:42:13.559,50.0700,100
34933559282916,09:42:13.559,50.0700,100
34933559282916,09:42:13.559,50.0700,24
34933560475321,09:42:13.560,50.0600,158
34933560510074,09:42:13.560,50.0600,42
34933560510074,09:42:13.560,50.0600,58
34933560515749,09:42:13.560,50.0600,26
34933560550438,09:42:13.560,50.0600,42
34933560553508,09:42:13.560,50.0600,74
34933560553508,09:42:13.560,50.0600,62
34933560580938,09:42:13.560,50.0600,116
34933560754302,09:42:13.560,50.0600,122
34933670044658,09:42:13.670,50.0600,100
34934184483219,09:42:14.184,50.0600,100
34934184483219,09:42:14.184,50.0600,100
34934184483219,09:42:14.184,50.0600,100
34940342081221,09:42:20.342,50.0700,600
34940352642367,09:42:20.352,50.0800,100
34940353138952,09:42:20.353,50.0800,100
34940353991779,09:42:20.353,50.0700,100
34940353991779,09:42:20.353,50.0700,100
34940353991779,09:42:20.353,50.0700,100
34940353991779,09:42:20.353,50.0700,100
34940353991779,09:42:20.353,50.0700,200
34940391962852,09:42:20.391,50.0600,100
34940391962852,09:42:20.391,50.0600,100
34940391962852,09:42:20.391,50.0600,100
34940391962852,09:42:20.391,50.0600,200
34940391962852,09:42:20.391,50.0600,200
34940391962852,09:42:20.391,50.0600,200
34940391962852,09:42:20.391,50.0600,100
34940391962852,09:42:20.391,50.0600,300
34940391962852,09:42:20.391,50.0500,2
34940391962852,09:42:20.391,50.0500,50
34940391962852,09:42:20.391,50.0500,10
34940391962852,09:42:20.391,50.0500,500
34940391962852,09:42:20.391,50.0500,100
34940391962852,09:42:20.391,50.0500,100
34940391962852,09:42:20.391,50.0500,200
34940392668181,09:42:20.392,50.0500,400
34940392668181,09:42:20.392,50.0500,100
34940392668181,09:42:20.392,50.0500,100
34940392733684,09:42:20.392,50.0500,100
34940392733684,09:42:20.392,50.0500,59
34940392733684,09:42:20.392,50.0500,100
34940393304417,09:42:20.393,50.0500,100
34940394521497,09:42:20.394,50.0500,59
34940394521497,09:42:20.394,50.0500,100
34940401886870,09:42:20.401,50.0500,100
34940401886870,09:42:20.401,50.0500,50
34940401940448,09:42:20.401,50.0500,50
34940401940448,09:42:20.401,50.0500,50
34940402312048,09:42:20.402,50.0500,100
34940403018531,09:42:20.403,50.0500,100
34944599390249,09:42:24.599,50.0500,100
34944599886758,09:42:24.599,50.0500,100
34948319285947,09:42:28.319,50.0500,100
34948319285947,09:42:28.319,50.0500,200
34948319495850,09:42:28.319,50.0500,100
34948319495850,09:42:28.319,50.0500,100
34948319497677,09:42:28.319,50.0500,83
34948319497677,09:42:28.319,50.0500,100
34948319809084,09:42:28.319,50.0500,100
34948319847853,09:42:28.319,50.0500,100
34948320324622,09:42:28.320,50.0500,100
34953087548098,09:42:33.087,50.0500,100
34953092491780,09:42:33.092,50.0600,100
34953092491780,09:42:33.092,50.0600,100
34953092491780,09:42:33.092,50.0600,100
34953092697282,09:42:33.092,50.0600,100
34953092697282,09:42:33.092,50.0600,100
34953092697282,09:42:33.092,50.0600,100
34953092724554,09:42:33.092,50.0600,100
34953155527635,09:42:33.155,50.0500,1
34953173450664,09:42:33.173,50.0500,1
34953175136380,09:42:33.175,50.0500,1
34953178567144,09:42:33.178,50.0500,1
34953180202945,09:42:33.180,50.0500,1
34953181840067,09:42:33.181,50.0500,1
34953183479773,09:42:33.183,50.0500,1
34953185113801,09:42:33.185,50.0500,1
34953187893925,09:42:33.187,50.0500,1
34953189529868,09:42:33.189,50.0500,1
34954010670336,09:42:34.010,50.0500,1
34954011145370,09:42:34.011,50.0500,90
34955394429320,09:42:35.394,50.0400,100
34955394429320,09:42:35.394,50.0400,100
34955394429320,09:42:35.394,50.0400,200
34955394429320,09:42:35.394,50.0400,100
34955394429320,09:42:35.394,50.0400,100
34955394970811,09:42:35.394,50.0300,100
34955394970811,09:42:35.394,50.0300,17
34955395048463,09:42:35.395,50.0300,100
34955395265059,09:42:35.395,50.0300,100
34958435924023,09:42:38.435,50.0200,500
34958435924023,09:42:38.435,50.0200,200
34958435924023,09:42:38.435,50.0200,100
34958436563587,09:42:38.436,50.0100,100
34959170947219,09:42:39.170,50.0100,100
34959170947219,09:42:39.170,50.0100,100
34959223043297,09:42:39.223,50.0100,5
34959691684238,09:42:39.691,50.0100,100
34959777621538,09:42:39.777,50.0000,18
34959778260542,09:42:39.778,50.0000,14
34960664391575,09:42:40.664,50.0000,45
34960665021209,09:42:40.665,50.0000,11
34960971105405,09:42:40.971,50.0000,12
34960971105405,09:42:40.971,50.0000,1
34960971105405,09:42:40.971,50.0000,20
34961926781430,09:42:41.926,50.0000,12
34961945045885,09:42:41.945,50.0000,21
34961945116092,09:42:41.945,50.0000,17
34966011142556,09:42:46.011,50.0100,100
34967865706644,09:42:47.865,50.0150,100
34967865706644,09:42:47.865,50.0200,400
34967865706644,09:42:47.865,50.0200,700
34967866117819,09:42:47.866,50.0200,400
34967866117819,09:42:47.866,50.0200,100
34967866598486,09:42:47.866,50.0200,100
34968510787836,09:42:48.510,50.0200,300
34968645935512,09:42:48.645,50.0100,11
34968666816947,09:42:48.666,50.0100,12
34969927375890,09:42:49.927,50.0100,14
34969927404671,09:42:49.927,50.0100,22
34969927477488,09:42:49.927,50.0100,41
34969927994340,09:42:49.927,50.0100,19
34969928029618,09:42:49.928,50.0100,22
34969928259556,09:42:49.928,50.0100,30
34969928610749,09:42:49.928,50.0100,30
34969928693930,09:42:49.928,50.0100,14
34969928745242,09:42:49.928,50.0100,8
34969928745242,09:42:49.928,50.0100,8
34969928997691,09:42:49.928,50.0100,29
34971800422812,09:42:51.800,50.0100,10
34971800464335,09:42:51.800,50.0100,13
34971806931776,09:42:51.806,50.0100,40
34971806931776,09:42:51.806,50.0100,60
34971806969049,09:42:51.806,50.0100,27
34971807006182,09:42:51.807,50.0100,13
34971807006182,09:42:51.807,50.0100,87
34971807017984,09:42:51.807,50.0100,13
34971807017984,09:42:51.807,50.0100,100
34971807017984,09:42:51.807,50.0100,187
34971807044001,09:42:51.807,50.0100,213
34972107180169,09:42:52.107,50.0100,2
34972213647104,09:42:52.213,50.0100,2
34972215239358,09:42:52.215,50.0100,2
34972216822939,09:42:52.216,50.0100,2
34972219992063,09:42:52.219,50.0100,1
34972221573561,09:42:52.221,50.0100,1
34972223152268,09:42:52.223,50.0100,1
34972224732002,09:42:52.224,50.0100,1
34972226316683,09:42:52.226,50.0100,1
34972229226129,09:42:52.229,50.0100,1
34973526322705,09:42:53.526,50.0100,13
34973526423286,09:42:53.526,50.0100,12
34973526946564,09:42:53.526,50.0100,33
34973527278356,09:42:53.527,50.0100,19
34973527443592,09:42:53.527,50.0100,9
34973527443592,09:42:53.527,50.0100,9
34973528875622,09:42:53.528,50.0100,44
34973528925874,09:42:53.528,50.0100,11
34973529553112,09:42:53.529,50.0100,28
34973741011263,09:42:53.741,50.0100,51
34974842686295,09:42:54.842,50.0100,57
34974842686295,09:42:54.842,50.0100,43
34979817529444,09:42:59.817,50.0100,57
34979817529444,09:42:59.817,50.0100,100
34979817529444,09:42:59.817,50.0100,93
34979819489774,09:42:59.819,50.0100,7
34979819489774,09:42:59.819,50.0100,200
34979819489774,09:42:59.819,50.0100,100
34979819583501,09:42:59.819,50.0100,100
34979819583501,09:42:59.819,50.0100,100
34979819627080,09:42:59.819,50.0100,200
34979820237881,09:42:59.820,50.0100,400
34983739353347,09:43:03.739,50.0100,10
34983740288887,09:43:03.740,50.0100,1
34983743577189,09:43:03.743,50.0100,1
34983745267033,09:43:03.745,50.0100,1
34983746954217,09:43:03.746,50.0100,1
34983748638020,09:43:03.748,50.0100,1
34984686897366,09:43:04.686,50.0000,17
34984686958869,09:43:04.686,50.0000,13
34984686958869,09:43:04.686,50.0000,100
34984686958869,09:43:04.686,50.0000,190
34984686958869,09:43:04.686,50.0000,400
34984686958869,09:43:04.686,50.0000,100
34984686958869,09:43:04.686,50.0000,200
34984686958869,09:43:04.686,50.0000,600
34984687044295,09:43:04.687,50.0000,300
34984687044295,09:43:04.687,50.0000,1100
34984687044295,09:43:04.687,50.0000,203
34984687071402,09:43:04.687,50.0000,97
34984698460435,09:43:04.698,49.9900,4
34984715582527,09:43:04.715,49.9900,396
34984715582527,09:43:04.715,49.9900,500
34984715643638,09:43:04.715,49.9900,100
34985564733201,09:43:05.564,49.9700,100
34985566604083,09:43:05.566,49.9600,100
34986879562759,09:43:06.879,49.9700,100
34986887913443,09:43:06.887,49.9800,100
34986985558043,09:43:06.985,49.9800,100
34987281579178,09:43:07.281,49.9700,100
34987281579178,09:43:07.281,49.9700,100
34989416006399,09:43:09.416,49.9900,200
34989416052588,09:43:09.416,49.9900,100
34989424784941,09:43:09.424,49.9900,100
34990873440382,09:43:10.873,49.9900,100
34991721837692,09:43:11.721,49.9900,200
34991721837692,09:43:11.721,49.9900,100
34991721837692,09:43:11.721,49.9900,600
34991721935168,09:43:11.721,49.9900,200
34991722948342,09:43:11.722,49.9900,200
34991722948342,09:43:11.722,49.9900,100
34993046013450,09:43:13.046,49.9800,64
34993046087830,09:43:13.046,49.9800,100
34993061054631,09:43:13.061,49.9700,63
34993186295735,09:43:13.186,49.9700,37
34993186295735,09:43:13.186,49.9700,100
34993186295735,09:43:13.186,49.9700,63
34993201798655,09:43:13.201,49.9700,100
34994164463349,09:43:14.164,49.9700,100
34994164463349,09:43:14.164,49.9700,200
34998123207950,09:43:18.123,49.9700,100
34998123207950,09:43:18.123,49.9700,55
34998123269836,09:43:18.123,49.9700,45
34998849685863,09:43:18.849,49.9700,269
35000323568093,09:43:20.323,49.9800,100
35002714151717,09:43:22.714,49.9800,200
35002714151717,09:43:22.714,49.9800,100
35008402880954,09:43:28.402,49.9800,400
35010918331771,09:43:30.918,49.9800,100
35015006514956,09:43:35.006,49.9800,200
35015006514956,09:43:35.006,49.9800,200
