timestamp,time,price,volume
34195080749765,09:29:55.080,121.9100,100
34195080749765,09:29:55.080,121.7700,200
34200615444152,09:30:00.615,0.0000,0
34201155450866,09:30:01.155,121.6600,59
34201155450866,09:30:01.155,121.6600,100
34201188324929,09:30:01.188,121.3800,10
34201706918598,09:30:01.706,121.3300,3
34202932571979,09:30:02.932,121.4800,10
34204446427870,09:30:04.446,121.4200,100
34204446427870,09:30:04.446,121.3800,100
34204446477616,09:30:04.446,121.3500,100
34204446534712,09:30:04.446,121.3500,40
34204446559422,09:30:04.446,121.3500,160
34204446651788,09:30:04.446,121.3500,40
34204446691047,09:30:04.446,121.3500,100
34204446724289,09:30:04.446,121.3500,40
34204446741184,09:30:04.446,121.3500,20
34204446741184,09:30:04.446,121.3500,40
34204446771739,09:30:04.446,121.3500,40
34204446810655,09:30:04.446,121.3500,100
34204446842619,09:30:04.446,121.3500,20
34204446888429,09:30:04.446,121.3500,40
34204446953446,09:30:04.446,121.3500,40
34204447004951,09:30:04.447,121.3500,40
34204447082505,09:30:04.447,121.3500,40
34204447132712,09:30:04.447,121.3500,40
34214871475375,09:30:14.871,121.0700,100
34225022592424,09:30:25.022,121.0700,100
34232486678859,09:30:32.486,121.0700,100
34289279669147,09:31:29.279,121.2800,10
34289279669147,09:31:29.279,121.2800,67
34289279669147,09:31:29.279,121.2800,23
34293454677374,09:31:33.454,121.0200,8
34320788770675,09:32:00.788,120.8600,55
34320788917713,09:32:00.788,120.8300,100
34324778297253,09:32:04.778,120.4800,10
34389217736201,09:33:09.217,120.4900,25
34389217736201,09:33:09.217,120.4200,75
34389217765489,09:33:09.217,120.4200,25
34413430174475,09:33:33.430,120.0400,45
34413439713089,09:33:33.439,120.0400,45
34437042721519,09:33:57.042,119.9000,2
34437042746530,09:33:57.042,119.9000,43
34446428067144,09:34:06.428,120.1800,25
34446428067144,09:34:06.428,120.2200,25
34446428134803,09:34:06.428,120.2200,100
34458700483004,09:34:18.700,120.1700,100
34458700483004,09:34:18.700,120.1700,100
34510419641167,09:35:10.419,120.2700,100
34510419641167,09:35:10.419,120.3000,99
34510419641167,09:35:10.419,120.3200,100
34510419641167,09:35:10.419,120.3200,1
34544708633347,09:35:44.708,120.2900,13
34555755801921,09:35:55.755,120.1800,149
34555755810927,09:35:55.755,120.1800,74
34555755819951,09:35:55.755,120.1800,77
34588647863310,09:36:28.647,119.7000,45
34588648748788,09:36:28.648,119.6800,5
34588648772439,09:36:28.648,119.6800,95
34588650992298,09:36:28.650,119.6800,1
34588650992298,09:36:28.650,119.6800,1
34588650992298,09:36:28.650,119.6800,1
34588650992298,09:36:28.650,119.6800,1
34588978317283,09:36:28.978,119.7400,100
34589025353336,09:36:29.025,119.6900,1
34589664480018,09:36:29.664,119.6200,45
34589664574538,09:36:29.664,119.6100,45
34622219227699,09:37:02.219,119.3400,100
34630341278097,09:37:10.341,119.4200,96
34630341278097,09:37:10.341,119.3900,4
34630341303851,09:37:10.341,119.3900,96
34648026970384,09:37:28.026,119.4800,2
34670209911692,09:37:50.209,119.4600,5
34688513157520,09:38:08.513,119.5800,99
34697114460536,09:38:17.114,119.6500,2
34697114532735,09:38:17.114,119.6500,1
34697114552700,09:38:17.114,119.6700,100
34697114552700,09:38:17.114,119.6900,100
34697114586203,09:38:17.114,119.6500,26
34697114609402,09:38:17.114,119.6500,5
34697114633515,09:38:17.114,119.6500,68
34697114638379,09:38:17.114,119.6900,100
34697116685676,09:38:17.116,119.6700,100
34703450413713,09:38:23.450,119.5400,50
34710451081015,09:38:30.451,119.6000,100
34710451318053,09:38:30.451,119.5500,100
34710451319384,09:38:30.451,119.5500,100
34710451388237,09:38:30.451,119.5500,44
34710451405371,09:38:30.451,119.5400,83
34710451432826,09:38:30.451,119.5500,50
34710451580780,09:38:30.451,119.5500,6
34710451594317,09:38:30.451,119.5400,17
34710452093423,09:38:30.452,119.5300,42
34710452288219,09:38:30.452,119.5300,6
34710452290260,09:38:30.452,119.5400,6
34710452328805,09:38:30.452,119.5400,6
34710453025227,09:38:30.453,119.5300,6
34713652349239,09:38:33.652,119.4900,100
34713652377852,09:38:33.652,119.4900,45
34713702029358,09:38:33.702,119.4900,100
34717451633019,09:38:37.451,119.4000,100
34724652231003,09:38:44.652,119.3900,100
34727659482826,09:38:47.659,119.3900,45
34727659482826,09:38:47.659,119.3700,12
34731652837549,09:38:51.652,119.3800,100
34731652837549,09:38:51.652,119.3600,28
34739253468216,09:38:59.253,119.3900,45
34739253468216,09:38:59.253,119.3600,55
34745453936509,09:39:05.453,119.3100,50
34747966854603,09:39:07.966,119.3300,5
34747966854603,09:39:07.966,119.3000,95
34758855565678,09:39:18.855,119.3000,5
34758855565678,09:39:18.855,119.3000,2
34765555614062,09:39:25.555,119.4600,100
34771958475683,09:39:31.958,119.3000,100
34771959041433,09:39:31.959,119.3500,100
34771959041433,09:39:31.959,119.3700,10
34772049252168,09:39:32.049,119.3000,10
34772049252168,09:39:32.049,119.3000,10
34772049444381,09:39:32.049,119.3000,2
34772049487379,09:39:32.049,119.3000,18
34772049762192,09:39:32.049,119.3200,2
34773337263135,09:39:33.337,119.4100,100
34773337849822,09:39:33.337,119.3800,100
34773338709492,09:39:33.338,119.3900,200
34773392509477,09:39:33.392,119.4100,100
34773392509477,09:39:33.392,119.4100,400
34773392629615,09:39:33.392,119.4100,65
34773392695763,09:39:33.392,119.4100,35
34773392999893,09:39:33.392,119.4200,76
34775186856655,09:39:35.186,119.5200,100
34776713524328,09:39:36.713,119.5200,100
34776713524328,09:39:36.713,119.5700,200
34778351487998,09:39:38.351,119.5700,100
34778351487998,09:39:38.351,119.5700,200
34778351567056,09:39:38.351,119.5700,100
34778351576004,09:39:38.351,119.5700,5
34778351591864,09:39:38.351,119.5700,89
34778351621816,09:39:38.351,119.5700,95
34778351626393,09:39:38.351,119.5700,11
34784185995245,09:39:44.185,119.5700,100
34784219102433,09:39:44.219,119.5500,100
34784219404071,09:39:44.219,119.5700,100
34784325045703,09:39:44.325,119.5500,100
34787569937925,09:39:47.569,119.8800,100
34787569937925,09:39:47.569,119.8200,100
34788926288055,09:39:48.926,119.8200,100
34791575687222,09:39:51.575,120.1200,100
34793264010031,09:39:53.264,120.1200,100
34793646225006,09:39:53.646,119.8200,14
34793646346384,09:39:53.646,119.8200,86
34794670309815,09:39:54.670,119.8300,100
34795248016104,09:39:55.248,119.8800,100
34797510248542,09:39:57.510,120.1200,100
34797511148475,09:39:57.511,119.9900,100
34804749244392,09:40:04.749,119.7600,10
34820531139683,09:40:20.531,119.8800,100
34820531144553,09:40:20.531,119.9100,100
34820531247065,09:40:20.531,119.9100,39
34820531267244,09:40:20.531,119.9100,100
34820531295029,09:40:20.531,119.9100,61
34820531387425,09:40:20.531,119.9100,100
34820531482179,09:40:20.531,119.9100,100
34823193999995,09:40:23.193,119.7100,100
34827699492506,09:40:27.699,119.7000,100
34827699574353,09:40:27.699,119.6400,68
34827699586350,09:40:27.699,119.6400,32
34863967528197,09:41:03.967,119.2900,100
34863967604343,09:41:03.967,119.2900,100
34864448815628,09:41:04.448,119.2800,100
34865797973073,09:41:05.797,119.1000,5
34865798177914,09:41:05.798,119.1000,5
34865798535835,09:41:05.798,119.1000,5
34868728558442,09:41:08.728,119.1300,300
34890030938175,09:41:30.030,119.0700,1
34890031041676,09:41:30.031,118.9900,10
34890031072648,09:41:30.031,118.9900,90
34890031111342,09:41:30.031,118.9900,10
34948023600800,09:42:28.023,119.0600,2
34981752710154,09:43:01.752,118.8400,6
34981752771221,09:43:01.752,118.8400,100
34981752834705,09:43:01.752,118.8500,50
34981758735513,09:43:01.758,118.9700,100
34989671753892,09:43:09.671,118.7800,100
34989671753892,09:43:09.671,118.7800,100
34989671812290,09:43:09.671,118.7800,100
34989671906587,09:43:09.671,118.7800,100
34989730135539,09:43:09.730,118.7300,100
34989800803557,09:43:09.800,118.6800,45
34991821619614,09:43:11.821,118.8400,100
34992174071794,09:43:12.174,118.8400,100
34992175672963,09:43:12.175,118.8500,100
34992176204135,09:43:12.176,118.8500,100
35018295663034,09:43:38.295,118.6800,100
35018295951507,09:43:38.295,118.6700,100
35018296217282,09:43:38.296,118.6700,100
35025978159050,09:43:45.978,118.6800,100
35025978159050,09:43:45.978,118.6800,100
35025978725260,09:43:45.978,118.6800,100
35025983553205,09:43:45.983,118.6800,100
35032184952073,09:43:52.184,118.6000,45
35032872854117,09:43:52.872,118.5700,45
35032872854117,09:43:52.872,118.5700,255
35032872913896,09:43:52.872,118.5700,100
35032872931048,09:43:52.872,118.5700,6
35032872965975,09:43:52.872,118.5700,4
35032873004077,09:43:52.873,118.5700,2
35032873004077,09:43:52.873,118.5600,98
35032873124360,09:43:52.873,118.5600,2
35032902715003,09:43:52.902,118.5100,45
35032929868260,09:43:52.929,118.4400,45
35033199711423,09:43:53.199,118.6100,100
35033199711423,09:43:53.199,118.6200,200
35038885218095,09:43:58.885,118.5100,284
35047839346779,09:44:07.839,118.5500,100
35047839346779,09:44:07.839,118.5500,94
35047839403973,09:44:07.839,118.5500,100
35047839443283,09:44:07.839,118.5500,6
35047839643373,09:44:07.839,118.5500,6
35075436945541,09:44:35.436,118.5200,2
35075437678673,09:44:35.437,118.6000,200
35075438262139,09:44:35.438,118.6000,200
35075438803115,09:44:35.438,118.6000,42
35075438830643,09:44:35.438,118.6000,58
35075438909534,09:44:35.438,118.6300,80
35078778621164,09:44:38.778,118.4500,100
35098295737557,09:44:58.295,118.6600,106
35098295747702,09:44:58.295,118.6600,94
35098295747702,09:44:58.295,118.6600,51
35098295765978,09:44:58.295,118.6600,49
35098295765978,09:44:58.295,118.6600,145
35098295779145,09:44:58.295,118.6600,97
35098296256678,09:44:58.296,118.6600,58
35103672464494,09:45:03.672,118.5300,100
35103672464494,09:45:03.672,118.5300,82
35112923312564,09:45:12.923,118.4700,100
35112923312564,09:45:12.923,118.4600,100
35123743904648,09:45:23.743,118.6600,100
35123744210485,09:45:23.744,118.6700,100
35123744339668,09:45:23.744,118.7000,100
35128984026520,09:45:28.984,118.5300,100
35158492545555,09:45:58.492,118.6400,1
35158492604410,09:45:58.492,118.6400,100
35187207393983,09:46:27.207,118.6100,100
35187207450241,09:46:27.207,118.6000,100
35187207453904,09:46:27.207,118.6100,100
35187207777109,09:46:27.207,118.5800,8
35187207976231,09:46:27.207,118.5800,92
35187213095131,09:46:27.213,118.4900,1
35188194131205,09:46:28.194,118.4700,100
35189105415320,09:46:29.105,118.6100,1
35215395612170,09:46:55.395,118.4300,100
35215395612170,09:46:55.395,118.4300,80
35253584459731,09:47:33.584,118.3500,100
35280099218318,09:48:00.099,118.3300,1
35280099218318,09:48:00.099,118.3300,1
35307454237895,09:48:27.454,118.1300,100
35307454263046,09:48:27.454,118.1300,200
35307454263046,09:48:27.454,118.1300,100
35307584383693,09:48:27.584,118.1400,100
35318192834677,09:48:38.192,118.0100,5
35318192860036,09:48:38.192,118.0100,95
35318192860036,09:48:38.192,118.0100,100
35318192860871,09:48:38.192,118.0100,195
35318192896156,09:48:38.192,118.0100,5
35318192916745,09:48:38.192,118.0100,95
35318192916745,09:48:38.192,118.0100,5
35318192966914,09:48:38.192,118.0100,24
35318193333921,09:48:38.193,118.0100,76
35318193333921,09:48:38.193,118.0100,100
35318193917264,09:48:38.193,118.0000,26
35318194895652,09:48:38.194,118.0100,10
35324301624553,09:48:44.301,118.0300,1
35324301624553,09:48:44.301,118.0300,99
35324301649497,09:48:44.301,118.0300,1
35324301766720,09:48:44.301,118.0900,1
35330601963865,09:48:50.601,118.0300,1
35330601963865,09:48:50.601,118.0100,99
35330602097857,09:48:50.602,118.0100,1
35330652622780,09:48:50.652,118.0000,4
35330652622780,09:48:50.652,118.0000,1
35330652647555,09:48:50.652,118.0000,99
35335797493070,09:48:55.797,118.0000,2
35335798038863,09:48:55.798,118.0600,100
35335798038863,09:48:55.798,118.1200,100
35335798038863,09:48:55.798,118.1200,100
35336003096663,09:48:56.003,118.1200,100
35336251277944,09:48:56.251,118.1150,90
35337802437504,09:48:57.802,117.9600,100
35337802437504,09:48:57.802,117.9200,69
35368050952267,09:49:28.050,118.1100,2
35394263367893,09:49:54.263,118.0300,1
35395312664455,09:49:55.312,117.9700,100
35395313019550,09:49:55.313,117.9600,100
35457036183614,09:50:57.036,117.9900,1
35457036209146,09:50:57.036,117.9900,99
35457036482216,09:50:57.036,117.9700,1
35457128561176,09:50:57.128,118.0700,75
35475821842340,09:51:15.821,118.0200,3
35488019382312,09:51:28.019,117.9600,1
35492164635283,09:51:32.164,117.8000,5
35492164659250,09:51:32.164,117.8000,95
35492165476403,09:51:32.165,117.7600,1
35548017593188,09:52:28.017,117.8100,1
35548530484729,09:52:28.530,117.8000,100
35548530526775,09:52:28.530,117.8000,10
35548531226685,09:52:28.531,117.8000,100
35548533285652,09:52:28.533,117.7900,100
35548548633876,09:52:28.548,117.7900,100
35548567416130,09:52:28.567,117.7200,10
35548567474412,09:52:28.567,117.7900,1
35548567474412,09:52:28.567,117.7900,10
35548597551618,09:52:28.597,117.7900,10
35549741476698,09:52:29.741,117.6700,63
35549741476698,09:52:29.741,117.6600,100
35555222195597,09:52:35.222,117.7200,100
35562022723676,09:52:42.022,117.6800,100
35562022723676,09:52:42.022,117.6800,100
35563123536416,09:52:43.123,117.6700,100
35582507276076,09:53:02.507,117.7600,1
35588242741277,09:53:08.242,117.6500,73
35588242887893,09:53:08.242,117.6500,27
35608016018545,09:53:28.016,117.6200,1
35638934389361,09:53:58.934,117.6350,200
35638934914394,09:53:58.934,117.7200,100
35638934914394,09:53:58.934,117.7300,100
35638935081456,09:53:58.935,117.7300,100
35639273757462,09:53:59.273,117.6400,100
35639273757462,09:53:59.273,117.7400,100
35639959823364,09:53:59.959,117.6350,100
35667350301769,09:54:27.350,117.7100,4
35668025021591,09:54:28.025,117.6300,1
35672303377355,09:54:32.303,117.6250,187
35672303377355,09:54:32.303,117.7100,13
35672313146616,09:54:32.313,117.7100,80
35672313146616,09:54:32.313,117.7300,100
35672313146616,09:54:32.313,117.7300,20
35672313196101,09:54:32.313,117.7300,80
35672313196101,09:54:32.313,117.7300,20
35672313209329,09:54:32.313,117.7300,100
35672313209329,09:54:32.313,117.7300,89
35672313210107,09:54:32.313,117.7300,9
35672313228131,09:54:32.313,117.7300,11
35672313308386,09:54:32.313,117.7300,100
35672313347418,09:54:32.313,117.7300,200
35672313359457,09:54:32.313,117.7300,100
35672313378876,09:54:32.313,117.7300,51
35672313392168,09:54:32.313,117.7300,71
35672313689687,09:54:32.313,117.7500,22
35672313692732,09:54:32.313,117.7500,74
35672313921163,09:54:32.313,117.7300,49
35672314120243,09:54:32.314,117.7300,10
35672314120243,09:54:32.314,117.7300,10
35672314162349,09:54:32.314,117.7300,100
35672314254857,09:54:32.314,117.7300,80
35677791417138,09:54:37.791,117.7900,100
35684133516036,09:54:44.133,117.7500,100
35684133596190,09:54:44.133,117.7500,100
35684133621746,09:54:44.133,117.7600,50
35696962734986,09:54:56.962,117.7200,1
35697434273666,09:54:57.434,117.7100,100
35697434345070,09:54:57.434,117.7100,100
35702265644254,09:55:02.265,117.7100,59
35702265644254,09:55:02.265,117.7100,41
35703899232866,09:55:03.899,117.7100,19
35703899232866,09:55:03.899,117.8200,81
35718783478704,09:55:18.783,117.6100,100
35718783478704,09:55:18.783,117.6100,100
35718783613372,09:55:18.783,117.6100,100
35718783702267,09:55:18.783,117.6100,100
35718783726667,09:55:18.783,117.6100,100
35718783775705,09:55:18.783,117.6100,100
35718783968968,09:55:18.783,117.6100,100
35718783974707,09:55:18.783,117.6100,10
35718783993634,09:55:18.783,117.6100,200
35718784115271,09:55:18.784,117.6100,100
35718784139901,09:55:18.784,117.6100,90
35718784362739,09:55:18.784,117.6000,50
35718848998886,09:55:18.848,117.6100,100
35718848998886,09:55:18.848,117.6100,100
35718848998886,09:55:18.848,117.6100,100
35718848998886,09:55:18.848,117.6100,100
35718848998886,09:55:18.848,117.6100,60
35724674515918,09:55:24.674,117.6600,100
35724674874128,09:55:24.674,117.6600,100
35724674938634,09:55:24.674,117.6600,100
35724674938634,09:55:24.674,117.6600,100
35753997278871,09:55:53.997,117.4300,1
35753997415707,09:55:53.997,117.4300,100
35754509607117,09:55:54.509,117.5000,100
35788649142191,09:56:28.649,117.3800,200
35788649438306,09:56:28.649,117.3800,100
35806716331944,09:56:46.716,117.4200,1
35806716820555,09:56:46.716,117.4800,1
35806717174784,09:56:46.717,117.4800,1
35806717233262,09:56:46.717,117.4800,98
35806717518079,09:56:46.717,117.4700,5
35818747851851,09:56:58.747,117.4400,100
35818747851851,09:56:58.747,117.3800,100
35818748171279,09:56:58.748,117.5200,100
35823804296257,09:57:03.804,117.5600,1
35824822366952,09:57:04.822,117.6100,1
35826581545527,09:57:06.581,117.6400,34
35826581569822,09:57:06.581,117.6400,66
35873731865808,09:57:53.731,117.6700,100
35873732690544,09:57:53.732,117.6600,1
35873737040171,09:57:53.737,117.6100,50
35873737066718,09:57:53.737,117.6100,50
35873737446989,09:57:53.737,117.6100,100
35887049902350,09:58:07.049,117.5200,100
35889359858169,09:58:09.359,117.6000,100
35909344462924,09:58:29.344,117.5900,2
35909344832328,09:58:29.344,117.5900,100
35909345183796,09:58:29.345,117.6000,100
35913008425213,09:58:33.008,117.6400,100
35936009645922,09:58:56.009,117.6300,100
35959769008804,09:59:19.769,117.6500,100
35959769008804,09:59:19.769,117.6500,100
35959769618436,09:59:19.769,117.6600,1
35959769618436,09:59:19.769,117.6600,100
35959769618436,09:59:19.769,117.6600,100
35959769618436,09:59:19.769,117.6600,100
35959855668143,09:59:19.855,117.6200,100
35963009651450,09:59:23.009,117.6900,100
35965490405554,09:59:25.490,117.7000,100
35966957136372,09:59:26.957,117.5800,100
35974457362818,09:59:34.457,117.5600,100
35998027279914,09:59:58.027,117.7200,100
36010879327541,10:00:10.879,117.5800,100
36010879327541,10:00:10.879,117.5800,329
36028028054891,10:00:28.028,117.6200,1
36028028420303,10:00:28.028,117.6200,18
36054263080908,10:00:54.263,117.6900,45
36070753319711,10:01:10.753,117.6000,13
36070753654634,10:01:10.753,117.6000,87
36070753654634,10:01:10.753,117.6000,73
36070753687855,10:01:10.753,117.6000,27
36070753687855,10:01:10.753,117.6000,100
36070753687855,10:01:10.753,117.6000,59
36070753728457,10:01:10.753,117.5900,16
36092365790062,10:01:32.365,117.4700,1
36092365790062,10:01:32.365,117.4700,99
36092365929684,10:01:32.365,117.4700,1
36093987182804,10:01:33.987,117.4500,23
36093987208860,10:01:33.987,117.4500,77
36093987208860,10:01:33.987,117.4500,100
36099470803783,10:01:39.470,117.4000,100
36113284312025,10:01:53.284,117.3500,73
36113284336353,10:01:53.284,117.3500,27
36113671133705,10:01:53.671,117.2400,100
36141678376259,10:02:21.678,117.2400,100
36141678376259,10:02:21.678,117.2400,100
36141874288030,10:02:21.874,117.2400,100
36149434772267,10:02:29.434,117.2900,2
36159034999592,10:02:39.034,117.3600,100
36159034999592,10:02:39.034,117.3600,100
36159034999592,10:02:39.034,117.3600,100
36159034999592,10:02:39.034,117.3600,100
36159076680434,10:02:39.076,117.2800,100
36159076680434,10:02:39.076,117.2800,1
36159076680434,10:02:39.076,117.2700,99
36159092907073,10:02:39.092,117.3200,10
36159092907073,10:02:39.092,117.3600,90
36166686550540,10:02:46.686,117.2800,10
36166686550540,10:02:46.686,117.2800,100
36166688245695,10:02:46.688,117.2400,1
36166873080505,10:02:46.873,117.2400,100
36171504671381,10:02:51.504,117.3100,7
36171506509775,10:02:51.506,117.3100,93
36171506876989,10:02:51.506,117.3200,12
36171507390045,10:02:51.507,117.3100,7
36171677516405,10:02:51.677,117.2500,100
36186856904604,10:03:06.856,117.2700,100
36208079609968,10:03:28.079,117.2500,2
36208333225428,10:03:28.333,117.3000,100
36213212205127,10:03:33.212,117.2900,100
36213212205127,10:03:33.212,117.2900,47
36213212985962,10:03:33.212,117.3000,7
36213212985962,10:03:33.212,117.3000,93
36213274630348,10:03:33.274,117.2100,100
36235098735022,10:03:55.098,117.1900,100
36235275273333,10:03:55.275,117.1700,2
36235275273333,10:03:55.275,117.1400,1
36240874562106,10:04:00.874,117.2400,2
36240877375703,10:04:00.877,117.2500,100
36241078872592,10:04:01.078,117.1800,100
36246862453014,10:04:06.862,117.2600,200
36246862453014,10:04:06.862,117.2600,100
36246862547224,10:04:06.862,117.2200,10
36253709297721,10:04:13.709,117.1900,100
36253879011720,10:04:13.879,117.1300,300
36310480606471,10:05:10.480,117.1000,100
36310878330469,10:05:10.878,117.1000,5
36313016746818,10:05:13.016,117.1700,1
36313016746818,10:05:13.016,117.1700,10
36313023232578,10:05:13.023,117.1900,100
36313023232578,10:05:13.023,117.1900,100
36313023232578,10:05:13.023,117.1900,100
36313023930433,10:05:13.023,117.2000,100
36313023930433,10:05:13.023,117.2000,100
36313024353602,10:05:13.024,117.2200,100
36313027809327,10:05:13.027,117.2400,100
36314493041555,10:05:14.493,117.2800,50
36314493067665,10:05:14.493,117.2800,50
36330067993114,10:05:30.067,117.3800,100
36338166254758,10:05:38.166,117.5000,100
36338168019097,10:05:38.168,117.5200,100
36374505857354,10:06:14.505,117.6100,100
36374505857354,10:06:14.505,117.6100,100
36374507760621,10:06:14.507,117.6700,100
36437143947918,10:07:17.143,117.8100,2
36437143947918,10:07:17.143,117.8100,98
36437144000746,10:07:17.144,117.8100,2
36437144000746,10:07:17.144,117.8100,100
36437144000746,10:07:17.144,117.8100,100
36446269538826,10:07:26.269,117.7800,80
36446269538826,10:07:26.269,117.7600,20
36446269597312,10:07:26.269,117.7600,80
36446269597312,10:07:26.269,117.7600,20
36446269602550,10:07:26.269,117.7600,36
36446269602550,10:07:26.269,117.7600,64
36446269612124,10:07:26.269,117.7600,36
36446269612124,10:07:26.269,117.7600,100
36446269708565,10:07:26.269,117.7400,133
36446270152469,10:07:26.270,117.7300,100
36446270176237,10:07:26.270,117.7300,18
36446270176237,10:07:26.270,117.7300,60
36446408327105,10:07:26.408,117.6800,1
36447269836142,10:07:27.269,117.6800,99
36447269973742,10:07:27.269,117.6800,99
36447270223776,10:07:27.270,117.6800,1
36447270223776,10:07:27.270,117.6800,98
36449866434056,10:07:29.866,117.7200,2
36449866983856,10:07:29.866,117.7800,100
36450013065212,10:07:30.013,117.8100,100
36508027803077,10:08:28.027,117.8300,2
36513801914248,10:08:33.801,117.9100,100
36513801980372,10:08:33.801,117.9200,100
36534925847852,10:08:54.925,117.9600,1
36534925847852,10:08:54.925,117.9600,100
36545865941638,10:09:05.865,117.9600,100
36545865941638,10:09:05.865,117.9500,100
36545866825758,10:09:05.866,117.9500,100
36545866825758,10:09:05.866,117.9500,100
36550220451474,10:09:10.220,118.0000,100
36550220451474,10:09:10.220,118.0000,100
36639378692442,10:10:39.378,117.9600,100
36639378692442,10:10:39.378,117.9600,11
36640035359168,10:10:40.035,117.9600,89
36656737737631,10:10:56.737,118.0200,2
36697036910689,10:11:37.036,118.0200,1
36708783749398,10:11:48.783,118.0500,5
36708783749398,10:11:48.783,118.0700,42
36708783760325,10:11:48.783,118.0700,5
36708784572088,10:11:48.784,118.0600,60
36708812672454,10:11:48.812,118.0600,40
36708812672454,10:11:48.812,118.0600,60
36708812907901,10:11:48.812,118.0600,40
36708812907901,10:11:48.812,118.0600,100
36708812907901,10:11:48.812,118.0500,36
36708813008099,10:11:48.813,118.0500,64
36711654562204,10:11:51.654,118.0900,100
36711655539326,10:11:51.655,118.1000,100
36711660773069,10:11:51.660,118.1100,100
36726893071781,10:12:06.893,118.1500,100
36737704915960,10:12:17.704,118.1700,100
36737704943101,10:12:17.704,118.1700,100
36737704943101,10:12:17.704,118.1700,100
36738121454338,10:12:18.121,118.2300,100
36755488756882,10:12:35.488,118.1700,100
36755489210760,10:12:35.489,118.1300,2
36778544189905,10:12:58.544,118.1000,100
36778544189905,10:12:58.544,118.1000,65
36778544189905,10:12:58.544,118.1000,100
36778544189905,10:12:58.544,118.1000,6
36778544462174,10:12:58.544,118.0900,100
36778545213327,10:12:58.545,118.0800,100
36778547701214,10:12:58.547,118.0600,85
36778547732410,10:12:58.547,118.0600,15
36808034439825,10:13:28.034,118.0700,1
36809142053418,10:13:29.142,118.0700,100
36809142157840,10:13:29.142,118.0700,1
36809142183495,10:13:29.142,118.0700,99
36809142183495,10:13:29.142,118.0700,42
36812872034341,10:13:32.872,118.0700,100
36879043784474,10:14:39.043,117.9500,6
36879043784474,10:14:39.043,117.9500,100
36904999637152,10:15:04.999,117.9200,100
36906010896805,10:15:06.010,117.8700,4
36922825148239,10:15:22.825,117.8100,43
36922825148239,10:15:22.825,117.8100,40
36928984888472,10:15:28.984,117.8100,60
36928985435625,10:15:28.985,117.8500,10
36932612524613,10:15:32.612,117.8200,32
36932612524613,10:15:32.612,117.8200,68
36932612573258,10:15:32.612,117.8200,100
36932612590633,10:15:32.612,117.8200,32
36932612590633,10:15:32.612,117.8200,33
36932613177723,10:15:32.613,117.8500,10
36933526260770,10:15:33.526,117.8200,10
36933526260770,10:15:33.526,117.8200,3
36933526260770,10:15:33.526,117.8200,87
36933526291560,10:15:33.526,117.8200,13
36933526322343,10:15:33.526,117.8700,21
36933526916724,10:15:33.526,117.8500,10
36933531941792,10:15:33.531,117.8700,21
36934038437351,10:15:34.038,117.8200,10
36934038437351,10:15:34.038,117.8200,3
36934038445586,10:15:34.038,117.8400,1
36934182199597,10:15:34.182,117.8800,21
36934558348416,10:15:34.558,117.8200,100
36935011679050,10:15:35.011,117.8100,100
36965127239870,10:16:05.127,117.9200,50
36965127265687,10:16:05.127,117.9200,50
36965127265687,10:16:05.127,117.9200,100
36965127265687,10:16:05.127,117.9200,1
36965127301455,10:16:05.127,117.9200,151
36965127333200,10:16:05.127,117.9200,100
36965127333200,10:16:05.127,117.9200,51
36965127751178,10:16:05.127,117.9200,100
36965127769692,10:16:05.127,117.9200,98
36965127769692,10:16:05.127,117.9300,300
36965127769692,10:16:05.127,117.9300,100
36976709029481,10:16:16.709,117.9400,100
36976715851701,10:16:16.715,117.9600,100
36976715851701,10:16:16.715,117.9600,100
36977611372004,10:16:17.611,118.0200,100
36977611441484,10:16:17.611,118.0200,100
36978291009112,10:16:18.291,118.0300,100
36978291009112,10:16:18.291,118.0300,100
36980470430929,10:16:20.470,118.0400,100
36980470460757,10:16:20.470,118.0300,100
36980470460757,10:16:20.470,118.0300,100
37037936017260,10:17:17.936,117.9800,9
37037936032863,10:17:17.936,117.9800,91
37037936032863,10:17:17.936,117.9800,100
37037936087884,10:17:17.936,117.9700,10
37037936087884,10:17:17.936,117.9600,100
37037936087884,10:17:17.936,117.9600,90
37037936089648,10:17:17.936,117.9600,10
37037936171438,10:17:17.936,117.9500,100
37052561592072,10:17:32.561,117.9700,1
37052561592072,10:17:32.561,117.9700,9
37052561619284,10:17:32.561,117.9700,1
37088656790988,10:18:08.656,117.9100,6
37088656790988,10:18:08.656,117.9100,100
37088656790988,10:18:08.656,117.9100,100
37088659849928,10:18:08.659,117.8700,200
37103446141581,10:18:23.446,117.8300,100
37105015553420,10:18:25.015,117.8300,100
37108017622978,10:18:28.017,117.8100,43
37108017622978,10:18:28.017,117.8100,100
37109017733139,10:18:29.017,117.7800,8
37109017915224,10:18:29.017,117.7800,8
37109018141352,10:18:29.018,117.7800,8
37109054432544,10:18:29.054,117.7800,58
37111219810782,10:18:31.219,117.8100,2
37112120840671,10:18:32.120,117.7700,5
37124487968970,10:18:44.487,117.7600,100
37149704361746,10:19:09.704,117.8700,2
37149704500098,10:19:09.704,117.8800,100
37149704500098,10:19:09.704,117.8800,40
37149704528231,10:19:09.704,117.8800,60
37149704528231,10:19:09.704,117.8800,100
37149705343428,10:19:09.705,117.9000,100
37149706455282,10:19:09.706,117.8800,89
37149706483713,10:19:09.706,117.8800,11
37159518361148,10:19:19.518,117.8900,100
37162472522284,10:19:22.472,117.9200,63
37165376712700,10:19:25.376,117.9400,100
37165407654698,10:19:25.407,117.9500,100
37194492640568,10:19:54.492,118.0500,100
37194492640568,10:19:54.492,118.0500,38
37194492659309,10:19:54.492,118.0500,62
37203154849445,10:20:03.154,118.0700,100
37203155000008,10:20:03.155,118.0600,19
37215142974926,10:20:15.142,118.0600,100
37227648930979,10:20:27.648,118.1600,100
37255749411623,10:20:55.749,118.1600,100
37257721897871,10:20:57.721,118.1500,50
37257721897871,10:20:57.721,118.1500,100
37257721909233,10:20:57.721,118.1400,10
37288022507021,10:21:28.022,118.2000,1
37333878895638,10:22:13.878,118.2500,100
37333878929506,10:22:13.878,118.2500,100
37333878929506,10:22:13.878,118.2500,100
37348148210816,10:22:28.148,118.2500,100
37348148210816,10:22:28.148,118.2500,100
37348148210816,10:22:28.148,118.2500,4
37348148211971,10:22:28.148,118.2600,100
37348148587997,10:22:28.148,118.2400,19
37348148591140,10:22:28.148,118.2400,67
37348149119643,10:22:28.149,118.2400,14
37351921450665,10:22:31.921,118.3100,100
37351921482373,10:22:31.921,118.3100,100
37352623937495,10:22:32.623,118.3100,100
37352623937495,10:22:32.623,118.3000,100
37361389767803,10:22:41.389,118.3000,41
37361389813218,10:22:41.389,118.3000,30
37361389839318,10:22:41.389,118.3000,29
37378302345570,10:22:58.302,118.2100,100
37378302345570,10:22:58.302,118.2100,100
37408135302948,10:23:28.135,118.1600,2
37417151419003,10:23:37.151,118.1900,100
37446746149172,10:24:06.746,118.1200,100
37446746149172,10:24:06.746,118.1200,100
37462925284533,10:24:22.925,118.0900,8
37462928511001,10:24:22.928,118.0700,100
37472213637749,10:24:32.213,118.0600,8
37472213637749,10:24:32.213,118.0600,100
37485361286055,10:24:45.361,118.0800,1
37485361865889,10:24:45.361,118.1100,100
37485361865889,10:24:45.361,118.1100,200
37485887200395,10:24:45.887,118.1300,100
37485888079536,10:24:45.888,118.1400,100
37485888079536,10:24:45.888,118.1400,100
37485888079536,10:24:45.888,118.1400,100
37516768139349,10:25:16.768,118.1500,100
37516768139349,10:25:16.768,118.1500,2
37516770011602,10:25:16.770,118.1800,100
37545294469737,10:25:45.294,118.2400,100
37545294469737,10:25:45.294,118.2500,100
37545294469737,10:25:45.294,118.2600,100
37545294469737,10:25:45.294,118.2600,45
37545295232881,10:25:45.295,118.3000,100
37545295244217,10:25:45.295,118.3000,100
37545295350643,10:25:45.295,118.3000,1
37545295395168,10:25:45.295,118.3000,99
37545295431901,10:25:45.295,118.3000,55
37588024269275,10:26:28.024,118.1900,60
37605658053588,10:26:45.658,118.1800,100
37605658053588,10:26:45.658,118.1800,100
37606066939270,10:26:46.066,118.1700,100
37643161199789,10:27:23.161,118.0200,100
37649191939697,10:27:29.191,118.0600,2
37659455254930,10:27:39.455,118.1200,100
37659455254930,10:27:39.455,118.1200,100
37659455296542,10:27:39.455,118.1300,100
37659455296542,10:27:39.455,118.1300,57
37659455680774,10:27:39.455,118.1300,43
37659456331843,10:27:39.456,118.1300,98
37659457669812,10:27:39.457,118.1300,2
37660566552093,10:27:40.566,118.1300,100
37708022144106,10:28:28.022,118.1800,1
37717481327667,10:28:37.481,118.2100,2
37717481333680,10:28:37.481,118.2100,70
37717481390953,10:28:37.481,118.2200,2
37719212923142,10:28:39.212,118.2300,100
37755766651398,10:29:15.766,118.2300,37
37755766654161,10:29:15.766,118.2300,30
37755766678228,10:29:15.766,118.2300,33
37755768261031,10:29:15.768,118.2100,3
37776637526675,10:29:36.637,118.2300,8
37776637556587,10:29:36.637,118.2300,2
37778125227181,10:29:38.125,118.2500,1
37783143102768,10:29:43.143,118.2200,135
37783143697456,10:29:43.143,118.2100,100
37806858243691,10:30:06.858,118.1600,5
37806859321437,10:30:06.859,118.1600,5
37806861023389,10:30:06.861,118.1600,5
37806861754959,10:30:06.861,118.1500,5
37806862130723,10:30:06.862,118.1500,5
37806862157567,10:30:06.862,118.1500,5
37806885660229,10:30:06.885,118.1500,5
37806885715394,10:30:06.885,118.1500,5
37806885752784,10:30:06.885,118.1500,5
37806886030249,10:30:06.886,118.1500,20
37806888191720,10:30:06.888,118.1500,5
37806889267657,10:30:06.889,118.1500,5
37806889527825,10:30:06.889,118.1500,5
37806890048506,10:30:06.890,118.1500,5
37806890483736,10:30:06.890,118.1500,30
37806890567614,10:30:06.890,118.1500,100
37828040777404,10:30:28.040,118.1300,1
37828041592208,10:30:28.041,118.1900,100
37828041592208,10:30:28.041,118.1900,100
37828041592208,10:30:28.041,118.1900,100
37828041592208,10:30:28.041,118.1900,2
37828041669552,10:30:28.041,118.1900,100
37828045271757,10:30:28.045,118.1900,100
37828102090771,10:30:28.102,118.2200,100
37828102115509,10:30:28.102,118.2200,100
37828104029921,10:30:28.104,118.2400,100
37828120999840,10:30:28.120,118.2600,100
37828132549020,10:30:28.132,118.2700,100
37828142868831,10:30:28.142,118.2800,100
37828142868831,10:30:28.142,118.2800,100
37868441211839,10:31:08.441,118.3100,98
37869780645272,10:31:09.780,118.2600,100
37898008328755,10:31:38.008,118.3100,200
37898008374828,10:31:38.008,118.3100,2
37898008854565,10:31:38.008,118.3200,4
37898009167849,10:31:38.009,118.3200,94
37898009192805,10:31:38.009,118.3200,2
37898009644577,10:31:38.009,118.3300,100
37898009741502,10:31:38.009,118.3400,100
37898010130137,10:31:38.010,118.3500,300
37898373077269,10:31:38.373,118.3500,100
37912644941624,10:31:52.644,118.4200,11
37917012115568,10:31:57.012,118.4300,11
37917012400083,10:31:57.012,118.4300,100
37917012489957,10:31:57.012,118.4000,10
37921539274140,10:32:01.539,118.4300,100
37944910704621,10:32:24.910,118.4500,100
37944910730442,10:32:24.910,118.4500,200
37944910730442,10:32:24.910,118.4500,2
37944910730442,10:32:24.910,118.4500,100
37944911029176,10:32:24.911,118.4600,2
37944911145309,10:32:24.911,118.4600,34
37944911154611,10:32:24.911,118.4600,23
37944911208072,10:32:24.911,118.4600,41
37945917314644,10:32:25.917,118.5300,10
37976781404616,10:32:56.781,118.6100,9
37976781404616,10:32:56.781,118.6100,48
37976781456467,10:32:56.781,118.6100,15
37976781499150,10:32:56.781,118.6100,37
37997091147715,10:33:17.091,118.7100,60
38008029023909,10:33:28.029,118.6600,100
38008029023909,10:33:28.029,118.6500,100
38008029023909,10:33:28.029,118.6400,12
38008029051443,10:33:28.029,118.6400,88
38008029051443,10:33:28.029,118.6400,12
38008029051443,10:33:28.029,118.6400,100
38008029369876,10:33:28.029,118.6400,11
38008029624158,10:33:28.029,118.6400,89
38008029689651,10:33:28.029,118.6500,11
38008029912483,10:33:28.029,118.6400,11
38008036114240,10:33:28.036,118.6700,10
38008036114240,10:33:28.036,118.6800,37
38008920869579,10:33:28.920,118.6400,10
38008920869579,10:33:28.920,118.6400,90
38008920956426,10:33:28.920,118.6400,10
38033676224262,10:33:53.676,118.6800,2
38035024903903,10:33:55.024,118.7000,100
38035324831607,10:33:55.324,118.6800,100
38035324831607,10:33:55.324,118.6800,22
38052084914802,10:34:12.084,118.6300,100
38052086869693,10:34:12.086,118.6400,100
38059921705606,10:34:19.921,118.5800,95
38059922067648,10:34:19.922,118.5800,5
38059962779744,10:34:19.962,118.5400,100
38065024420756,10:34:25.024,118.5100,32
38065326828212,10:34:25.326,118.5100,68
38069629631699,10:34:29.629,118.4900,100
38072151710802,10:34:32.151,118.4600,1
38072151710802,10:34:32.151,118.5000,100
38076402642815,10:34:36.402,118.4200,55
38128024923696,10:35:28.024,118.4200,100
38128024923696,10:35:28.024,118.3800,100
38128024985745,10:35:28.024,118.3800,100
38128024985745,10:35:28.024,118.3800,100
38128025451747,10:35:28.025,118.3700,8
38130247807309,10:35:30.247,118.3800,2
38130248356601,10:35:30.248,118.4300,200
38130248356601,10:35:30.248,118.4300,2
38130248356601,10:35:30.248,118.4300,100
38130248550943,10:35:30.248,118.4300,100
38140985850498,10:35:40.985,118.3100,100
38160182168557,10:36:00.182,118.3200,100
38160182168557,10:36:00.182,118.3300,100
38160182168557,10:36:00.182,118.3300,100
38160182173532,10:36:00.182,118.3300,100
38160182203260,10:36:00.182,118.3300,100
38160182676746,10:36:00.182,118.3500,100
38160984863277,10:36:00.984,118.3300,50
38160984887549,10:36:00.984,118.3300,50
38182500070100,10:36:22.500,118.3300,5
38196701645753,10:36:36.701,118.3800,300
38196701671146,10:36:36.701,118.3800,100
38196701671146,10:36:36.701,118.3800,100
38196701671146,10:36:36.701,118.3800,2
38196703487139,10:36:36.703,118.4000,100
38205441508528,10:36:45.441,118.4300,100
38222181916203,10:37:02.181,118.3800,41
38234441842867,10:37:14.441,118.4400,98
38238143476255,10:37:18.143,118.3600,28
38238143504883,10:37:18.143,118.3600,67
38238143532197,10:37:18.143,118.3600,16
38238143532197,10:37:18.143,118.3600,100
38238143532197,10:37:18.143,118.3600,28
38238143533703,10:37:18.143,118.3600,72
38238847421344,10:37:18.847,118.3700,100
38248254495397,10:37:28.254,118.3300,50
38248254528646,10:37:28.254,118.3300,45
38248254528646,10:37:28.254,118.3300,100
38248254587731,10:37:28.254,118.3200,200
38248256388172,10:37:28.256,118.3300,100
38253609842912,10:37:33.609,118.3300,2
38254987734465,10:37:34.987,118.3200,100
38259092475131,10:37:39.092,118.2700,100
38273928114630,10:37:53.928,118.2300,9
38289726799146,10:38:09.726,118.3100,94
38289726808501,10:38:09.726,118.3100,6
38289726808501,10:38:09.726,118.3100,100
38289726808501,10:38:09.726,118.3100,2
38289726895047,10:38:09.726,118.3200,58
38289726899965,10:38:09.726,118.3200,42
38289729373846,10:38:09.729,118.3000,100
38329255807322,10:38:49.255,118.4600,100
38329255833369,10:38:49.255,118.4600,100
38330026154033,10:38:50.026,118.4200,18
38338219851913,10:38:58.219,118.4100,100
38338219885099,10:38:58.219,118.4100,62
38338219916053,10:38:58.219,118.4100,38
38338219916053,10:38:58.219,118.4100,38
38338219967412,10:38:58.219,118.4100,62
38341020362085,10:39:01.020,118.4100,1
38343427662542,10:39:03.427,118.4600,100
38343427662542,10:39:03.427,118.4800,100
38344295092203,10:39:04.295,118.4800,100
38344295129447,10:39:04.295,118.4900,32
38344296043629,10:39:04.296,118.4900,68
38344377985697,10:39:04.377,118.5400,100
38428030186524,10:40:28.030,118.5300,2
38431559723637,10:40:31.559,118.5500,66
38431559730307,10:40:31.559,118.5500,34
38463432699928,10:41:03.432,118.4700,100
38463463377674,10:41:03.463,118.4500,6
38463470312399,10:41:03.470,118.4500,94
38463470312399,10:41:03.470,118.4500,8
38463470892965,10:41:03.470,118.4500,100
38489240825062,10:41:29.240,118.3300,1
38489766573848,10:41:29.766,118.3600,2
38489766573848,10:41:29.766,118.3600,98
38489766600576,10:41:29.766,118.3600,2
38489766600576,10:41:29.766,118.3600,100
38496399803906,10:41:36.399,118.3600,66
38496399818173,10:41:36.399,118.3600,34
38506630895983,10:41:46.630,118.3300,99
38506631554866,10:41:46.631,118.3000,100
38529675880506,10:42:09.675,118.3000,100
38535171664353,10:42:15.171,118.2900,50
38535171690000,10:42:15.171,118.2900,50
38535171690000,10:42:15.171,118.2900,100
38535171737438,10:42:15.171,118.2900,100
38535172274688,10:42:15.172,118.3000,100
38535172274688,10:42:15.172,118.3000,100
38536172687512,10:42:16.172,118.2900,100
38537176853948,10:42:17.176,118.3300,100
38537176853948,10:42:17.176,118.3300,1
38537748404633,10:42:17.748,118.3400,50
38537748428699,10:42:17.748,118.3400,50
38548837829891,10:42:28.837,118.3500,100
38551108903131,10:42:31.108,118.3600,100
38560307670988,10:42:40.307,118.3100,100
38560307670988,10:42:40.307,118.3100,100
38608017507980,10:43:28.017,118.3400,1
38609539971575,10:43:29.539,118.3700,100
38609539971575,10:43:29.539,118.3700,100
38609540654448,10:43:29.540,118.3800,100
38609541603661,10:43:29.541,118.3700,100
38609542447682,10:43:29.542,118.3700,100
38630453599140,10:43:50.453,118.3700,100
38651926786203,10:44:11.926,118.3900,100
38651926813209,10:44:11.926,118.3900,100
38651926813209,10:44:11.926,118.3900,100
38651926813209,10:44:11.926,118.3900,2
38657824360094,10:44:17.824,118.4200,100
38661991058251,10:44:21.991,118.4300,100
38661991083000,10:44:21.991,118.4300,100
38728700335124,10:45:28.700,118.4200,75
38728700335124,10:45:28.700,118.3700,100
38728700335124,10:45:28.700,118.3700,100
38728700335124,10:45:28.700,118.3700,25
38728700424005,10:45:28.700,118.3700,75
38728701350003,10:45:28.701,118.3700,100
38739968797920,10:45:39.968,118.3500,100
38739968822710,10:45:39.968,118.3500,100
38740037362941,10:45:40.037,118.3400,2
38782102688815,10:46:22.102,118.3800,100
38782102688815,10:46:22.102,118.3800,100
38782102714807,10:46:22.102,118.3800,100
38782102714807,10:46:22.102,118.3800,2
38782106677762,10:46:22.106,118.3900,100
38782106677762,10:46:22.106,118.3900,100
38815487168790,10:46:55.487,118.4100,100
38826614438950,10:47:06.614,118.3600,100
38826614438950,10:47:06.614,118.3600,100
38826615131847,10:47:06.615,118.3400,2
38826616082715,10:47:06.616,118.3400,98
38826616152361,10:47:06.616,118.3300,100
38827388974503,10:47:07.388,118.3000,100
38835176707642,10:47:15.176,118.2600,100
38852268539924,10:47:32.268,118.2300,10
38852268552404,10:47:32.268,118.2300,90
38852271424934,10:47:32.271,118.1800,100
38852271424934,10:47:32.271,118.1700,100
38852271424934,10:47:32.271,118.1700,100
38852271491976,10:47:32.271,118.1700,100
38852909967109,10:47:32.909,118.1700,100
38853202951006,10:47:33.202,118.2000,2
38853314332835,10:47:33.314,118.2000,10
38854907305637,10:47:34.907,118.2200,97
38856342361624,10:47:36.342,118.1800,100
38856343007428,10:47:36.343,118.1600,100
38864836584211,10:47:44.836,118.0800,94
38866287258460,10:47:46.287,118.1600,100
38873439267458,10:47:53.439,118.1400,100
38875004322911,10:47:55.004,118.1600,100
38885931933910,10:48:05.931,118.1500,100
38885931959174,10:48:05.931,118.1500,1
38885931959174,10:48:05.931,118.1500,100
38885932062504,10:48:05.932,118.1500,100
38887575390529,10:48:07.575,118.1300,100
38888014503610,10:48:08.014,118.1000,100
38888014873566,10:48:08.014,118.0700,100
38888015253100,10:48:08.015,118.0600,100
38888074891951,10:48:08.074,118.0800,100
38889075857358,10:48:09.075,118.0800,100
38890076977643,10:48:10.076,118.0800,100
38890077636597,10:48:10.077,118.0900,10
38890077758543,10:48:10.077,118.0900,100
38890199549898,10:48:10.199,118.1000,100
38890400890366,10:48:10.400,118.1000,50
38891692070397,10:48:11.692,118.1100,100
38892146444019,10:48:12.146,118.1200,306
38892146468246,10:48:12.146,118.1200,94
38892146468246,10:48:12.146,118.1200,74
38892146500299,10:48:12.146,118.1200,26
38892982464692,10:48:12.982,118.1100,100
38893110450555,10:48:13.110,118.0800,100
38893110450555,10:48:13.110,118.0800,100
38904129796371,10:48:24.129,118.1200,100
38904129796371,10:48:24.129,118.1200,100
38904217424236,10:48:24.217,118.1200,100
38908917255210,10:48:28.917,118.1200,100
38908917649998,10:48:28.917,118.1200,100
38916682375248,10:48:36.682,118.1100,100
38917250247218,10:48:37.250,118.1100,100
38937482588139,10:48:57.482,118.0900,100
38938758098982,10:48:58.758,118.1100,100
38938758098982,10:48:58.758,118.1100,50
38940136328786,10:49:00.136,118.1200,100
38940136370454,10:49:00.136,118.1300,100
38940136444153,10:49:00.136,118.1400,20
38940136891796,10:49:00.136,118.1400,80
38940136891796,10:49:00.136,118.1400,100
38940137018670,10:49:00.137,118.1400,93
38940137043119,10:49:00.137,118.1400,7
38940137657404,10:49:00.137,118.1500,100
38940141403535,10:49:00.141,118.1500,100
38940141403535,10:49:00.141,118.1500,16
38940141449367,10:49:00.141,118.1500,16
38940141847002,10:49:00.141,118.1500,14
38940141870803,10:49:00.141,118.1500,1
38940241016318,10:49:00.241,118.1400,100
38940241455407,10:49:00.241,118.1400,79
38946826356879,10:49:06.826,118.1400,10
38946826356879,10:49:06.826,118.1400,10
38946826356879,10:49:06.826,118.1400,10
38946826430210,10:49:06.826,118.1300,4
38946826460894,10:49:06.826,118.1300,96
38946826460894,10:49:06.826,118.1300,53
38952380509977,10:49:12.380,118.1600,100
38952380570342,10:49:12.380,118.1600,100
38952381560553,10:49:12.381,118.1800,100
38960588103197,10:49:20.588,118.1900,54
38960588139824,10:49:20.588,118.1900,34
38960588180397,10:49:20.588,118.1900,12
38964943692074,10:49:24.943,118.2100,84
38964947646636,10:49:24.947,118.2100,16
38971833772386,10:49:31.833,118.2100,100
38971834115072,10:49:31.834,118.2100,100
38974814801624,10:49:34.814,118.1800,8
38974814888927,10:49:34.814,118.1700,100
38982567714941,10:49:42.567,118.1200,100
38985479997894,10:49:45.479,118.1300,100
38987847625076,10:49:47.847,118.1300,100
38988849032786,10:49:48.849,118.1300,100
38990465678615,10:49:50.465,118.1300,100
39020487869139,10:50:20.487,118.0900,100
39021286179533,10:50:21.286,118.0500,100
39023175269441,10:50:23.175,118.0600,100
39024114906839,10:50:24.114,118.0500,100
39024115405243,10:50:24.115,118.0400,15
39027457079682,10:50:27.457,118.0900,98
39028026458327,10:50:28.026,118.0500,2
39029580486413,10:50:29.580,118.0900,2
39029580486413,10:50:29.580,118.0900,98
39029580810199,10:50:29.580,118.0900,2
39029580810199,10:50:29.580,118.0900,100
39029580816484,10:50:29.580,118.0900,100
39029580903843,10:50:29.580,118.0900,56
39029580929455,10:50:29.580,118.0900,12
39029581138434,10:50:29.581,118.0900,32
39029581324225,10:50:29.581,118.0900,100
39029581324225,10:50:29.581,118.0800,1
39036924459086,10:50:36.924,118.0700,56
39036924459086,10:50:36.924,118.0800,100
39036925870245,10:50:36.925,118.0900,100
39036927998635,10:50:36.927,118.1000,100
39038492288760,10:50:38.492,118.0200,100
39039651472993,10:50:39.651,118.0200,100
39045817150198,10:50:45.817,118.0500,65
39045817637133,10:50:45.817,118.0500,7
39064587620952,10:51:04.587,118.0500,28
39064587620952,10:51:04.587,118.0500,72
39064587650550,10:51:04.587,118.0500,28
39064589904459,10:51:04.589,118.0700,100
39099674642170,10:51:39.674,118.1200,100
39099674691488,10:51:39.674,118.1200,100
39099674719703,10:51:39.674,118.1200,100
39099674730469,10:51:39.674,118.1200,100
39099674738304,10:51:39.674,118.1200,100
39153044713040,10:52:33.044,118.1400,100
39153044713040,10:52:33.044,118.1400,100
39153044713040,10:52:33.044,118.1400,100
39153045453138,10:52:33.045,118.1300,100
39153108374533,10:52:33.108,118.1400,87
39154046670420,10:52:34.046,118.1300,2
39154065866348,10:52:34.065,118.1300,98
39165491984446,10:52:45.491,118.0900,2
39165492008407,10:52:45.492,118.0900,98
39166393741375,10:52:46.393,118.0500,100
39168158341350,10:52:48.158,118.1000,100
39169760320588,10:52:49.760,118.1200,100
39170676536930,10:52:50.676,118.1500,100
39180123813138,10:53:00.123,118.0500,100
39194027859059,10:53:14.027,118.0700,100
39206014620734,10:53:26.014,118.1500,2
39206014967303,10:53:26.014,118.1500,98
39206014967303,10:53:26.014,118.1500,100
39219569579438,10:53:39.569,118.2100,100
39246980107578,10:54:06.980,118.2300,1
39246980107578,10:54:06.980,118.2300,100
39246980107578,10:54:06.980,118.2300,99
39246980135843,10:54:06.980,118.2300,1
39246980135843,10:54:06.980,118.2300,1
39246980453409,10:54:06.980,118.2400,55
39246980689736,10:54:06.980,118.2400,45
39279304406455,10:54:39.304,118.3300,100
39279304406455,10:54:39.304,118.3300,100
39279304406455,10:54:39.304,118.3300,100
39320157337136,10:55:20.157,118.3900,1
39320157337136,10:55:20.157,118.3900,99
39320157397109,10:55:20.157,118.3900,1
39321180385579,10:55:21.180,118.4100,100
39330385625530,10:55:30.385,118.4600,100
39362359412299,10:56:02.359,118.4600,20
39362359682068,10:56:02.359,118.4600,80
39362359974575,10:56:02.359,118.4500,11
39367907332326,10:56:07.907,118.4300,100
39367907332326,10:56:07.907,118.4300,96
39367907343101,10:56:07.907,118.4300,4
39367907361272,10:56:07.907,118.4300,4
39367907361842,10:56:07.907,118.4300,4
39367907367863,10:56:07.907,118.4300,4
39367907882353,10:56:07.907,118.4300,88
39367908178853,10:56:07.908,118.4300,12
39368408269093,10:56:08.408,118.4000,100
39389699594145,10:56:29.699,118.4000,2
39416904454092,10:56:56.904,118.4400,100
39416905173198,10:56:56.905,118.4500,2
39416905173198,10:56:56.905,118.4500,100
39416905173198,10:56:56.905,118.4500,98
39416905200866,10:56:56.905,118.4500,2
39416905200866,10:56:56.905,118.4500,100
39416905201596,10:56:56.905,118.4500,100
39416905201596,10:56:56.905,118.4500,2
39416906456857,10:56:56.906,118.4500,88
39416906708111,10:56:56.906,118.4500,10
39416912778295,10:56:56.912,118.4500,1
39419237157397,10:56:59.237,118.4200,4
39419237160698,10:56:59.237,118.4200,96
39420238161856,10:57:00.238,118.4200,100
39448030543479,10:57:28.030,118.4700,1
39478336731089,10:57:58.336,118.5100,63
39508020730187,10:58:28.020,118.4900,2
39508728353162,10:58:28.728,118.5300,2
39508736098107,10:58:28.736,118.5400,100
39508736098107,10:58:28.736,118.5400,100
39509042931901,10:58:29.042,118.5400,1
39538223105379,10:58:58.223,118.5800,7
39538223131220,10:58:58.223,118.5800,57
39545130318874,10:59:05.130,118.5100,100
39545130397077,10:59:05.130,118.5000,50
39545130400478,10:59:05.130,118.5000,50
39553156819506,10:59:13.156,118.5200,2
39553156819506,10:59:13.156,118.5200,12
39556386730440,10:59:16.386,118.5200,100
39570510981196,10:59:30.510,118.5000,100
39570516067769,10:59:30.516,118.5000,50
39570516096930,10:59:30.516,118.5000,50
39580191193262,10:59:40.191,118.5000,100
39580194972169,10:59:40.194,118.5100,100
39580194972169,10:59:40.194,118.5100,100
39580195008106,10:59:40.195,118.5200,43
39580195258710,10:59:40.195,118.5200,14
39580195291119,10:59:40.195,118.5200,29
39580195784532,10:59:40.195,118.5200,14
39585861350703,10:59:45.861,118.5800,100
39602549720861,11:00:02.549,118.5800,1
39602551482382,11:00:02.551,118.5900,100
39604471066127,11:00:04.471,118.6200,100
39618506779312,11:00:18.506,118.6400,100
39660709234072,11:01:00.709,118.6500,46
39660709256011,11:01:00.709,118.6500,2
39660709261677,11:01:00.709,118.6500,52
39660709261677,11:01:00.709,118.6500,2
39660711007101,11:01:00.711,118.6600,100
39661293150408,11:01:01.293,118.6400,9
39661294317378,11:01:01.294,118.6400,100
39662913477989,11:01:02.913,118.6900,5
39662913737435,11:01:02.913,118.6900,61
39662914314031,11:01:02.914,118.6900,1
39662914930631,11:01:02.914,118.6900,33
39662915302835,11:01:02.915,118.7000,100
39663259920334,11:01:03.259,118.7600,100
39663459477129,11:01:03.459,118.7700,100
39663464136540,11:01:03.464,118.8100,100
39666871128147,11:01:06.871,118.8000,50
39666871173400,11:01:06.871,118.8000,50
39666871173400,11:01:06.871,118.8000,5
39666871173400,11:01:06.871,118.8000,100
39666871828521,11:01:06.871,118.8000,100
39666872394809,11:01:06.872,118.8000,100
39667324337053,11:01:07.324,118.7800,6
39667324337053,11:01:07.324,118.7800,100
39667324383074,11:01:07.324,118.7700,10
39671060296180,11:01:11.060,118.7400,5
39691164403031,11:01:31.164,118.7400,100
39714522461935,11:01:54.522,118.7400,100
39716485326743,11:01:56.485,118.7700,100
39716485401864,11:01:56.485,118.7700,100
39716485505355,11:01:56.485,118.7700,100
39716485507305,11:01:56.485,118.7700,52
39716485825210,11:01:56.485,118.7800,93
39716487181599,11:01:56.487,118.7700,48
39717304310050,11:01:57.304,118.7700,8
39717304311420,11:01:57.304,118.7800,44
39720234396540,11:02:00.234,118.7800,54
39720234452043,11:02:00.234,118.7800,2
39724699895678,11:02:04.699,118.8100,62
39724700020082,11:02:04.700,118.8100,38
39724700020082,11:02:04.700,118.8100,2
39725031844408,11:02:05.031,118.8500,10
39741825148788,11:02:21.825,118.8500,90
39769090688031,11:02:49.090,118.8800,50
39769090785705,11:02:49.090,118.8800,50
39769090785705,11:02:49.090,118.8800,100
39769090785705,11:02:49.090,118.8800,100
39801987020950,11:03:21.987,118.9000,100
39801987020950,11:03:21.987,118.9000,100
39801987093325,11:03:21.987,118.8900,100
39801990163610,11:03:21.990,118.8000,100
39802988084439,11:03:22.988,118.8600,100
39807646910424,11:03:27.646,118.8800,100
39809222167307,11:03:29.222,118.8500,1
39814228771589,11:03:34.228,118.8500,50
39814228806224,11:03:34.228,118.8500,25
39814228815915,11:03:34.228,118.8500,25
39842538297525,11:04:02.538,118.8700,99
39843080875093,11:04:03.080,118.8800,100
39843081395876,11:04:03.081,118.8900,100
39843081395876,11:04:03.081,118.8900,100
39843082536960,11:04:03.082,118.8900,100
39849316104466,11:04:09.316,118.8900,1
39849316104466,11:04:09.316,118.8900,100
39901239520348,11:05:01.239,118.9100,7
39901239725374,11:05:01.239,118.9200,5
39901239725374,11:05:01.239,118.9200,2
39901241559758,11:05:01.241,118.9400,100
39901241559758,11:05:01.241,118.9400,100
39923405611157,11:05:23.405,118.8900,14
39923405611157,11:05:23.405,118.8900,100
39923405677401,11:05:23.405,118.8900,25
39923405731915,11:05:23.405,118.8900,50
39923406515239,11:05:23.406,118.8900,25
39923406752546,11:05:23.406,118.8800,100
39923406752546,11:05:23.406,118.8800,100
39923407504707,11:05:23.407,118.8700,86
39927329798341,11:05:27.329,118.9400,100
39927329875200,11:05:27.329,118.9400,100
39958254864286,11:05:58.254,118.9100,100
39958254864286,11:05:58.254,118.9100,4
39958254864286,11:05:58.254,118.9100,100
39958255620963,11:05:58.255,118.9000,100
39958255620963,11:05:58.255,118.9000,100
39958255620963,11:05:58.255,118.9000,100
39995532598199,11:06:35.532,118.8700,2
40013176692874,11:06:53.176,118.8700,98
40013176692874,11:06:53.176,118.8700,2
40026909447017,11:07:06.909,118.8700,98
40026909447017,11:07:06.909,118.8700,100
40026910505638,11:07:06.910,118.8500,100
40027173588455,11:07:07.173,118.8000,100
40027910508515,11:07:07.910,118.8300,100
40027911462714,11:07:07.911,118.8400,100
40051242361221,11:07:31.242,118.7500,100
40058848823861,11:07:38.848,118.6500,100
40058848823861,11:07:38.848,118.6400,100
40058849838902,11:07:38.849,118.6300,100
40058851514099,11:07:38.851,118.6000,100
40058851516545,11:07:38.851,118.6000,100
40058853877358,11:07:38.853,118.6000,100
40095384769937,11:08:15.384,118.5800,100
40095384769937,11:08:15.384,118.5800,100
40095384864288,11:08:15.384,118.5600,10
40095385764085,11:08:15.385,118.5300,100
40095385837067,11:08:15.385,118.5500,100
40095386082387,11:08:15.386,118.5500,100
40095387197422,11:08:15.387,118.5500,100
40096174404723,11:08:16.174,118.4600,100
40101052445734,11:08:21.052,118.4700,100
40101052445734,11:08:21.052,118.4700,100
40101052510615,11:08:21.052,118.4700,100
40101806300929,11:08:21.806,118.5200,1
40101806300929,11:08:21.806,118.5300,100
40101806300929,11:08:21.806,118.5300,22
40101806300929,11:08:21.806,118.5300,100
40101806419225,11:08:21.806,118.5300,100
40101807681736,11:08:21.807,118.5300,100
40101829945684,11:08:21.829,118.5500,100
40104817984711,11:08:24.817,118.5500,100
40104817984711,11:08:24.817,118.5500,200
40113464559527,11:08:33.464,118.4500,100
40113465183049,11:08:33.465,118.4500,100
40113465295290,11:08:33.465,118.4500,100
40113470538590,11:08:33.470,118.4500,100
40114732361954,11:08:34.732,118.4500,100
40114732361954,11:08:34.732,118.4500,81
40114732428172,11:08:34.732,118.4500,19
40114732436279,11:08:34.732,118.4500,19
40114732473982,11:08:34.732,118.4500,19
40117483459532,11:08:37.483,118.4400,100
40118859853010,11:08:38.859,118.4500,62
40118859853010,11:08:38.859,118.4500,38
40118860301282,11:08:38.860,118.4500,62
40118860301282,11:08:38.860,118.4500,100
40168029944055,11:09:28.029,118.4800,2
40225585417569,11:10:25.585,118.5400,1
40225589830668,11:10:25.589,118.5500,100
40225589830668,11:10:25.589,118.5500,300
40225590015464,11:10:25.590,118.5500,100
40225697486844,11:10:25.697,118.5900,100
40225697486844,11:10:25.697,118.6000,11
40231502462005,11:10:31.502,118.6000,100
40279751164299,11:11:19.751,118.5900,100
40279751690887,11:11:19.751,118.5900,25
40279751695573,11:11:19.751,118.5900,75
40280752154086,11:11:20.752,118.5900,50
40280752182216,11:11:20.752,118.5900,50
40281063886543,11:11:21.063,118.5500,7
40281063926484,11:11:21.063,118.5500,93
40297464711254,11:11:37.464,118.5400,7
40297464930757,11:11:37.464,118.5400,66
40297465008435,11:11:37.465,118.5400,27
40297465008435,11:11:37.465,118.5400,73
40297465034254,11:11:37.465,118.5400,27
40297466601350,11:11:37.466,118.5300,24
40297999316181,11:11:37.999,118.5200,100
40298248820522,11:11:38.248,118.5100,1
40337924516906,11:12:17.924,118.5400,100
40337926756682,11:12:17.926,118.5600,100
40337926756682,11:12:17.926,118.5600,26
40337926766276,11:12:17.926,118.5600,74
40338778979478,11:12:18.778,118.6000,100
40338780989814,11:12:18.780,118.6100,100
40338787476815,11:12:18.787,118.6200,100
40338841243087,11:12:18.841,118.6400,100
40413106551801,11:13:33.106,118.7100,1
40413106551801,11:13:33.106,118.7300,99
40436434428878,11:13:56.434,118.7600,100
40436437517311,11:13:56.437,118.7600,100
40468054249865,11:14:28.054,118.8100,2
40469599602180,11:14:29.599,118.8300,1
40469599602180,11:14:29.599,118.8900,99
40470212433000,11:14:30.212,118.8400,100
40471659865693,11:14:31.659,118.8200,100
40471659865693,11:14:31.659,118.8200,100
40474762759827,11:14:34.762,118.8200,30
40474762788320,11:14:34.762,118.8200,70
40478349511467,11:14:38.349,118.8200,1
40479284681085,11:14:39.284,118.8200,99
40479284681085,11:14:39.284,118.8000,1
40483785297596,11:14:43.785,118.8300,100
40509797451238,11:15:09.797,118.8800,100
40519640882615,11:15:19.640,118.8900,100
40519641169799,11:15:19.641,118.8900,100
40519641215861,11:15:19.641,118.8900,100
40519641217022,11:15:19.641,118.8900,10
40519641677946,11:15:19.641,118.8900,10
40521428937661,11:15:21.428,118.9100,9
40521428985295,11:15:21.428,118.9100,10
40521469238411,11:15:21.469,118.9300,100
40521476531988,11:15:21.476,118.9400,100
40531361785339,11:15:31.361,118.9100,100
40531361785339,11:15:31.361,118.9100,100
40531361836891,11:15:31.361,118.9000,16
40531361883272,11:15:31.361,118.8900,100
40552266919152,11:15:52.266,118.9300,89
40552266943104,11:15:52.266,118.9300,11
40562265846916,11:16:02.265,118.9600,100
40562265861386,11:16:02.265,118.9700,100
40582988095799,11:16:22.988,118.9400,1
40633519309400,11:17:13.519,119.0100,100
40633519309400,11:17:13.519,119.0100,1
40633519309400,11:17:13.519,119.0100,100
40633519309400,11:17:13.519,119.0100,100
40648672005653,11:17:28.672,119.0400,15
40648672030924,11:17:28.672,119.0400,13
40693443803890,11:18:13.443,119.1000,40
40708026268766,11:18:28.026,119.0700,2
40714135561722,11:18:34.135,119.1100,1
40764111878560,11:19:24.111,119.0900,100
40764111878560,11:19:24.111,119.0900,100
40764113691072,11:19:24.113,119.0800,100
40764113691072,11:19:24.113,119.0800,100
40765114675193,11:19:25.114,119.0800,100
40767780158252,11:19:27.780,119.0700,100
40768781119928,11:19:28.781,119.0700,2
40768786168171,11:19:28.786,119.0700,98
40791918707487,11:19:51.918,119.0600,100
40800485472055,11:20:00.485,119.0500,100
40800485565299,11:20:00.485,119.0500,100
40806335055345,11:20:06.335,119.0900,100
40806335093370,11:20:06.335,119.0900,1
40806335164978,11:20:06.335,119.1000,22
40806335420761,11:20:06.335,119.0900,100
40806335814651,11:20:06.335,119.1000,3
40806336499059,11:20:06.336,119.1000,11
40806337000444,11:20:06.337,119.1000,11
40806337355631,11:20:06.337,119.1000,11
40841399727428,11:20:41.399,119.0800,100
40841399727428,11:20:41.399,119.0800,100
40862693017365,11:21:02.693,119.1600,22
40862693017966,11:21:02.693,119.1600,2
40862693019915,11:21:02.693,119.1600,52
40862693022164,11:21:02.693,119.1600,24
40862706210950,11:21:02.706,119.1800,100
40862728271144,11:21:02.728,119.1500,10
40872738922015,11:21:12.738,119.1800,10
40872738922015,11:21:12.738,119.1800,10
40872738922015,11:21:12.738,119.1800,10
40872738922015,11:21:12.738,119.1800,10
40872738922015,11:21:12.738,119.1800,10
40872738922015,11:21:12.738,119.2000,50
40877026424176,11:21:17.026,119.2000,37
40877026448075,11:21:17.026,119.2000,1
40894456272623,11:21:34.456,119.1800,100
40894456272623,11:21:34.456,119.1800,100
40894456272623,11:21:34.456,119.1800,100
40894456272623,11:21:34.456,119.1800,100
40894457022879,11:21:34.457,119.1600,100
40894457022879,11:21:34.457,119.1600,100
40894457022879,11:21:34.457,119.1600,11
40894457069975,11:21:34.457,119.1600,100
40897605632869,11:21:37.605,119.1600,100
40897605632869,11:21:37.605,119.1600,100
40901113141418,11:21:41.113,119.1200,100
40916543478532,11:21:56.543,119.1400,100
40916543478532,11:21:56.543,119.1500,22
40919486178250,11:21:59.486,119.1500,78
40919486462717,11:21:59.486,119.1500,100
40921477416192,11:22:01.477,119.1400,100
40926787696745,11:22:06.787,119.1500,100
40930125263451,11:22:10.125,119.0800,13
40930125923262,11:22:10.125,119.0800,87
40930176213253,11:22:10.176,119.0600,100
40951376798474,11:22:31.376,119.0500,2
40965791986313,11:22:45.791,119.0600,50
40965792015162,11:22:45.792,119.0600,50
40986396079067,11:23:06.396,119.0900,2
40986396079067,11:23:06.396,119.0900,34
40986396544952,11:23:06.396,119.0900,66
40986396898068,11:23:06.396,119.0600,10
41028085923238,11:23:48.085,119.1500,100
41081767368552,11:24:41.767,119.1800,2
41083982721840,11:24:43.982,119.1500,100
41083982795012,11:24:43.982,119.1400,100
41083983042911,11:24:43.983,119.1500,100
41083983061974,11:24:43.983,119.1300,129
41083983061974,11:24:43.983,119.1300,100
41121158716823,11:25:21.158,119.1300,100
41121158745652,11:25:21.158,119.1300,3
41121158772559,11:25:21.158,119.1300,97
41121525481065,11:25:21.525,119.0500,100
41121525481065,11:25:21.525,119.0500,100
41161538373500,11:26:01.538,118.9800,2
41205004887041,11:26:45.004,118.9600,2
41205004963050,11:26:45.004,118.9600,100
41229721350650,11:27:09.721,118.9800,100
41229721376474,11:27:09.721,118.9800,1
41229721973130,11:27:09.721,118.9900,400
41229722299345,11:27:09.722,118.9900,100
41229765189492,11:27:09.765,119.0000,77
41283838290107,11:28:03.838,119.0700,100
41283838290107,11:28:03.838,119.0700,100
41283838290107,11:28:03.838,119.0700,1
41283846807297,11:28:03.846,119.1300,100
41368017648590,11:29:28.017,119.1600,2
41368017744864,11:29:28.017,119.1900,100
41411052971703,11:30:11.052,119.2100,100
41411052971703,11:30:11.052,119.2100,1
41411054611225,11:30:11.054,119.2300,10
41411078868448,11:30:11.078,119.2300,100
41411079440503,11:30:11.079,119.2400,100
41420200765200,11:30:20.200,119.2100,100
41420200765200,11:30:20.200,119.2100,93
41420200781238,11:30:20.200,119.2100,7
41420219657407,11:30:20.219,119.2100,5
41432489741320,11:30:32.489,119.2400,7
41437161909205,11:30:37.161,119.1800,4
41437187212878,11:30:37.187,119.1700,100
41437187719105,11:30:37.187,119.1700,100
41444529650721,11:30:44.529,119.1800,64
41444946208107,11:30:44.946,119.1200,5
41471534560981,11:31:11.534,119.1300,18
41471534569297,11:31:11.534,119.1300,41
41471535063493,11:31:11.535,119.1300,41
41483508583246,11:31:23.508,119.1200,100
41483508608717,11:31:23.508,119.1200,100
41493087167028,11:31:33.087,119.1500,1
41566721240227,11:32:46.721,119.1800,1
41578720750803,11:32:58.720,119.1700,100
41578720750803,11:32:58.720,119.1700,100
41578720857337,11:32:58.720,119.1700,100
41578769893771,11:32:58.769,119.1500,59
41578769922826,11:32:58.769,119.1500,41
41578769922826,11:32:58.769,119.1500,100
41581309670166,11:33:01.309,119.1700,1
41581309670166,11:33:01.309,119.1700,2
41589983047359,11:33:09.983,119.2100,100
41589989251907,11:33:09.989,119.2200,100
41589991014264,11:33:09.991,119.2300,100
41590832555362,11:33:10.832,119.2200,65
41590832581314,11:33:10.832,119.2200,35
41590832581314,11:33:10.832,119.2200,100
41590832581314,11:33:10.832,119.2200,5
41653194416587,11:34:13.194,119.2600,100
41653226783337,11:34:13.226,119.2700,100
41653226783337,11:34:13.226,119.2700,1
41657593589090,11:34:17.593,119.3000,5
41683150026232,11:34:43.150,119.3400,100
41728071004830,11:35:28.071,119.3900,100
41728071028978,11:35:28.071,119.3900,100
41728071818100,11:35:28.071,119.3900,65
41728071818100,11:35:28.071,119.3800,37
41728071847257,11:35:28.071,119.3800,63
41728071847257,11:35:28.071,119.3800,2
41729311243024,11:35:29.311,119.3700,100
41729312588774,11:35:29.312,119.3600,100
41729336053622,11:35:29.336,119.3600,1
41730025437881,11:35:30.025,119.3500,1
41731681762161,11:35:31.681,119.3700,100
41731682317200,11:35:31.682,119.3800,3
41731682342858,11:35:31.682,119.3800,97
41732816693923,11:35:32.816,119.3800,100
41791275972441,11:36:31.275,119.3500,100
41791275997928,11:36:31.275,119.3500,100
41791275997928,11:36:31.275,119.3500,42
41791276007977,11:36:31.276,119.3500,58
41791276090602,11:36:31.276,119.3300,100
41809102397918,11:36:49.102,119.2800,100
41855027269819,11:37:35.027,119.2700,100
41858541854078,11:37:38.541,119.2800,2
41860215949767,11:37:40.215,119.2600,6
41863510958848,11:37:43.510,119.2500,100
41906989084631,11:38:26.989,119.2200,24
41906989092999,11:38:26.989,119.2200,73
41906989110177,11:38:26.989,119.2200,103
41917883891227,11:38:37.883,119.2000,26
41917884097108,11:38:37.884,119.2000,59
41917884103199,11:38:37.884,119.2000,15
41926800066780,11:38:46.800,119.1900,100
41926819035460,11:38:46.819,119.1600,100
41927036540517,11:38:47.036,119.1500,100
41927036540517,11:38:47.036,119.1500,100
41927038473103,11:38:47.038,119.1200,100
41932742486203,11:38:52.742,119.1000,100
41937038460648,11:38:57.038,119.0900,2
41937040705903,11:38:57.040,119.0900,98
41937040705903,11:38:57.040,119.0600,200
41944302268303,11:39:04.302,119.0500,25
41945338293568,11:39:05.338,119.0500,75
41945338293568,11:39:05.338,119.0200,100
41969463546895,11:39:29.463,118.9500,85
41997047050328,11:39:57.047,118.9500,2
41997075810472,11:39:57.075,118.9500,13
41999949354282,11:39:59.949,119.0100,100
41999949354282,11:39:59.949,119.0200,2
41999949381012,11:39:59.949,119.0200,100
41999949979128,11:39:59.949,119.0300,13
41999950037132,11:39:59.950,119.0300,13
41999950041979,11:39:59.950,119.0300,74
41999950041979,11:39:59.950,119.0300,200
41999953629461,11:39:59.953,119.0300,50
41999953654026,11:39:59.953,119.0300,250
42001121018573,11:40:01.121,119.0300,10
42001121018573,11:40:01.121,119.0300,10
42019359248493,11:40:19.359,119.0800,1
42019359248493,11:40:19.359,119.0800,99
42019907397230,11:40:19.907,119.1000,1
42084097708670,11:41:24.097,119.1200,9
42084097708670,11:41:24.097,119.1200,100
42084098003221,11:41:24.098,119.1000,100
42084098003221,11:41:24.098,119.1000,100
42102467776598,11:41:42.467,119.0800,100
42102467776598,11:41:42.467,119.0800,100
42102467776598,11:41:42.467,119.0800,100
42102467921079,11:41:42.467,119.0800,50
42113782379963,11:41:53.782,119.0900,1
42120168049581,11:42:00.168,119.1200,1
42131426926004,11:42:11.426,119.1600,100
42131427004960,11:42:11.427,119.1700,100
42131427004960,11:42:11.427,119.1700,1
42131428052919,11:42:11.428,119.1700,7
42131428077250,11:42:11.428,119.1700,3
42187964874099,11:43:07.964,119.2200,2
42196307021122,11:43:16.307,119.2400,100
42196307021122,11:43:16.307,119.2400,100
42196307021122,11:43:16.307,119.2400,100
42197470723257,11:43:17.470,119.3000,100
42197470723257,11:43:17.470,119.3000,100
42199508098072,11:43:19.508,119.3000,100
42208832633976,11:43:28.832,119.2700,100
42208832714827,11:43:28.832,119.2700,100
42253956218440,11:44:13.956,119.3200,100
42253956218440,11:44:13.956,119.3300,2
42260924428150,11:44:20.924,119.3300,2
42260924428150,11:44:20.924,119.3300,98
42260924453626,11:44:20.924,119.3300,2
42271066949806,11:44:31.066,119.3700,87
42271066974130,11:44:31.066,119.3700,13
42331096217462,11:45:31.096,119.4200,1
42334130781030,11:45:34.130,119.3800,100
42334130863270,11:45:34.130,119.3800,100
42339153722693,11:45:39.153,119.3600,100
42339153771911,11:45:39.153,119.3600,100
42339153841429,11:45:39.153,119.3600,100
42339157689081,11:45:39.157,119.3400,100
42357551706113,11:45:57.551,119.3100,46
42357551742150,11:45:57.551,119.3100,54
42358050128888,11:45:58.050,119.2800,100
42359557288966,11:45:59.557,119.2600,6
42393916636090,11:46:33.916,119.2500,100
42448036268792,11:47:28.036,119.1800,1
42470187192191,11:47:50.187,119.2100,2
42470187192191,11:47:50.187,119.2100,100
42470187192191,11:47:50.187,119.2100,20
42470187224614,11:47:50.187,119.2100,67
42470187266991,11:47:50.187,119.2100,13
42509618043214,11:48:29.618,119.1500,2
42525226992911,11:48:45.226,119.2000,100
42525227422471,11:48:45.227,119.2000,1
42525227422471,11:48:45.227,119.2000,100
42525227422471,11:48:45.227,119.2000,100
42525227922030,11:48:45.227,119.2300,100
42525228235321,11:48:45.228,119.2300,100
42525611452392,11:48:45.611,119.2600,100
42536534815136,11:48:56.534,119.2600,100
42547643886733,11:49:07.643,119.3300,20
42568492304746,11:49:28.492,119.3600,2
42573365515656,11:49:33.365,119.4000,100
42612930270178,11:50:12.930,119.3800,100
42612930978881,11:50:12.930,119.3500,100
42612930978881,11:50:12.930,119.3500,100
42613019291346,11:50:13.019,119.3200,49
42613019317537,11:50:13.019,119.3200,51
42613019317537,11:50:13.019,119.3200,100
42613019317537,11:50:13.019,119.3200,100
42639431734871,11:50:39.431,119.2400,1
42663243556934,11:51:03.243,119.2100,83
42663243890507,11:51:03.243,119.2100,100
42688163895014,11:51:28.163,119.2600,2
42693872405657,11:51:33.872,119.2000,100
42693882580902,11:51:33.882,119.1400,21
42693882604366,11:51:33.882,119.1400,11
42693882731695,11:51:33.882,119.1400,5
42693883103078,11:51:33.883,119.1400,11
42693883123642,11:51:33.883,119.1400,7
42693884652754,11:51:33.884,119.1400,7
42693885288827,11:51:33.885,119.1400,3
42699209747965,11:51:39.209,119.0700,100
42699210194660,11:51:39.210,119.0600,92
42700828671582,11:51:40.828,119.1200,2
42751628141554,11:52:31.628,119.1200,2
42751628204950,11:52:31.628,119.1200,55
42751628229581,11:52:31.628,119.1200,45
42790486018157,11:53:10.486,119.1700,2
42790486033928,11:53:10.486,119.1800,18
42790486045528,11:53:10.486,119.1900,1
42790486045528,11:53:10.486,119.1900,70
42790486048584,11:53:10.486,119.1900,30
42790486048584,11:53:10.486,119.1900,115
42790486225046,11:53:10.486,119.1900,85
42792050402865,11:53:12.050,119.2300,100
42792050427529,11:53:12.050,119.2300,1
42792050464154,11:53:12.050,119.2300,1
42837659991401,11:53:57.659,119.2600,100
42879812408151,11:54:39.812,119.1400,100
42879813176712,11:54:39.813,119.1400,100
42879813492449,11:54:39.813,119.1400,90
42879813520827,11:54:39.813,119.1400,10
42883025067537,11:54:43.025,119.1700,2
42912472975197,11:55:12.472,119.1200,4
42912473013174,11:55:12.473,119.1200,4
42976682826852,11:56:16.682,119.1700,100
42976683909597,11:56:16.683,119.1900,2
42976715784978,11:56:16.715,119.1700,100
43045132200172,11:57:25.132,119.1100,50
43053726811804,11:57:33.726,119.1600,2
43058349898711,11:57:38.349,119.2000,1
43058390420343,11:57:38.390,119.1500,35
43071087341562,11:57:51.087,119.2000,10
43103107204138,11:58:23.107,119.1700,100
43111045767798,11:58:31.045,119.2000,2
43111045859072,11:58:31.045,119.2100,4
43111056979901,11:58:31.056,119.2300,14
43111057455768,11:58:31.057,119.2400,1
43111057455768,11:58:31.057,119.2400,100
43111057455768,11:58:31.057,119.2400,99
43111057485175,11:58:31.057,119.2400,1
43111058662974,11:58:31.058,119.2500,100
43173176271378,11:59:33.176,119.3000,1
43198673164104,11:59:58.673,119.4000,100
43202404568496,12:00:02.404,119.4100,100
43217611525015,12:00:17.611,119.4400,100
43217611551117,12:00:17.611,119.4400,1
43217611551117,12:00:17.611,119.4400,1
43217611551117,12:00:17.611,119.4400,178
43228529904242,12:00:28.529,119.4000,100
43228530528222,12:00:28.530,119.3800,100
43228531045896,12:00:28.531,119.3600,10
43228531071602,12:00:28.531,119.3600,90
43228532878596,12:00:28.532,119.3500,100
43228539196286,12:00:28.539,119.3300,100
43228542869294,12:00:28.542,119.3300,100
43233318645737,12:00:33.318,119.3600,100
43301796594310,12:01:41.796,119.2900,2
43348037161686,12:02:28.037,119.3000,2
43356657645176,12:02:36.657,119.3400,51
43356657892328,12:02:36.657,119.3400,49
43385497494630,12:03:05.497,119.3800,1
43408033967733,12:03:28.033,119.3700,2
43472912899556,12:04:32.912,119.3500,100
43472912899556,12:04:32.912,119.3500,100
43472912899556,12:04:32.912,119.3500,100
43472912948210,12:04:32.912,119.3500,50
43472913237915,12:04:32.913,119.3500,15
43472913250909,12:04:32.913,119.3500,35
43476778098969,12:04:36.778,119.3300,2
43508262138910,12:05:08.262,119.3000,98
43553232692240,12:05:53.232,119.3100,2
43556775550522,12:05:56.775,119.3100,98
43556775550522,12:05:56.775,119.3000,2
43556775784441,12:05:56.775,119.3000,100
43556775816167,12:05:56.775,119.3000,5
43556775893412,12:05:56.775,119.2900,100
43557031820574,12:05:57.031,119.2700,1
43563824956015,12:06:03.824,119.3200,9
43563824956015,12:06:03.824,119.3200,2
43563839942740,12:06:03.839,119.3400,40
43622636088497,12:07:02.636,119.3600,100
43622636088497,12:07:02.636,119.3600,100
43622648706797,12:07:02.648,119.3600,100
43622648777820,12:07:02.648,119.3600,46
43639572231423,12:07:19.572,119.3700,40
43642486786519,12:07:22.486,119.3100,100
43642486786519,12:07:22.486,119.3100,3
43654040473396,12:07:34.040,119.3400,2
43708029007085,12:08:28.029,119.3700,2
43735325040370,12:08:55.325,119.3800,25
43735325078582,12:08:55.325,119.3800,50
43735325109115,12:08:55.325,119.3800,25
43766045486476,12:09:26.045,119.3900,50
43766045560045,12:09:26.045,119.3900,50
43774186307220,12:09:34.186,119.3900,100
43777056355173,12:09:37.056,119.3700,100
43797598625537,12:09:57.598,119.3700,100
43824110020997,12:10:24.110,119.3800,60
43837311263708,12:10:37.311,119.3800,40
43837311263708,12:10:37.311,119.3800,100
43854256010771,12:10:54.256,119.3600,3
43862621916190,12:11:02.621,119.4100,2
43862621916190,12:11:02.621,119.4100,14
43862621916190,12:11:02.621,119.4100,14
43862621916190,12:11:02.621,119.4100,70
43862621946391,12:11:02.621,119.4100,30
43862624082865,12:11:02.624,119.4100,50
43862625761740,12:11:02.625,119.4200,100
43862626142828,12:11:02.626,119.4000,10
43862626620532,12:11:02.626,119.4200,10
43862627832200,12:11:02.627,119.4200,100
43862631289371,12:11:02.631,119.4400,100
43920251693791,12:12:00.251,119.4200,100
43920251693791,12:12:00.251,119.4200,100
43947981375429,12:12:27.981,119.3800,13
43947981399567,12:12:27.981,119.3800,87
43947981399567,12:12:27.981,119.3800,100
43958586712526,12:12:38.586,119.3800,2
43986654632939,12:13:06.654,119.4400,1
43986654647437,12:13:06.654,119.4400,2
43986654663743,12:13:06.654,119.4400,97
43986654663743,12:13:06.654,119.4600,1
43987294976844,12:13:07.294,119.4700,2
44034102906825,12:13:54.102,119.4700,1
44043441223951,12:14:03.441,119.4700,79
44043441223951,12:14:03.441,119.4400,21
44071994194774,12:14:31.994,119.4800,2
44097676924965,12:14:57.676,119.5000,100
44104501651476,12:15:04.501,119.5100,100
44104501651476,12:15:04.501,119.5100,2
44104514348158,12:15:04.514,119.5500,100
44104514373149,12:15:04.514,119.5500,100
44104514373149,12:15:04.514,119.5500,100
44119656967794,12:15:19.656,119.5800,100
44119945844781,12:15:19.945,119.5800,8
44132594101154,12:15:32.594,119.5300,100
44155318755990,12:15:55.318,119.5300,50
44155323060804,12:15:55.323,119.5300,50
44188636537779,12:16:28.636,119.5000,91
44195677333560,12:16:35.677,119.5200,59
44195677449953,12:16:35.677,119.5200,9
44196730317771,12:16:36.730,119.5200,12
44196730369846,12:16:36.730,119.5200,20
44210036877247,12:16:50.036,119.5400,1
44217142107991,12:16:57.142,119.5800,100
44217142107991,12:16:57.142,119.5800,2
44217142107991,12:16:57.142,119.5800,100
44217142188460,12:16:57.142,119.5900,9
44217142725903,12:16:57.142,119.5900,5
44217142725903,12:16:57.142,119.5900,54
44217142727921,12:16:57.142,119.5900,346
44217143331661,12:16:57.143,119.6000,100
44248157507746,12:17:28.157,119.6200,2
44258254281330,12:17:38.254,119.6700,16
44258254295483,12:17:38.254,119.6700,84
44259182697068,12:17:39.182,119.6800,50
44259183008860,12:17:39.183,119.6800,50
44282876651831,12:18:02.876,119.6800,87
44282876657659,12:18:02.876,119.6800,13
44282876657659,12:18:02.876,119.6800,87
44282876681610,12:18:02.876,119.6800,13
44282884620384,12:18:02.884,119.6600,100
44282889220876,12:18:02.889,119.6600,1
44282889521015,12:18:02.889,119.6600,1
44310202443699,12:18:30.202,119.6700,100
44310202443699,12:18:30.202,119.6700,100
44310202443699,12:18:30.202,119.6700,100
44330611826608,12:18:50.611,119.6300,2
44330611826608,12:18:50.611,119.6500,98
44368024324805,12:19:28.024,119.6300,1
44368031138165,12:19:28.031,119.6600,100
44368031140031,12:19:28.031,119.6600,3
44394855808899,12:19:54.855,119.6600,100
44428025645910,12:20:28.025,119.6900,2
44466970565001,12:21:06.970,119.6800,100
44470598589723,12:21:10.598,119.6400,1
44470598589723,12:21:10.598,119.6400,100
44489621684605,12:21:29.621,119.6500,2
44509222289285,12:21:49.222,119.6000,100
44509222314907,12:21:49.222,119.6000,100
44548022774748,12:22:28.022,119.5800,2
44549023293425,12:22:29.023,119.5700,2
44550023392410,12:22:30.023,119.5600,2
44551366482989,12:22:31.366,119.5800,2
44551366541156,12:22:31.366,119.6200,100
44571417904473,12:22:51.417,119.6300,50
44616181774724,12:23:36.181,119.5800,2
44645634077782,12:24:05.634,119.6000,100
44645634077782,12:24:05.634,119.6200,18
44645634077782,12:24:05.634,119.6200,3
44645634077782,12:24:05.634,119.6200,100
44645634121137,12:24:05.634,119.5900,25
44645634355345,12:24:05.634,119.6200,100
44645673046400,12:24:05.673,119.6300,100
44645673046400,12:24:05.673,119.6300,18
44645673530196,12:24:05.673,119.6400,7
44645673530196,12:24:05.673,119.6400,100
44645674823854,12:24:05.674,119.6500,200
44645676536390,12:24:05.676,119.6400,8
44671204275338,12:24:31.204,119.6700,30
44683594776918,12:24:43.594,119.6800,100
44683596946517,12:24:43.596,119.7000,6
44688185615581,12:24:48.185,119.6800,100
44689064364046,12:24:49.064,119.6600,100
44689064617922,12:24:49.064,119.6600,100
44701106330754,12:25:01.106,119.6900,5
44701106751055,12:25:01.106,119.7000,34
44701106854115,12:25:01.106,119.7000,66
44701106854115,12:25:01.106,119.7000,100
44715638511076,12:25:15.638,119.7200,100
44715638511076,12:25:15.638,119.7200,100
44722174275974,12:25:22.174,119.7300,2
44722174300140,12:25:22.174,119.7300,2
44722175010358,12:25:22.175,119.7500,100
44722175479054,12:25:22.175,119.7600,100
44765026246031,12:26:05.026,119.7300,100
44771906878901,12:26:11.906,119.7300,100
44771921425427,12:26:11.921,119.7600,50
44771921425427,12:26:11.921,119.7700,4
44771921425427,12:26:11.921,119.7700,3
44771921425427,12:26:11.921,119.7700,43
44771934994864,12:26:11.934,119.7300,10
44801405190821,12:26:41.405,119.7300,1
44801406343201,12:26:41.406,119.7700,3
44801406343201,12:26:41.406,119.7700,3
44823648399146,12:27:03.648,119.7700,34
44823648405338,12:27:03.648,119.7800,95
44823648424940,12:27:03.648,119.7700,66
44823648437570,12:27:03.648,119.7800,5
44823648499278,12:27:03.648,119.7700,10
44832221335020,12:27:12.221,119.7300,50
44832221359938,12:27:12.221,119.7300,50
44832221359938,12:27:12.221,119.7300,100
44840646800670,12:27:20.646,119.7100,100
44843722073829,12:27:23.722,119.7100,100
44844728517531,12:27:24.728,119.7300,10
44844728517531,12:27:24.728,119.7600,90
44855647846907,12:27:35.647,119.7500,34
44855647851689,12:27:35.647,119.7500,66
44856649074807,12:27:36.649,119.7500,100
44857650329170,12:27:37.650,119.7500,100
44878590500774,12:27:58.590,119.7800,100
44880051224965,12:28:00.051,119.7700,100
44889689375815,12:28:09.689,119.8100,3
44910008487477,12:28:30.008,119.7900,50
44910008513769,12:28:30.008,119.7900,50
44910008513769,12:28:30.008,119.7900,100
44934216950729,12:28:54.216,119.7800,100
44981047069299,12:29:41.047,119.8000,2
45005937555599,12:30:05.937,119.7800,100
45005937674427,12:30:05.937,119.7500,100
45036042650659,12:30:36.042,119.7100,1
45036123802268,12:30:36.123,119.7000,1
45048330327942,12:30:48.330,119.6900,1
45052035900598,12:30:52.035,119.7000,1
45055050347659,12:30:55.050,119.7400,17
45055050347659,12:30:55.050,119.7400,3
45117088503956,12:31:57.088,119.7000,100
45117089561993,12:31:57.089,119.6800,100
45126613270404,12:32:06.613,119.6500,1
45142850913130,12:32:22.850,119.6400,1
45142874906877,12:32:22.874,119.6300,1
45145247236465,12:32:25.247,119.6200,2
45149038707507,12:32:29.038,119.6000,1
45149038847906,12:32:29.038,119.5900,1
45162052487154,12:32:42.052,119.6300,1
45178600238024,12:32:58.600,119.5800,1
45183917657384,12:33:03.917,119.5600,1
45209148757383,12:33:29.148,119.5800,2
45219916159487,12:33:39.916,119.5300,100
45224118721631,12:33:44.118,119.5500,100
45224926878993,12:33:44.926,119.5600,100
45281074358674,12:34:41.074,119.5700,2
45316949284222,12:35:16.949,119.6100,27
45328032191343,12:35:28.032,119.5700,2
45374554352201,12:36:14.554,119.5500,55
45374554352201,12:36:14.554,119.5200,1
45374554352201,12:36:14.554,119.5200,45
45374554408410,12:36:14.554,119.5200,55
45430534068593,12:37:10.534,119.5200,10
45463542792378,12:37:43.542,119.5200,50
45508036735668,12:38:28.036,119.5800,2
45531203889149,12:38:51.203,119.6100,22
45531203889149,12:38:51.203,119.6100,2
45531203889149,12:38:51.203,119.6100,100
45531203889149,12:38:51.203,119.6100,100
45531204639407,12:38:51.204,119.6200,11
45531205328947,12:38:51.205,119.6300,100
45532318015754,12:38:52.318,119.6600,15
45534566364451,12:38:54.566,119.6500,100
45569267238564,12:39:29.267,119.6700,2
45601715075590,12:40:01.715,119.7200,29
45601715075590,12:40:01.715,119.7200,71
45601715099983,12:40:01.715,119.7200,29
45618094883478,12:40:18.094,119.7200,29
45618095290167,12:40:18.095,119.7200,71
45618095290167,12:40:18.095,119.7200,5
45618096759839,12:40:18.096,119.7000,100
45618413662395,12:40:18.413,119.6900,100
45632127251045,12:40:32.127,119.6800,100
45667948111978,12:41:07.948,119.7100,3
45693028139814,12:41:33.028,119.6400,100
45693028182591,12:41:33.028,119.6300,100
45694917005696,12:41:34.917,119.6700,2
45694917005696,12:41:34.917,119.6900,84
45697836268560,12:41:37.836,119.6300,100
45706074639916,12:41:46.074,119.6200,1
45706216839461,12:41:46.216,119.6000,2
45708544363829,12:41:48.544,119.5700,1
45708545830170,12:41:48.545,119.5600,1
45708607722109,12:41:48.607,119.5300,1
45708607722109,12:41:48.607,119.5300,4
45713802942460,12:41:53.802,119.5300,100
45717362100134,12:41:57.362,119.5200,1
45725261279412,12:42:05.261,119.5100,1
45752043115250,12:42:32.043,119.5300,2
45771681964243,12:42:51.681,119.5000,1
45771681964243,12:42:51.681,119.4900,1
45805517678847,12:43:25.517,119.5800,100
45825316812487,12:43:45.316,119.5200,100
45829988541856,12:43:49.988,119.4800,1
45841575118342,12:44:01.575,119.4700,1
45841594641160,12:44:01.594,119.4400,1
45842269987748,12:44:02.269,119.4300,1
45843964809520,12:44:03.964,119.4200,1
45843969945532,12:44:03.969,119.4100,100
45843969951296,12:44:03.969,119.4000,1
45897043640222,12:44:57.043,119.3700,1
45897043640222,12:44:57.043,119.3700,100
45898402429124,12:44:58.402,119.3600,1
45902384777778,12:45:02.384,119.3400,39
45902384802511,12:45:02.384,119.3400,61
45913814097281,12:45:13.814,119.4200,2
45913814097281,12:45:13.814,119.4200,98
45913814435580,12:45:13.814,119.4200,2
45988082916928,12:46:28.082,119.3800,1
46019886740061,12:46:59.886,119.4100,100
46019886802751,12:46:59.886,119.4100,64
46019886825517,12:46:59.886,119.4100,36
46019888574662,12:46:59.888,119.3400,100
46019888574662,12:46:59.888,119.3300,1
46019888574662,12:46:59.888,119.3300,99
46019889018311,12:46:59.889,119.3300,1
46019889908461,12:46:59.889,119.3200,1
46019889908461,12:46:59.889,119.3100,1
46019890634493,12:46:59.890,119.3000,1
46019890634493,12:46:59.890,119.2900,1
46019891418759,12:46:59.891,119.2800,2
46019891418759,12:46:59.891,119.2800,14
46023887781221,12:47:03.887,119.2800,86
46023993800780,12:47:03.993,119.2700,1
46023994808165,12:47:03.994,119.2600,1
46033103054517,12:47:13.103,119.2700,100
46047082243347,12:47:27.082,119.3200,2
46047102859150,12:47:27.102,119.2800,10
46053792473438,12:47:33.792,119.2500,1
46053792473438,12:47:33.792,119.2500,99
46070137890663,12:47:50.137,119.2400,1
46070138171910,12:47:50.138,119.2300,1
46080283597922,12:48:00.283,119.2200,1
46083123732766,12:48:03.123,119.3000,20
46083124322260,12:48:03.124,119.3100,100
46083124322260,12:48:03.124,119.3100,18
46083124322260,12:48:03.124,119.3100,91
46085166838864,12:48:05.166,119.3200,100
46085166838864,12:48:05.166,119.3200,1
46085167215103,12:48:05.167,119.2900,10
46085168003873,12:48:05.168,119.3200,10
46085168003873,12:48:05.168,119.3200,10
46085168003873,12:48:05.168,119.3200,10
46085168003873,12:48:05.168,119.3200,10
46085168003873,12:48:05.168,119.3200,10
46085168787927,12:48:05.168,119.3300,100
46105388957730,12:48:25.388,119.3900,100
46228035682243,12:50:28.035,119.3900,1
46228057244478,12:50:28.057,119.3700,10
46254969126181,12:50:54.969,119.3900,10
46254969126181,12:50:54.969,119.3900,10
46254969126181,12:50:54.969,119.3900,10
46254969126181,12:50:54.969,119.3900,10
46254969126181,12:50:54.969,119.3900,10
46255004934649,12:50:55.004,119.4200,100
46255004934649,12:50:55.004,119.4200,1
46255004934649,12:50:55.004,119.4200,100
46255005657959,12:50:55.005,119.4300,100
46256596859479,12:50:56.596,119.4500,100
46258960112474,12:50:58.960,119.3800,100
46290433466241,12:51:30.433,119.4100,2
46290433466241,12:51:30.433,119.4300,98
46290467454844,12:51:30.467,119.3800,100
46323739988537,12:52:03.739,119.4200,100
46324595316849,12:52:04.595,119.4300,100
46347837670168,12:52:27.837,119.3700,100
46347838536640,12:52:27.838,119.3500,1
46347838536640,12:52:27.838,119.3400,2
46347838606376,12:52:27.838,119.3400,98
46347838606376,12:52:27.838,119.3400,1
46349016065297,12:52:29.016,119.3700,2
46352773482293,12:52:32.773,119.3300,100
46407812455359,12:53:27.812,119.3300,24
46407812480969,12:53:27.812,119.3300,76
46407830833159,12:53:27.830,119.3200,1
46412324850805,12:53:32.324,119.3100,2
46412324850805,12:53:32.324,119.3100,100
46423199751164,12:53:43.199,119.3100,50
46423199994209,12:53:43.199,119.3100,50
46428024198586,12:53:48.024,119.3000,1
46428025599762,12:53:48.025,119.2900,1
46428032060613,12:53:48.032,119.2800,1
46428136661871,12:53:48.136,119.2700,1
46428136661871,12:53:48.136,119.2700,93
46428136691472,12:53:48.136,119.2700,7
46429032398687,12:53:49.032,119.2600,1
46431845440481,12:53:51.845,119.2900,1
46474963986286,12:54:34.963,119.2400,2
46481583978599,12:54:41.583,119.2200,1
46502053438569,12:55:02.053,119.2900,300
46502053438569,12:55:02.053,119.2900,1
46502053502664,12:55:02.053,119.3000,100
46502053502664,12:55:02.053,119.3000,142
46509817697781,12:55:09.817,119.3200,200
46509817725177,12:55:09.817,119.3200,200
46509817725177,12:55:09.817,119.3200,1
46570040816408,12:56:10.040,119.3800,100
46570040816408,12:56:10.040,119.3800,1
46570040816408,12:56:10.040,119.3800,100
46570041770220,12:56:10.041,119.3900,100
46571610272952,12:56:11.610,119.4000,70
46648027810041,12:57:28.027,119.4300,2
46660648110677,12:57:40.648,119.4100,4
46660648137130,12:57:40.648,119.4100,96
46660648137130,12:57:40.648,119.4100,100
46688169968436,12:58:08.169,119.3800,5
46745500888518,12:59:05.500,119.4000,16
46789848473647,12:59:49.848,119.3700,1
46801704711252,13:00:01.704,119.3400,1
46808039263588,13:00:08.039,119.3400,99
46808039263588,13:00:08.039,119.3400,1
46808039415814,13:00:08.039,119.3400,60
46820766887405,13:00:20.766,119.3400,39
46820766887405,13:00:20.766,119.3200,1
46820766887405,13:00:20.766,119.3200,13
46820776078337,13:00:20.776,119.3200,87
46820776078337,13:00:20.776,119.3200,100
46824557311969,13:00:24.557,119.2900,1
46825322573269,13:00:25.322,119.3300,100
46828791302266,13:00:28.791,119.3100,2
46836376251815,13:00:36.376,119.2800,1
46851618282152,13:00:51.618,119.2700,1
46866959724967,13:01:06.959,119.3200,100
46866960226978,13:01:06.960,119.3300,100
46866960226978,13:01:06.960,119.3300,1
46866960701159,13:01:06.960,119.3200,100
46872100191545,13:01:12.100,119.3500,100
46872100191545,13:01:12.100,119.3500,1
46889724637885,13:01:29.724,119.3700,100
46889724663215,13:01:29.724,119.3700,100
46977035980942,13:02:57.035,119.3500,2
47008027413106,13:03:28.027,119.4200,1
47014670388718,13:03:34.670,119.3900,47
47014670609066,13:03:34.670,119.3900,53
47042658206266,13:04:02.658,119.3700,93
47042658246515,13:04:02.658,119.3700,7
47051474763828,13:04:11.474,119.3900,2
47051474763828,13:04:11.474,119.3900,1
47051474763828,13:04:11.474,119.3900,2
47060390443242,13:04:20.390,119.4000,100
47060390443242,13:04:20.390,119.4000,27
47060390886830,13:04:20.390,119.4000,33
47060390911783,13:04:20.390,119.4000,40
47090461731055,13:04:50.461,119.4200,100
47121106564892,13:05:21.106,119.4300,100
47121106564892,13:05:21.106,119.4300,100
47121106586239,13:05:21.106,119.4300,2
47121107436495,13:05:21.107,119.4500,100
47132794005037,13:05:32.794,119.4300,100
47132794005037,13:05:32.794,119.4300,100
47194530346544,13:06:34.530,119.4400,2
47195737844899,13:06:35.737,119.4600,13
47236267420625,13:07:16.267,119.4700,100
47260436190873,13:07:40.436,119.4200,64
47260436259755,13:07:40.436,119.4200,36
47260436259755,13:07:40.436,119.4200,30
47260436829791,13:07:40.436,119.4100,43
47260437024175,13:07:40.437,119.4100,57
47274284724810,13:07:54.284,119.4000,100
47274284748790,13:07:54.284,119.4000,100
47277082450411,13:07:57.082,119.3800,1
47277082478550,13:07:57.082,119.3800,31
47280789540510,13:08:00.789,119.3800,68
47280789540510,13:08:00.789,119.3800,100
47280790980130,13:08:00.790,119.3700,100
47281553792106,13:08:01.553,119.3500,2
47281606320901,13:08:01.606,119.3500,98
47281606320901,13:08:01.606,119.3500,2
47296292883548,13:08:16.292,119.3400,2
47296313633203,13:08:16.313,119.3300,1
47296313633203,13:08:16.313,119.3300,77
47296314144138,13:08:16.314,119.3300,23
47308032397054,13:08:28.032,119.3400,2
47309134732927,13:08:29.134,119.3700,68
47309134738845,13:08:29.134,119.3700,23
47309134738845,13:08:29.134,119.3700,24
47309134757196,13:08:29.134,119.3700,76
47309135609614,13:08:29.135,119.3800,7
47309135647582,13:08:29.135,119.3800,11
47309135924526,13:08:29.135,119.3800,82
47309136782441,13:08:29.136,119.3900,124
47316012697341,13:08:36.012,119.4100,1
47316012697341,13:08:36.012,119.4100,99
47316012723356,13:08:36.012,119.4100,1
47316012723356,13:08:36.012,119.4100,100
47335255892621,13:08:55.255,119.3800,44
47363212449230,13:09:23.212,119.4400,4
47363212473458,13:09:23.212,119.4400,96
47368028346664,13:09:28.028,119.4100,100
47397712421369,13:09:57.712,119.4000,10
47422076633724,13:10:22.076,119.4000,100
47422076683472,13:10:22.076,119.4000,100
47422076710421,13:10:22.076,119.4000,86
47422076738575,13:10:22.076,119.4000,14
47422605461564,13:10:22.605,119.3800,46
47423979887193,13:10:23.979,119.3800,10
47432047532505,13:10:32.047,119.3800,1
47471939048748,13:11:11.939,119.4200,1
47471939048748,13:11:11.939,119.4200,100
47471939048748,13:11:11.939,119.4200,100
47471940288652,13:11:11.940,119.4300,55
47471940559387,13:11:11.940,119.4300,45
47471941307884,13:11:11.941,119.4200,100
47486049379214,13:11:26.049,119.3700,100
47486049379214,13:11:26.049,119.3700,100
47486637494045,13:11:26.637,119.3500,100
47488802313293,13:11:28.802,119.3300,1
47519128734648,13:11:59.128,119.3900,30
47519128734648,13:11:59.128,119.4000,28
47553087574296,13:12:33.087,119.3800,1
47584349333230,13:13:04.349,119.3200,2
47584349333230,13:13:04.349,119.3200,98
47584349358985,13:13:04.349,119.3200,2
47592171007983,13:13:12.171,119.3100,1
47592172126474,13:13:12.172,119.3000,1
47593124253891,13:13:13.124,119.2900,1
47596089839047,13:13:16.089,119.3300,100
47596089839047,13:13:16.089,119.3300,100
47596089839047,13:13:16.089,119.3300,25
47596089839047,13:13:16.089,119.3300,1
47596090180990,13:13:16.090,119.3000,1
47596090443333,13:13:16.090,119.3300,1
47598114452106,13:13:18.114,119.3300,5
47598114475496,13:13:18.114,119.3300,169
47598119761237,13:13:18.119,119.3300,5
47599186168003,13:13:19.186,119.3300,1
47611681160478,13:13:31.681,119.3300,100
47648018804948,13:14:08.018,119.3800,1
47648018804948,13:14:08.018,119.3800,3
47648018804948,13:14:08.018,119.3900,96
47668033203150,13:14:28.033,119.3800,100
47668134721966,13:14:28.134,119.3500,100
47690632037945,13:14:50.632,119.3200,100
47690632067464,13:14:50.632,119.3200,100
47697037431340,13:14:57.037,119.2900,1
47697037456880,13:14:57.037,119.2900,99
47697062798424,13:14:57.062,119.2800,1
47699060687957,13:14:59.060,119.2700,1
47699061099324,13:14:59.061,119.2600,1
47699061099324,13:14:59.061,119.2600,1
47699061099324,13:14:59.061,119.2600,6
47701884787547,13:15:01.884,119.2500,1
47702005336416,13:15:02.005,119.2300,1
47704930012759,13:15:04.930,119.2200,1
47709957302074,13:15:09.957,119.2100,1
47710060521746,13:15:10.060,119.2000,1
47710060610028,13:15:10.060,119.1900,1
47710060610028,13:15:10.060,119.1900,100
47710060610028,13:15:10.060,119.1900,100
47744853419575,13:15:44.853,119.2100,2
47759821761447,13:15:59.821,119.2400,100
47759821761447,13:15:59.821,119.2400,100
47775041393728,13:16:15.041,119.2500,100
47775041417697,13:16:15.041,119.2500,200
47785386430066,13:16:25.386,119.2200,100
47785386430066,13:16:25.386,119.2200,100
47851588221604,13:17:31.588,119.2100,1
47853207867479,13:17:33.207,119.2100,1
47892356298405,13:18:12.356,119.2300,3
47892358659329,13:18:12.358,119.2400,100
47981502684187,13:19:41.502,119.2300,1
47981502684187,13:19:41.502,119.2600,99
47981513624413,13:19:41.513,119.2600,1
47981513624413,13:19:41.513,119.2600,300
47981513624413,13:19:41.513,119.2600,99
47988443288844,13:19:48.443,119.2200,1
47992580342634,13:19:52.580,119.2000,2
47992580368070,13:19:52.580,119.2000,98
47992580368070,13:19:52.580,119.2000,100
48000228240889,13:20:00.228,119.1900,100
48000228270009,13:20:00.228,119.1900,2
48002314582546,13:20:02.314,119.1900,1
48015644136103,13:20:15.644,119.1900,18
48015644337978,13:20:15.644,119.1900,18
48015644467449,13:20:15.644,119.1900,18
48015644529988,13:20:15.644,119.1900,18
48017525539682,13:20:17.525,119.1900,25
48017525539682,13:20:17.525,119.1900,1
48029279449418,13:20:29.279,119.1800,1
48029279449418,13:20:29.279,119.1800,1
48029279553637,13:20:29.279,119.1700,100
48034786066349,13:20:34.786,119.1900,1
48045832117212,13:20:45.832,119.1600,1
48045832117212,13:20:45.832,119.1600,1
48045965577341,13:20:45.965,119.1500,1
48045965577341,13:20:45.965,119.1500,1
48046260768125,13:20:46.260,119.1300,10
48057080802352,13:20:57.080,119.1800,100
48057085041783,13:20:57.085,119.1900,100
48094399580587,13:21:34.399,119.1800,1
48137567396312,13:22:17.567,119.1600,28
48143065446037,13:22:23.065,119.1500,100
48152159276069,13:22:32.159,119.1600,2
48173480287671,13:22:53.480,119.1300,96
48174192414557,13:22:54.192,119.1300,4
48174192414557,13:22:54.192,119.1300,41
48174192451931,13:22:54.192,119.1300,14
48176874898825,13:22:56.874,119.1300,45
48176874947809,13:22:56.874,119.1200,1
48180513920831,13:23:00.513,119.1100,100
48181988081281,13:23:01.988,119.1000,1
48181988081281,13:23:01.988,119.1000,1
48181988081281,13:23:01.988,119.1000,200
48181988081281,13:23:01.988,119.1000,3
48181988081281,13:23:01.988,119.1000,100
48181988081281,13:23:01.988,119.1000,100
48181988647274,13:23:01.988,119.0900,1
48181988647274,13:23:01.988,119.0900,5
48181988659235,13:23:01.988,119.0900,95
48181988905879,13:23:01.988,119.0900,100
48181989540664,13:23:01.989,119.0800,100
48181990656059,13:23:01.990,119.0700,1
48181990656059,13:23:01.990,119.0700,100
48201533920092,13:23:21.533,119.1100,100
48201533920092,13:23:21.533,119.1100,100
48201533920092,13:23:21.533,119.1100,1
48201533920092,13:23:21.533,119.1100,51
48205699107247,13:23:25.699,119.1300,100
48205699107247,13:23:25.699,119.1300,100
48205702638967,13:23:25.702,119.1400,100
48270773252621,13:24:30.773,119.1900,2
48271308627899,13:24:31.308,119.2200,100
48271308627899,13:24:31.308,119.2200,1
48299307476625,13:24:59.307,119.2500,100
48302388324480,13:25:02.388,119.2100,70
48307872655144,13:25:07.872,119.2800,12
48328167928543,13:25:28.167,119.2500,1
48328168419358,13:25:28.168,119.2550,100
48328168419358,13:25:28.168,119.2900,22
48328168419358,13:25:28.168,119.2900,100
48328168938974,13:25:28.168,119.2900,100
48347709259352,13:25:47.709,119.3100,100
48352844833883,13:25:52.844,119.2900,100
48352845026309,13:25:52.845,119.2900,100
48394185487367,13:26:34.185,119.2800,1
48404310596473,13:26:44.310,119.3100,100
48452850863293,13:27:32.850,119.2800,1
48488534186558,13:28:08.534,119.2500,100
48488788096537,13:28:08.788,119.2400,31
48491698147265,13:28:11.698,119.2400,30
48491698174051,13:28:11.698,119.2400,70
48493513755613,13:28:13.513,119.2900,100
48509579117368,13:28:29.579,119.2500,1
48538402640599,13:28:58.402,119.2800,100
48538402640599,13:28:58.402,119.2900,1
48538402717600,13:28:58.402,119.2900,99
48538402717600,13:28:58.402,119.2900,1
48541123634356,13:29:01.123,119.3200,100
48541123660167,13:29:01.123,119.3200,10
48541123660167,13:29:01.123,119.3200,1
48580875844891,13:29:40.875,119.3500,76
48582036655955,13:29:42.036,119.3700,1
48582849550012,13:29:42.849,119.3700,99
48582849550012,13:29:42.849,119.3700,100
48582849550012,13:29:42.849,119.3700,1
48582849576824,13:29:42.849,119.3700,99
48606713656409,13:30:06.713,119.4200,88
48625009377525,13:30:25.009,119.4200,3
48628043932519,13:30:28.043,119.4100,1
48633721491798,13:30:33.721,119.4500,86
48633721516135,13:30:33.721,119.4500,14
48633721516135,13:30:33.721,119.4500,3
48659175395505,13:30:59.175,119.4800,3
48661718160276,13:31:01.718,119.5100,2
48661718160276,13:31:01.718,119.5100,1
48661718160276,13:31:01.718,119.5100,97
48661773259858,13:31:01.773,119.5000,100
48662928145322,13:31:02.928,119.4800,100
48664133577740,13:31:04.133,119.5100,80
48667451243616,13:31:07.451,119.5200,2
48686320409523,13:31:26.320,119.5400,2
48712516400842,13:31:52.516,119.5700,1
48712516400842,13:31:52.516,119.5800,99
48725381997632,13:32:05.381,119.5500,100
48725382024117,13:32:05.382,119.5500,100
48725382024117,13:32:05.382,119.5500,200
48725382026214,13:32:05.382,119.5500,50
48725421027416,13:32:05.421,119.5200,11
48725421053311,13:32:05.421,119.5200,89
48725421053311,13:32:05.421,119.5200,200
48725421053311,13:32:05.421,119.5200,100
48725421053311,13:32:05.421,119.5200,100
48727921836761,13:32:07.921,119.5000,100
48727921836761,13:32:07.921,119.4900,100
48734575167788,13:32:14.575,119.4900,2
48740123650040,13:32:20.123,119.5500,100
48748038804754,13:32:28.038,119.5300,2
48777354138517,13:32:57.354,119.5600,1
48777354138517,13:32:57.354,119.5600,99
48777354197168,13:32:57.354,119.5600,1
48777354197168,13:32:57.354,119.5600,4
48777354197168,13:32:57.354,119.5600,95
48777354204732,13:32:57.354,119.5600,5
48777354204732,13:32:57.354,119.5600,100
48777354870580,13:32:57.354,119.5900,6
48790719642373,13:33:10.719,119.5900,100
48808046559599,13:33:28.046,119.5700,2
48814920318661,13:33:34.920,119.6000,100
48814920344676,13:33:34.920,119.6000,1
48831370619596,13:33:51.370,119.5600,6
48831370645201,13:33:51.370,119.5600,94
48831370645201,13:33:51.370,119.5600,100
48831370645201,13:33:51.370,119.5600,5
48858718793612,13:34:18.718,119.5300,100
48858739330965,13:34:18.739,119.5000,6
48858739330965,13:34:18.739,119.5000,100
48858739333228,13:34:18.739,119.5000,100
48858757346881,13:34:18.757,119.4900,1
48868037923996,13:34:28.037,119.5100,2
48909718849020,13:35:09.718,119.4800,1
48909718849020,13:35:09.718,119.4800,100
48909718849020,13:35:09.718,119.4800,200
48909718849020,13:35:09.718,119.4800,100
48909718964969,13:35:09.718,119.4800,200
48909719972225,13:35:09.719,119.4700,1
48909721381826,13:35:09.721,119.4500,1
48912846923555,13:35:12.846,119.4400,1
48942416883057,13:35:42.416,119.4700,1
48962721437404,13:36:02.721,119.4300,2
48962721437404,13:36:02.721,119.4200,1
48962721437404,13:36:02.721,119.4200,97
48963403704392,13:36:03.403,119.4200,3
48973846473512,13:36:13.846,119.4100,1
48981731325264,13:36:21.731,119.4400,100
48991950910809,13:36:31.950,119.4100,1
49006721801384,13:36:46.721,119.3900,1
49006721801384,13:36:46.721,119.3800,99
49055719432450,13:37:35.719,119.3800,100
49060719909517,13:37:40.719,119.3800,100
49060719909517,13:37:40.719,119.3800,34
49060720769557,13:37:40.720,119.3700,100
49060720769557,13:37:40.720,119.3700,100
49060722041519,13:37:40.722,119.3600,1
49063034052714,13:37:43.034,119.3600,2
49072572044848,13:37:52.572,119.3400,1
49072572044848,13:37:52.572,119.3300,1
49088529758557,13:38:08.529,119.3000,1
49088531407043,13:38:08.531,119.2900,99
49101719274738,13:38:21.719,119.3000,100
49122026762063,13:38:42.026,119.3300,1
49132721468789,13:38:52.721,119.3100,100
49154735285996,13:39:14.735,119.3100,1
49154735285996,13:39:14.735,119.3000,99
49154735318461,13:39:14.735,119.3000,1
49159340420696,13:39:19.340,119.3400,100
49159342542120,13:39:19.342,119.3500,2
49159342542120,13:39:19.342,119.3500,15
49159342542120,13:39:19.342,119.3500,78
49159342564552,13:39:19.342,119.3500,322
49159342564552,13:39:19.342,119.3500,100
49159342564552,13:39:19.342,119.3500,100
49159342564552,13:39:19.342,119.3500,95
49159342597017,13:39:19.342,119.3500,5
49159343016165,13:39:19.343,119.3600,100
49161148754666,13:39:21.148,119.3500,25
49161148779312,13:39:21.148,119.3500,75
49179721863446,13:39:39.721,119.3200,100
49193146241713,13:39:53.146,119.2800,1
49213885187990,13:40:13.885,119.2600,1
49218719281831,13:40:18.719,119.2500,1
49218719281831,13:40:18.719,119.2500,98
49223141648361,13:40:23.141,119.3200,100
49223141648361,13:40:23.141,119.3200,100
49229801299930,13:40:29.801,119.2900,2
49254170536215,13:40:54.170,119.3200,100
49270718728598,13:41:10.718,119.2700,1
49270718728598,13:41:10.718,119.2700,99
49270719100442,13:41:10.719,119.2700,1
49270941563683,13:41:10.941,119.2500,2
49270941563683,13:41:10.941,119.2500,100
49271084271483,13:41:11.084,119.2400,1
49306720894845,13:41:46.720,119.2300,1
49306720894845,13:41:46.720,119.2200,1
49306720894845,13:41:46.720,119.2100,98
49306834160504,13:41:46.834,119.2100,2
49309720675733,13:41:49.720,119.2000,100
49310187441276,13:41:50.187,119.2300,1
49310188091861,13:41:50.188,119.2600,10
49310188091861,13:41:50.188,119.2600,1
49310188523140,13:41:50.188,119.2700,100
49310188547735,13:41:50.188,119.2700,67
49310188547735,13:41:50.188,119.2700,33
49310659547972,13:41:50.659,119.3000,100
49313253298255,13:41:53.253,119.3000,100
49313704049689,13:41:53.704,119.3000,44
49323427491579,13:42:03.427,119.3000,100
49323427523194,13:42:03.427,119.3000,145
49350511877230,13:42:30.511,119.3100,1
