timestamp,time,price,volume
34200435479288,09:30:00.435,0.0000,0
34204972896204,09:30:04.972,33.7900,100
34204974536093,09:30:04.974,33.7800,100
34205274636965,09:30:05.274,33.8000,100
34205274698721,09:30:05.274,33.8000,100
34252878820794,09:30:52.878,33.7200,100
34349956718246,09:32:29.956,33.6200,2
34349957221469,09:32:29.957,33.6100,2
34349957221469,09:32:29.957,33.6000,2
34349958360093,09:32:29.958,33.5700,92
34353197741487,09:32:33.197,33.6200,100
34353197741487,09:32:33.197,33.6200,75
34406856040396,09:33:26.856,33.5300,200
34406856878453,09:33:26.856,33.5300,100
34406857458037,09:33:26.857,33.4700,100
34406857458037,09:33:26.857,33.4700,70
34406882029674,09:33:26.882,33.5100,100
34406882911992,09:33:26.882,33.5200,100
34406882911992,09:33:26.882,33.5200,50
34406884173886,09:33:26.884,33.5300,100
34407036747447,09:33:27.036,33.5400,100
34414621052968,09:33:34.621,33.5300,100
34429550354993,09:33:49.550,33.5400,13
34429550359687,09:33:49.550,33.5500,100
34440591845155,09:34:00.591,33.5200,100
34553494697503,09:35:53.494,33.5800,100
34583854674452,09:36:23.854,33.5300,200
34594249578682,09:36:34.249,33.5100,100
34594249639448,09:36:34.249,33.5100,100
34594249697268,09:36:34.249,33.5100,100
34594355299116,09:36:34.355,33.5100,100
34634504504980,09:37:14.504,33.5300,100
34634504529859,09:37:14.504,33.5300,2
34634504546031,09:37:14.504,33.5300,5
34634504586053,09:37:14.504,33.5300,2
34634504736581,09:37:14.504,33.5300,7
34634505224407,09:37:14.505,33.5300,86
34662624085211,09:37:42.624,33.5300,100
34662625641369,09:37:42.625,33.5200,100
34662625788474,09:37:42.625,33.5300,100
34662625788474,09:37:42.625,33.5300,100
34662625788474,09:37:42.625,33.5300,100
34662625906313,09:37:42.625,33.5300,100
34662625906313,09:37:42.625,33.5200,100
34662626145102,09:37:42.626,33.5200,100
34662626145102,09:37:42.626,33.5200,100
34662626145102,09:37:42.626,33.5200,100
34662626208498,09:37:42.626,33.5200,100
34663603078839,09:37:43.603,33.5200,100
34663603078839,09:37:43.603,33.5200,100
34664184969547,09:37:44.184,33.5200,100
34668086430273,09:37:48.086,33.5000,4
34668086430273,09:37:48.086,33.5000,100
34668086841615,09:37:48.086,33.4900,2
34678685928003,09:37:58.685,33.4800,185
34678685928003,09:37:58.685,33.4900,100
34678685928003,09:37:58.685,33.4900,15
34678685956933,09:37:58.685,33.4900,85
34678685956933,09:37:58.685,33.4900,100
34678686033444,09:37:58.686,33.5000,13
34678686185676,09:37:58.686,33.5000,87
34678780089924,09:37:58.780,33.5000,100
34690479983333,09:38:10.479,33.5100,15
34692565333235,09:38:12.565,33.5100,100
34697793847579,09:38:17.793,33.5200,200
34697793869341,09:38:17.793,33.5200,100
34702076691753,09:38:22.076,33.5200,100
34702076691753,09:38:22.076,33.5200,200
34702077067230,09:38:22.077,33.5200,100
34702077092949,09:38:22.077,33.5200,100
34702077107021,09:38:22.077,33.5200,100
34702077107021,09:38:22.077,33.5200,100
34702092409857,09:38:22.092,33.5200,100
34719373329184,09:38:39.373,33.5200,100
34719373779861,09:38:39.373,33.5100,100
34719374340128,09:38:39.374,33.5100,15
34719374340128,09:38:39.374,33.5100,85
34719374459434,09:38:39.374,33.5100,15
34719374459434,09:38:39.374,33.5100,85
34719374736113,09:38:39.374,33.5100,100
34719374760298,09:38:39.374,33.5100,15
34719374760298,09:38:39.374,33.5100,100
34719376028481,09:38:39.376,33.5200,100
34719405246762,09:38:39.405,33.5200,200
34719405246762,09:38:39.405,33.5200,100
34719405246762,09:38:39.405,33.5200,100
34721075778218,09:38:41.075,33.5200,100
34721075803298,09:38:41.075,33.5200,42
34736831569572,09:38:56.831,33.5200,100
34736832420143,09:38:56.832,33.5300,100
34736832420143,09:38:56.832,33.5300,100
34736832420143,09:38:56.832,33.5300,100
34743106412870,09:39:03.106,33.5500,200
34743106458134,09:39:03.106,33.5500,100
34743106458134,09:39:03.106,33.5500,100
34743106514592,09:39:03.106,33.5500,8
34743107448714,09:39:03.107,33.5500,200
34743107448714,09:39:03.107,33.5500,100
34743598220841,09:39:03.598,33.5600,100
34743599202275,09:39:03.599,33.5500,100
34745707765878,09:39:05.707,33.5400,88
34745707790935,09:39:05.707,33.5400,12
34746595524748,09:39:06.595,33.5500,100
34746595524748,09:39:06.595,33.5500,100
34746595550439,09:39:06.595,33.5500,100
34768326179905,09:39:28.326,33.5600,100
34783091767244,09:39:43.091,33.5700,100
34834766950585,09:40:34.766,33.5800,100
34835758514087,09:40:35.758,33.5800,100
34854912057407,09:40:54.912,33.5500,200
34873534425945,09:41:13.534,33.5500,100
34873534425945,09:41:13.534,33.5500,200
34922306789272,09:42:02.306,33.5800,100
34922307336481,09:42:02.307,33.5700,100
34922307336481,09:42:02.307,33.5700,100
34922307336481,09:42:02.307,33.5700,600
34922307336481,09:42:02.307,33.5700,100
34922308420153,09:42:02.308,33.5700,100
34922308476712,09:42:02.308,33.5700,99
34922315156441,09:42:02.315,33.5700,100
34922346461979,09:42:02.346,33.5600,100
34922563498942,09:42:02.563,33.5500,200
34924071616149,09:42:04.071,33.5500,500
34924072097058,09:42:04.072,33.5500,100
34924072170092,09:42:04.072,33.5500,93
34924072194603,09:42:04.072,33.5500,7
34924072477027,09:42:04.072,33.5500,100
34924481114557,09:42:04.481,33.5500,100
34924481114557,09:42:04.481,33.5500,200
34924481114557,09:42:04.481,33.5500,19
34924481311827,09:42:04.481,33.5500,100
34993286161314,09:43:13.286,33.5300,100
34993286599051,09:43:13.286,33.5400,6
35000024369220,09:43:20.024,33.5200,100
35000027965292,09:43:20.027,33.5200,100
35020026486552,09:43:40.026,33.5000,200
35020527925822,09:43:40.527,33.5000,100
35029556260563,09:43:49.556,33.5100,100
35031275729970,09:43:51.275,33.5300,100
35034036521861,09:43:54.036,33.5400,100
35040651588515,09:44:00.651,33.5500,100
35040651680164,09:44:00.651,33.5500,100
35041839619929,09:44:01.839,33.5500,100
35042721369532,09:44:02.721,33.5400,115
35042721392348,09:44:02.721,33.5400,85
35060567335650,09:44:20.567,33.5250,100
35071064307557,09:44:31.064,33.5000,55
35084620564586,09:44:44.620,33.5100,100
35094366465118,09:44:54.366,33.5200,100
35094366465118,09:44:54.366,33.5200,100
35117094572940,09:45:17.094,33.5300,100
35117098243889,09:45:17.098,33.5400,6
35117138042201,09:45:17.138,33.5400,100
35120107441175,09:45:20.107,33.5300,100
35120107514650,09:45:20.107,33.5300,100
35122838630816,09:45:22.838,33.5300,100
35122838630816,09:45:22.838,33.5300,100
35140650335138,09:45:40.650,33.5000,54
35140650919599,09:45:40.650,33.5000,46
35143008254061,09:45:43.008,33.5000,100
35152043176843,09:45:52.043,33.5000,100
35156273185683,09:45:56.273,33.5100,4
35156273217181,09:45:56.273,33.5100,96
35219852296165,09:46:59.852,33.5100,100
35219852332702,09:46:59.852,33.5100,60
35219852371759,09:46:59.852,33.5100,40
35231717652248,09:47:11.717,33.5100,6
35259722406876,09:47:39.722,33.4900,2
35312507298619,09:48:32.507,33.4800,2
35312531134649,09:48:32.531,33.4800,100
35320869650591,09:48:40.869,33.4700,100
35333895714700,09:48:53.895,33.4600,100
35333898882377,09:48:53.898,33.4600,100
35333899213797,09:48:53.899,33.4600,2
35333902600658,09:48:53.902,33.4500,100
35333902600658,09:48:53.902,33.4500,100
35338836598091,09:48:58.836,33.4600,9
35344702191547,09:49:04.702,33.4600,4
35344702220335,09:49:04.702,33.4600,58
35371360982831,09:49:31.360,33.4700,100
35373024274797,09:49:33.024,33.4600,38
35373024285434,09:49:33.024,33.4600,62
35373024285434,09:49:33.024,33.4600,77
35373024489803,09:49:33.024,33.4600,23
35392438350903,09:49:52.438,33.4500,2
35392438350903,09:49:52.438,33.4500,100
35396905171661,09:49:56.905,33.4400,100
35403130351180,09:50:03.130,33.4300,32
35413640426945,09:50:13.640,33.4300,100
35413640493423,09:50:13.640,33.4300,100
35413640493423,09:50:13.640,33.4300,100
35413699811246,09:50:13.699,33.4400,12
35413886249007,09:50:13.886,33.4400,88
35424807047674,09:50:24.807,33.4500,100
35427953572586,09:50:27.953,33.4500,300
35454763935529,09:50:54.763,33.4300,100
35454922181016,09:50:54.922,33.4300,100
35455916212109,09:50:55.916,33.4300,100
35455921361551,09:50:55.921,33.4300,2
35471385347521,09:51:11.385,33.4200,6
35471385347521,09:51:11.385,33.4200,2
35474394390437,09:51:14.394,33.4300,2
35517373184034,09:51:57.373,33.3900,100
35521438554973,09:52:01.438,33.3900,524
35521438592127,09:52:01.438,33.3900,276
35521438592127,09:52:01.438,33.3900,100
35521692486190,09:52:01.692,33.4000,100
35521886956673,09:52:01.886,33.4000,100
35542627913243,09:52:22.627,33.3800,1
35542627913243,09:52:22.627,33.3800,99
35542627951405,09:52:22.627,33.3800,1
35542654549940,09:52:22.654,33.3750,100
35542801401976,09:52:22.801,33.3750,100
35542801401976,09:52:22.801,33.3800,100
35542801401976,09:52:22.801,33.3800,100
35542801432838,09:52:22.801,33.3800,100
35548038114661,09:52:28.038,33.3700,169
35548038114661,09:52:28.038,33.3700,2
35587209103263,09:53:07.209,33.3400,100
35602148912456,09:53:22.148,33.3300,100
35626749241840,09:53:46.749,33.3100,30
35654281672871,09:54:14.281,33.3500,200
35654296241112,09:54:14.296,33.3500,100
35654297144497,09:54:14.297,33.3400,100
35654297546364,09:54:14.297,33.3400,100
35662533394306,09:54:22.533,33.3500,1
35662533394306,09:54:22.533,33.3500,100
35670780489213,09:54:30.780,33.3700,100
35692049194105,09:54:52.049,33.3700,2
35731625001010,09:55:31.625,33.3600,1
35731625001010,09:55:31.625,33.3600,100
35731625001010,09:55:31.625,33.3600,100
35731625027715,09:55:31.625,33.3600,200
35753704786467,09:55:53.704,33.3300,100
35754090212169,09:55:54.090,33.3200,100
35754091001406,09:55:54.091,33.3200,2
35775760598460,09:56:15.760,33.3000,100
35817028708403,09:56:57.028,33.3100,100
35817028708403,09:56:57.028,33.3100,100
35817329649831,09:56:57.329,33.3000,1
35817329710066,09:56:57.329,33.3000,99
35823979694532,09:57:03.979,33.3200,100
35862899381109,09:57:42.899,33.3100,100
35872756845543,09:57:52.756,33.3000,100
35877039669042,09:57:57.039,33.3100,100
35877761658726,09:57:57.761,33.3200,100
35883403758826,09:58:03.403,33.3300,100
35883403758826,09:58:03.403,33.3300,100
35913175033206,09:58:33.175,33.3400,100
35913226395056,09:58:33.226,33.3400,100
35913227423367,09:58:33.227,33.3400,2
35929171317098,09:58:49.171,33.3300,1
35929171317098,09:58:49.171,33.3300,100
35929171317098,09:58:49.171,33.3300,2
35929171317098,09:58:49.171,33.3300,100
36022600047969,10:00:22.600,33.3100,15
36022600077187,10:00:22.600,33.3100,85
36030426887346,10:00:30.426,33.3300,100
36034537625744,10:00:34.537,33.3300,32
36034537625744,10:00:34.537,33.3300,100
36034537625744,10:00:34.537,33.3300,68
36034537625744,10:00:34.537,33.3300,25
36034537625744,10:00:34.537,33.3300,100
36050331069458,10:00:50.331,33.3100,100
36070876740363,10:01:10.876,33.2900,100
36071245119813,10:01:11.245,33.2800,36
36072800899913,10:01:12.800,33.2800,100
36072800899913,10:01:12.800,33.2800,100
36079717599542,10:01:19.717,33.2800,100
36086707377106,10:01:26.707,33.2800,27
36117052827084,10:01:57.052,33.2700,100
36117052827084,10:01:57.052,33.2700,100
36117053515152,10:01:57.053,33.2600,100
36117053515152,10:01:57.053,33.2600,100
36120105761202,10:02:00.105,33.2600,88
36157710458169,10:02:37.710,33.2500,5
36166665796599,10:02:46.665,33.2400,100
36166689768145,10:02:46.689,33.2300,100
36166695746165,10:02:46.695,33.2300,100
36166696518200,10:02:46.696,33.2300,100
36166696845419,10:02:46.696,33.2300,100
36166697165454,10:02:46.697,33.2300,100
36166697485270,10:02:46.697,33.2300,100
36166697916185,10:02:46.697,33.2300,100
36166698273157,10:02:46.698,33.2300,100
36166701767206,10:02:46.701,33.2300,100
36166847427148,10:02:46.847,33.2300,100
36166852420892,10:02:46.852,33.2300,100
36188673472545,10:03:08.673,33.2300,100
36202767693520,10:03:22.767,33.2400,100
36202767693520,10:03:22.767,33.2400,100
36202768003355,10:03:22.768,33.2400,100
36203455998080,10:03:23.455,33.2400,1
36224627552921,10:03:44.627,33.2500,100
36224856151927,10:03:44.856,33.2400,42
36224856151927,10:03:44.856,33.2400,58
36224856179223,10:03:44.856,33.2400,1
36224856206785,10:03:44.856,33.2400,41
36224856206785,10:03:44.856,33.2400,100
36228593654985,10:03:48.593,33.2500,100
36230400214305,10:03:50.400,33.2500,100
36230540219256,10:03:50.540,33.2500,100
36237293333160,10:03:57.293,33.2600,260
36237293384003,10:03:57.293,33.2600,240
36237293384003,10:03:57.293,33.2600,27
36237293415444,10:03:57.293,33.2600,73
36237293415444,10:03:57.293,33.2600,60
36237293563902,10:03:57.293,33.2600,40
36238564545430,10:03:58.564,33.2700,100
36267741587365,10:04:27.741,33.2800,3
36267997653710,10:04:27.997,33.2800,100
36267997653710,10:04:27.997,33.2800,15
36296542692828,10:04:56.542,33.2700,2
36296542692828,10:04:56.542,33.2700,100
36319333307393,10:05:19.333,33.2900,20
36319333343397,10:05:19.333,33.2900,80
36319333343397,10:05:19.333,33.2900,53
36319333346605,10:05:19.333,33.2900,47
36344261696706,10:05:44.261,33.3300,100
36344261696706,10:05:44.261,33.3300,100
36344261696706,10:05:44.261,33.3300,100
36344589327928,10:05:44.589,33.3200,100
36346693040372,10:05:46.693,33.3100,8
36347353547147,10:05:47.353,33.3200,100
36347355429208,10:05:47.355,33.3200,100
36365221192856,10:06:05.221,33.3300,100
36377935093832,10:06:17.935,33.3200,14
36377935093832,10:06:17.935,33.3200,2
36377935093832,10:06:17.935,33.3200,84
36377935381038,10:06:17.935,33.3200,16
36377936263566,10:06:17.936,33.3200,100
36377936263566,10:06:17.936,33.3200,100
36377936263566,10:06:17.936,33.3200,84
36418084179442,10:06:58.084,33.3500,100
36418084910338,10:06:58.084,33.3500,100
36418085980684,10:06:58.085,33.3500,100
36418086122164,10:06:58.086,33.3400,100
36418104004181,10:06:58.104,33.3400,100
36437182073701,10:07:17.182,33.3300,100
36437182073701,10:07:17.182,33.3300,3
36441284773411,10:07:21.284,33.3200,100
36488947267613,10:08:08.947,33.3300,100
36488948064642,10:08:08.948,33.3400,400
36492577314547,10:08:12.577,33.3500,97
36514991065457,10:08:34.991,33.3400,100
36514991065457,10:08:34.991,33.3400,100
36550354142634,10:09:10.354,33.3400,100
36552854969988,10:09:12.854,33.3400,200
36553060679184,10:09:13.060,33.3400,100
36553569652868,10:09:13.569,33.3400,100
36562381660595,10:09:22.381,33.3400,100
36569033387231,10:09:29.033,33.3400,100
36571963200703,10:09:31.963,33.3500,100
36592173284790,10:09:52.173,33.3700,100
36592173284790,10:09:52.173,33.3700,100
36595148079908,10:09:55.148,33.3800,100
36637054618244,10:10:37.054,33.3800,200
36637055416873,10:10:37.055,33.3700,100
36637055416873,10:10:37.055,33.3700,100
36692390807878,10:11:32.390,33.4000,100
36692390807878,10:11:32.390,33.4000,2
36692390807878,10:11:32.390,33.4000,100
36694745727605,10:11:34.745,33.4100,100
36722726722221,10:12:02.726,33.4400,27
36775231744166,10:12:55.231,33.4500,100
36775231744166,10:12:55.231,33.4500,100
36775232875107,10:12:55.232,33.4500,1
36778542833744,10:12:58.542,33.4400,100
36778542833744,10:12:58.542,33.4400,2
36782704127063,10:13:02.704,33.4300,100
36782704533559,10:13:02.704,33.4300,100
36814695129802,10:13:34.695,33.4400,100
36818057897390,10:13:38.057,33.4500,100
36818057897390,10:13:38.057,33.4500,100
36854652299606,10:14:14.652,33.4500,1
36854653478624,10:14:14.653,33.4400,200
36854653863538,10:14:14.653,33.4400,100
36854654517900,10:14:14.654,33.4400,100
36854654517900,10:14:14.654,33.4400,100
36854654517900,10:14:14.654,33.4300,4
36913153421054,10:15:13.153,33.4600,100
36913153421054,10:15:13.153,33.4600,165
36913411141521,10:15:13.411,33.4600,1
36916349874613,10:15:16.349,33.4600,5
36919251560248,10:15:19.251,33.4600,16
36953858851135,10:15:53.858,33.4600,100
36954053730057,10:15:54.053,33.4600,100
36954054542214,10:15:54.054,33.4600,1
37039559114077,10:17:19.559,33.4500,100
37039559114077,10:17:19.559,33.4500,100
37039559114077,10:17:19.559,33.4500,2
37067974016292,10:17:47.974,33.4500,100
37068275735661,10:17:48.275,33.4500,100
37081166142922,10:18:01.166,33.4500,100
37089370076587,10:18:09.370,33.4400,100
37089370076587,10:18:09.370,33.4400,300
37089371228296,10:18:09.371,33.4300,96
37089371228296,10:18:09.371,33.4300,100
37089371228296,10:18:09.371,33.4300,100
37089371228296,10:18:09.371,33.4300,4
37089371256749,10:18:09.371,33.4300,196
37089371256749,10:18:09.371,33.4300,100
37089372867753,10:18:09.372,33.4300,1
37089950597409,10:18:09.950,33.4200,100
37089950597409,10:18:09.950,33.4200,100
37089950597409,10:18:09.950,33.4200,100
37090087203722,10:18:10.087,33.4100,1
37105496325422,10:18:25.496,33.4100,100
37105596030441,10:18:25.596,33.4100,100
37165379232955,10:19:25.379,33.4300,100
37165379232955,10:19:25.379,33.4300,2
37165409970026,10:19:25.409,33.4300,100
37165411413998,10:19:25.411,33.4500,100
37196295079910,10:19:56.295,33.4700,2
37196295105693,10:19:56.295,33.4700,98
37196295105693,10:19:56.295,33.4700,100
37222484410937,10:20:22.484,33.4800,4
37222738491440,10:20:22.738,33.4800,100
37222738548839,10:20:22.738,33.4800,100
37222738548839,10:20:22.738,33.4800,100
37222996484505,10:20:22.996,33.4800,100
37273301801030,10:21:13.301,33.4600,100
37320097654522,10:22:00.097,33.5000,100
37321296605004,10:22:01.296,33.5000,2
37371548436100,10:22:51.548,33.5000,100
37371548436100,10:22:51.548,33.5000,100
37371548522834,10:22:51.548,33.5000,100
37374271477694,10:22:54.271,33.5000,16
37378235068598,10:22:58.235,33.4900,100
37378252582655,10:22:58.252,33.4800,100
37378252582655,10:22:58.252,33.4800,100
37440729005740,10:24:00.729,33.4700,100
37449228722478,10:24:09.228,33.4700,100
37452007585027,10:24:12.007,33.4700,100
37452008566927,10:24:12.008,33.4700,100
37452008566927,10:24:12.008,33.4700,100
37514856953759,10:25:14.856,33.4800,200
37514856953759,10:25:14.856,33.4800,6
37524008112082,10:25:24.008,33.5000,200
37524026094791,10:25:24.026,33.5000,100
37524026094791,10:25:24.026,33.5000,100
37524026920187,10:25:24.026,33.5000,1
37543032206255,10:25:43.032,33.4900,100
37543032206255,10:25:43.032,33.4900,100
37557462104281,10:25:57.462,33.4900,91
37557462235316,10:25:57.462,33.4900,9
37557462235316,10:25:57.462,33.4900,82
37557462307173,10:25:57.462,33.4900,18
37557462307173,10:25:57.462,33.4900,100
37602675254546,10:26:42.675,33.4900,100
37610900645346,10:26:50.900,33.4900,100
37610900645346,10:26:50.900,33.4900,100
37647782108278,10:27:27.782,33.4900,300
37725384915411,10:28:45.384,33.4900,200
37725384915411,10:28:45.384,33.4900,100
37725384915411,10:28:45.384,33.4900,2
37725384965778,10:28:45.384,33.4900,100
37732361644920,10:28:52.361,33.4900,100
37732361644920,10:28:52.361,33.4900,100
37740952540297,10:29:00.952,33.5000,300
37740952540297,10:29:00.952,33.5000,7
37741140159227,10:29:01.140,33.5000,10
37747463326272,10:29:07.463,33.5100,100
37747463326272,10:29:07.463,33.5100,100
37748016170177,10:29:08.016,33.5100,100
37748016972783,10:29:08.016,33.5100,100
37748022983573,10:29:08.022,33.5100,20
37806885778012,10:30:06.885,33.5000,90
37806885778012,10:30:06.885,33.5000,100
37806885778012,10:30:06.885,33.5000,70
37806885779286,10:30:06.885,33.5000,30
37806885779286,10:30:06.885,33.5000,100
37812179218704,10:30:12.179,33.4900,100
37820978392740,10:30:20.978,33.4900,9
37839462892419,10:30:39.462,33.5000,24
37898715861978,10:31:38.715,33.5100,400
37898722268909,10:31:38.722,33.5200,200
37899090270083,10:31:39.090,33.5200,200
37899090270083,10:31:39.090,33.5200,100
37899473782472,10:31:39.473,33.5200,100
37922136360743,10:32:02.136,33.5300,19
37930850029267,10:32:10.850,33.5300,281
37930850029267,10:32:10.850,33.5300,9
37945014411673,10:32:25.014,33.5400,254
37945014616569,10:32:25.014,33.5400,46
37945135695075,10:32:25.135,33.5500,25
37965839822959,10:32:45.839,33.5600,3
37968860713255,10:32:48.860,33.5600,200
37968860952823,10:32:48.860,33.5600,200
37992949831227,10:33:12.949,33.5600,200
37992951009491,10:33:12.951,33.5700,100
37992951009491,10:33:12.951,33.5800,100
37992951009491,10:33:12.951,33.5800,200
37992951982661,10:33:12.951,33.5800,100
37992951982661,10:33:12.951,33.5800,100
37992953296606,10:33:12.953,33.5800,100
37992953296606,10:33:12.953,33.5800,100
37992953296606,10:33:12.953,33.5800,100
37993205145169,10:33:13.205,33.5700,100
38047025402681,10:34:07.025,33.5900,400
38047025402681,10:34:07.025,33.5900,44
38047025402681,10:34:07.025,33.5900,8
38047028924008,10:34:07.028,33.5900,100
38050031183656,10:34:10.031,33.5900,200
38050031467660,10:34:10.031,33.5900,200
38050031996946,10:34:10.031,33.5900,200
38050032056434,10:34:10.032,33.5900,100
38059922612741,10:34:19.922,33.5800,127
38059923121413,10:34:19.923,33.5800,673
38069985510924,10:34:29.985,33.5700,5
38069985510924,10:34:29.985,33.5700,100
38069986195631,10:34:29.986,33.5700,44
38069986237561,10:34:29.986,33.5700,56
38102401067539,10:35:02.401,33.5600,300
38102401067539,10:35:02.401,33.5600,214
38119528453462,10:35:19.528,33.5600,100
38119528482843,10:35:19.528,33.5600,100
38119528482843,10:35:19.528,33.5600,100
38119784911945,10:35:19.784,33.5600,100
38119789955212,10:35:19.789,33.5600,100
38124013475386,10:35:24.013,33.5600,17
38124013479169,10:35:24.013,33.5600,83
38124013479169,10:35:24.013,33.5600,100
38124013479169,10:35:24.013,33.5600,100
38144986634200,10:35:44.986,33.5500,100
38144989128317,10:35:44.989,33.5400,100
38144989128317,10:35:44.989,33.5400,75
38234783718544,10:37:14.783,33.5400,100
38234783718544,10:37:14.783,33.5400,100
38234783718544,10:37:14.783,33.5400,400
38234783718544,10:37:14.783,33.5400,100
38238190201801,10:37:18.190,33.5300,100
38238190260804,10:37:18.190,33.5300,100
38238190321450,10:37:18.190,33.5300,100
38238190407175,10:37:18.190,33.5300,100
38238190741480,10:37:18.190,33.5300,100
38238190851877,10:37:18.190,33.5300,100
38238190851877,10:37:18.190,33.5300,100
38238191646184,10:37:18.191,33.5300,400
38238191646184,10:37:18.191,33.5300,100
38259139402204,10:37:39.139,33.5200,100
38272980491350,10:37:52.980,33.5200,100
38272981474912,10:37:52.981,33.5200,200
38277923237788,10:37:57.923,33.5100,9
38287296197530,10:38:07.296,33.5200,9
38298338682570,10:38:18.338,33.5250,200
38298338682570,10:38:18.338,33.5300,90
38298338699091,10:38:18.338,33.5300,10
38298338702513,10:38:18.338,33.5300,10
38298338851332,10:38:18.338,33.5300,90
38298338851332,10:38:18.338,33.5300,100
38328912432789,10:38:48.912,33.5400,100
38328912432789,10:38:48.912,33.5400,300
38330851622068,10:38:50.851,33.5500,100
38354386532793,10:39:14.386,33.5700,300
38357047110671,10:39:17.047,33.5800,200
38362603671437,10:39:22.603,33.5700,100
38362603671437,10:39:22.603,33.5700,200
38362604168049,10:39:22.604,33.5700,200
38362604168049,10:39:22.604,33.5700,100
38362604168049,10:39:22.604,33.5700,100
38362605583866,10:39:22.605,33.5700,100
38362605583866,10:39:22.605,33.5700,100
38362605699270,10:39:22.605,33.5700,100
38427975076977,10:40:27.975,33.5900,300
38427975076977,10:40:27.975,33.5900,12
38427975076977,10:40:27.975,33.5900,100
38446148532220,10:40:46.148,33.6100,53
38464178673522,10:41:04.178,33.6000,100
38464178673522,10:41:04.178,33.6000,100
38464178673522,10:41:04.178,33.6000,400
38464178673522,10:41:04.178,33.6000,200
38464178673522,10:41:04.178,33.6000,100
38464184502581,10:41:04.184,33.6000,100
38464327805615,10:41:04.327,33.6000,100
38464327805615,10:41:04.327,33.6000,100
38472774196632,10:41:12.774,33.5900,400
38480874195209,10:41:20.874,33.6000,100
38519195951081,10:41:59.195,33.5900,100
38519195951081,10:41:59.195,33.5900,300
38519195951081,10:41:59.195,33.6000,100
38519195951081,10:41:59.195,33.6000,200
38519195951081,10:41:59.195,33.6000,100
38519891245345,10:41:59.891,33.6000,1300
38519891270085,10:41:59.891,33.6000,100
38519891278332,10:41:59.891,33.6000,100
38519891304873,10:41:59.891,33.6000,100
38519891311475,10:41:59.891,33.6000,100
38519891324905,10:41:59.891,33.6000,100
38519891401744,10:41:59.891,33.6000,200
38519891401744,10:41:59.891,33.6000,200
38519891401744,10:41:59.891,33.6000,100
38519891401744,10:41:59.891,33.6000,100
38519891401744,10:41:59.891,33.6000,100
38519891401744,10:41:59.891,33.6000,100
38519891401744,10:41:59.891,33.6000,200
38519891401744,10:41:59.891,33.6000,200
38519891401744,10:41:59.891,33.6000,100
38519891401744,10:41:59.891,33.6000,100
38519891401744,10:41:59.891,33.6000,100
38519891401744,10:41:59.891,33.6000,100
38519891401744,10:41:59.891,33.6000,400
38519891401744,10:41:59.891,33.6000,400
38519891401744,10:41:59.891,33.6000,85
38519891401744,10:41:59.891,33.6000,85
38519891401744,10:41:59.891,33.6000,115
38519891401744,10:41:59.891,33.6000,115
38519891437824,10:41:59.891,33.6000,85
38519891437824,10:41:59.891,33.6000,100
38519891477155,10:41:59.891,33.6000,100
38519891681339,10:41:59.891,33.6000,100
38531578401667,10:42:11.578,33.6100,300
38531578426767,10:42:11.578,33.6100,14
38557819490746,10:42:37.819,33.6200,4
38557819490746,10:42:37.819,33.6200,300
38557819490746,10:42:37.819,33.6200,95
38557819490746,10:42:37.819,33.6200,200
38557819490746,10:42:37.819,33.6200,100
38557824012578,10:42:37.824,33.6300,100
38557824012578,10:42:37.824,33.6300,100
38557829467885,10:42:37.829,33.6400,200
38557829467885,10:42:37.829,33.6400,100
38557829467885,10:42:37.829,33.6400,100
38557829467885,10:42:37.829,33.6400,100
38557829467885,10:42:37.829,33.6400,100
38557829467885,10:42:37.829,33.6400,100
38557836233927,10:42:37.836,33.6400,100
38557836233927,10:42:37.836,33.6400,200
38557841851428,10:42:37.841,33.6400,100
38557841851428,10:42:37.841,33.6400,200
38557841851428,10:42:37.841,33.6400,100
38557841851428,10:42:37.841,33.6400,100
38557850651893,10:42:37.850,33.6500,100
38557850651893,10:42:37.850,33.6500,100
38557850651893,10:42:37.850,33.6500,100
38557850651893,10:42:37.850,33.6500,100
38557850651893,10:42:37.850,33.6500,100
38557850651893,10:42:37.850,33.6500,98
38557850651893,10:42:37.850,33.6500,2
38557860450795,10:42:37.860,33.6500,300
38557860450795,10:42:37.860,33.6500,100
38557860450795,10:42:37.860,33.6500,100
38557860450795,10:42:37.860,33.6500,100
38557860450795,10:42:37.860,33.6500,100
38557860450795,10:42:37.860,33.6500,100
38557860450795,10:42:37.860,33.6500,100
38557878645259,10:42:37.878,33.6500,100
38557905961268,10:42:37.905,33.6500,100
38557905961268,10:42:37.905,33.6500,200
38557905961268,10:42:37.905,33.6500,100
38557905961268,10:42:37.905,33.6500,100
38557905961268,10:42:37.905,33.6500,100
38557905961268,10:42:37.905,33.6500,100
38557905961268,10:42:37.905,33.6500,100
38571451170690,10:42:51.451,33.6600,100
38571451170690,10:42:51.451,33.6600,300
38572993436203,10:42:52.993,33.6700,100
38572993436203,10:42:52.993,33.6700,300
38572994328940,10:42:52.994,33.6800,35
38572996460238,10:42:52.996,33.6800,100
38585136202333,10:43:05.136,33.6800,100
38585225909224,10:43:05.225,33.6800,100
38591413605889,10:43:11.413,33.6700,100
38592064582045,10:43:12.064,33.6700,78
38601440641882,10:43:21.440,33.6900,100
38601440641882,10:43:21.440,33.6900,300
38628121342145,10:43:48.121,33.6900,26
38640192504944,10:44:00.192,33.6900,74
38640192504944,10:44:00.192,33.6900,200
38640192504944,10:44:00.192,33.6900,100
38646006528728,10:44:06.006,33.6900,8
38646776074139,10:44:06.776,33.6900,287
38646776117276,10:44:06.776,33.6900,13
38647716489706,10:44:07.716,33.7000,19
38647716489706,10:44:07.716,33.7000,200
38647716489706,10:44:07.716,33.7000,297
38647716815370,10:44:07.716,33.7000,3
38647761457392,10:44:07.761,33.7000,100
38647761457392,10:44:07.761,33.7000,100
38651893306717,10:44:11.893,33.7000,149
38661260820350,10:44:21.260,33.7100,97
38661260824571,10:44:21.260,33.7100,3
38661260824571,10:44:21.260,33.7100,47
38661260824571,10:44:21.260,33.7100,48
38661260828801,10:44:21.260,33.7100,52
38661260828801,10:44:21.260,33.7100,8
38661260839964,10:44:21.260,33.7100,117
38718272215243,10:45:18.272,33.7200,100
38718272496616,10:45:18.272,33.7200,100
38718274168521,10:45:18.274,33.7200,12
38724404577595,10:45:24.404,33.7200,99
38744279164545,10:45:44.279,33.7200,100
38744279164545,10:45:44.279,33.7200,100
38744279164545,10:45:44.279,33.7200,100
38744279164545,10:45:44.279,33.7300,100
38744279164545,10:45:44.279,33.7300,100
38744279164545,10:45:44.279,33.7300,100
38783175132923,10:46:23.175,33.7300,100
38783175132923,10:46:23.175,33.7300,100
38783477081031,10:46:23.477,33.7300,100
38812681032074,10:46:52.681,33.7300,66
38822599533138,10:47:02.599,33.7300,34
38822599533138,10:47:02.599,33.7300,1
38822599546797,10:47:02.599,33.7300,99
38822599546797,10:47:02.599,33.7300,11
38823794864873,10:47:03.794,33.7200,100
38823794864873,10:47:03.794,33.7200,100
38823794864873,10:47:03.794,33.7200,100
38823794864873,10:47:03.794,33.7200,100
38839399932376,10:47:19.399,33.7300,100
38846359056746,10:47:26.359,33.7300,100
38858880994380,10:47:38.880,33.7200,100
38892282205963,10:48:12.282,33.7100,200
38892282205963,10:48:12.282,33.7100,100
38892282205963,10:48:12.282,33.7100,100
38898751626975,10:48:18.751,33.7000,200
38899883650612,10:48:19.883,33.7000,100
38904120582129,10:48:24.120,33.7000,100
38904120582129,10:48:24.120,33.7000,9
38904120623673,10:48:24.120,33.7000,12
38904120623673,10:48:24.120,33.7000,112
38904120655535,10:48:24.120,33.7000,9
38904120655535,10:48:24.120,33.7000,100
38936865499562,10:48:56.865,33.7200,56
38936865795280,10:48:56.865,33.7200,44
38936865795280,10:48:56.865,33.7200,32
38936865851632,10:48:56.865,33.7200,168
38939397621624,10:48:59.397,33.7300,4
38939561457521,10:48:59.561,33.7300,100
38952366400477,10:49:12.366,33.7300,100
38958905656020,10:49:18.905,33.7400,100
38958905685011,10:49:18.905,33.7400,100
38958905695033,10:49:18.905,33.7400,9
38964922353490,10:49:24.922,33.7600,100
38969941428315,10:49:29.941,33.7600,100
38970423127280,10:49:30.423,33.7600,32
39035725239648,10:50:35.725,33.7600,100
39035725239648,10:50:35.725,33.7600,100
39035725239648,10:50:35.725,33.7600,100
39036262975381,10:50:36.262,33.7500,100
39036262975381,10:50:36.262,33.7500,100
39036268372594,10:50:36.268,33.7400,200
39036274105846,10:50:36.274,33.7400,100
39082230322965,10:51:22.230,33.7400,100
39082230322965,10:51:22.230,33.7400,22
39082230322965,10:51:22.230,33.7400,100
39082230322965,10:51:22.230,33.7400,100
39082230322965,10:51:22.230,33.7400,100
39082278773015,10:51:22.278,33.7600,100
39082278773015,10:51:22.278,33.7600,100
39082283814962,10:51:22.283,33.7600,100
39082283814962,10:51:22.283,33.7600,70
39082283849260,10:51:22.283,33.7600,7
39100490518858,10:51:40.490,33.7600,23
39111608935180,10:51:51.608,33.7700,100
39111608935180,10:51:51.608,33.7700,27
39111609015168,10:51:51.609,33.7700,73
39147889022695,10:52:27.889,33.7750,100
39147889022695,10:52:27.889,33.7700,200
39147889048946,10:52:27.889,33.7700,100
39147889232332,10:52:27.889,33.7700,100
39177254994743,10:52:57.254,33.7500,100
39191201757474,10:53:11.201,33.7300,100
39196278249446,10:53:16.278,33.7300,22
39219569683442,10:53:39.569,33.7300,100
39219569683442,10:53:39.569,33.7300,100
39220552745489,10:53:40.552,33.7300,100
39237984655610,10:53:57.984,33.7400,100
39248162890285,10:54:08.162,33.7500,100
39248162890285,10:54:08.162,33.7500,21
39270007922352,10:54:30.007,33.7800,100
39270007947427,10:54:30.007,33.7800,68
39270007947427,10:54:30.007,33.7800,32
39302795361244,10:55:02.795,33.7900,100
39302795361244,10:55:02.795,33.7900,52
39302795437990,10:55:02.795,33.7900,21
39302795437990,10:55:02.795,33.7900,10
39302807097541,10:55:02.807,33.7900,100
39308793603878,10:55:08.793,33.8000,100
39308793603878,10:55:08.793,33.8000,100
39333967886122,10:55:33.967,33.8100,100
39333994820340,10:55:33.994,33.8100,100
39350448470421,10:55:50.448,33.8200,100
39350448470421,10:55:50.448,33.8200,100
39354325216599,10:55:54.325,33.8250,100
39354328017874,10:55:54.328,33.8200,400
39367908644382,10:56:07.908,33.8100,61
39368147749182,10:56:08.147,33.8100,100
39368201501727,10:56:08.201,33.8100,23
39368201501727,10:56:08.201,33.8100,100
39368226750326,10:56:08.226,33.8100,100
39368228314524,10:56:08.228,33.8100,100
39368230604906,10:56:08.230,33.8100,117
39368662988754,10:56:08.662,33.8100,83
39368801465632,10:56:08.801,33.8200,100
39368803029444,10:56:08.803,33.8200,100
39368803029444,10:56:08.803,33.8200,100
39368904116485,10:56:08.904,33.8200,100
39368904116485,10:56:08.904,33.8200,100
39368904116485,10:56:08.904,33.8200,100
39368904116485,10:56:08.904,33.8200,200
39368905566654,10:56:08.905,33.8200,100
39368905566654,10:56:08.905,33.8200,100
39368909222663,10:56:08.909,33.8200,100
39368910703889,10:56:08.910,33.8200,100
39368910703889,10:56:08.910,33.8200,200
39368910703889,10:56:08.910,33.8200,100
39369000488114,10:56:09.000,33.8200,100
39369006054105,10:56:09.006,33.8200,100
39369006054105,10:56:09.006,33.8200,100
39369322293988,10:56:09.322,33.8200,34
39369518788259,10:56:09.518,33.8200,39
39369519064625,10:56:09.519,33.8200,27
39373977133854,10:56:13.977,33.8150,100
39373978565722,10:56:13.978,33.8100,100
39373978565722,10:56:13.978,33.8100,100
39373978565722,10:56:13.978,33.8100,100
39378278645895,10:56:18.278,33.8200,100
39378278645895,10:56:18.278,33.8200,100
39378278645895,10:56:18.278,33.8200,100
39379066137975,10:56:19.066,33.8200,100
39379067030853,10:56:19.067,33.8200,100
39384039918612,10:56:24.039,33.8250,100
39384132967957,10:56:24.132,33.8100,100
39394587709960,10:56:34.587,33.8200,100
39417792025600,10:56:57.792,33.8200,100
39447902452241,10:57:27.902,33.8300,93
39447902452241,10:57:27.902,33.8300,40
39447902452241,10:57:27.902,33.8300,100
39447903516895,10:57:27.903,33.8400,22
39447903516895,10:57:27.903,33.8400,78
39447903858363,10:57:27.903,33.8400,22
39461625120288,10:57:41.625,33.8500,100
39461698016681,10:57:41.698,33.8400,100
39461699711654,10:57:41.699,33.8400,100
39461699711654,10:57:41.699,33.8400,100
39465866030922,10:57:45.866,33.8500,100
39466916385158,10:57:46.916,33.8400,100
39466916385158,10:57:46.916,33.8400,100
39483567973273,10:58:03.567,33.8400,23
39513994743340,10:58:33.994,33.8400,100
39538415974400,10:58:58.415,33.8300,52
39538416033069,10:58:58.416,33.8300,100
39538416074548,10:58:58.416,33.8300,48
39538424456467,10:58:58.424,33.8200,200
39538424456467,10:58:58.424,33.8200,100
39538424483603,10:58:58.424,33.8200,100
39538424483603,10:58:58.424,33.8200,100
39538501222752,10:58:58.501,33.8200,1
39538627036154,10:58:58.627,33.8100,100
39538628398019,10:58:58.628,33.8100,100
39538628398019,10:58:58.628,33.8100,100
39538631855112,10:58:58.631,33.8100,100
39538762466324,10:58:58.762,33.8100,100
39538763845537,10:58:58.763,33.8100,100
39538910686263,10:58:58.910,33.8000,100
39538912690489,10:58:58.912,33.8000,100
39545662366780,10:59:05.662,33.8050,100
39579001445969,10:59:39.001,33.8000,100
39580754607194,10:59:40.754,33.8000,200
39580754656904,10:59:40.754,33.8000,100
39580754656904,10:59:40.754,33.8000,100
39580754656904,10:59:40.754,33.8000,35
39580812881669,10:59:40.812,33.8000,10
39585158394769,10:59:45.158,33.8100,10
39585158394769,10:59:45.158,33.8100,85
39585158394769,10:59:45.158,33.8100,5
39585166285161,10:59:45.166,33.8100,95
39585645027339,10:59:45.645,33.8100,100
39601013670584,11:00:01.013,33.8100,200
39638810947640,11:00:38.810,33.8200,100
39638810947640,11:00:38.810,33.8200,22
39655463508507,11:00:55.463,33.8250,100
39662804575637,11:01:02.804,33.8300,37
39662804575637,11:01:02.804,33.8300,40
39662804823426,11:01:02.804,33.8300,47
39662805049508,11:01:02.805,33.8300,13
39662805049508,11:01:02.805,33.8300,72
39662805092161,11:01:02.805,33.8300,16
39663046524818,11:01:03.046,33.8500,153
39663046575428,11:01:03.046,33.8500,49
39663046621229,11:01:03.046,33.8500,198
39663389526314,11:01:03.389,33.8600,100
39663459521089,11:01:03.459,33.8700,100
39663463938333,11:01:03.463,33.8800,200
39663465199402,11:01:03.465,33.8800,100
39663465199402,11:01:03.465,33.8800,100
39663490228719,11:01:03.490,33.8900,2
39663622034281,11:01:03.622,33.8800,58
39664947940532,11:01:04.947,33.8900,100
39665372378392,11:01:05.372,33.8900,61
39665621179524,11:01:05.621,33.8900,100
39665621179524,11:01:05.621,33.8900,52
39666851741224,11:01:06.851,33.8850,200
39666851741224,11:01:06.851,33.8800,100
39666851741224,11:01:06.851,33.8800,10
39666851741224,11:01:06.851,33.8800,100
39666851741224,11:01:06.851,33.8800,100
39666852162249,11:01:06.852,33.8800,100
39666854197589,11:01:06.854,33.8800,100
39667924462115,11:01:07.924,33.8800,200
39668715434496,11:01:08.715,33.8900,100
39668745861021,11:01:08.745,33.8950,100
39669983827305,11:01:09.983,33.8800,100
39669983827305,11:01:09.983,33.8800,100
39669983827305,11:01:09.983,33.8800,200
39669983827305,11:01:09.983,33.8700,100
39669983827305,11:01:09.983,33.8700,200
39669983827305,11:01:09.983,33.8700,100
39669983827305,11:01:09.983,33.8700,100
39669983827305,11:01:09.983,33.8700,100
39669983827305,11:01:09.983,33.8700,100
39669999174267,11:01:09.999,33.8750,400
39669999174267,11:01:09.999,33.8700,400
39669999174267,11:01:09.999,33.8700,100
39669999174267,11:01:09.999,33.8700,100
39669999174267,11:01:09.999,33.8600,200
39669999174267,11:01:09.999,33.8600,100
39669999174267,11:01:09.999,33.8600,100
39670006564637,11:01:10.006,33.8600,200
39670006588729,11:01:10.006,33.8600,200
39670006588729,11:01:10.006,33.8600,100
39670017554971,11:01:10.017,33.8600,100
39677077709380,11:01:17.077,33.8700,300
39720233909429,11:02:00.233,33.8800,100
39720233909429,11:02:00.233,33.8800,100
39724701724882,11:02:04.701,33.8900,200
39724701724882,11:02:04.701,33.8900,21
39724701724882,11:02:04.701,33.8900,100
39724727599719,11:02:04.727,33.8900,100
39724727599719,11:02:04.727,33.8900,94
39724727625607,11:02:04.727,33.8900,6
39724744239812,11:02:04.744,33.8850,100
39740016546600,11:02:20.016,33.9000,100
39797018596175,11:03:17.018,33.9100,145
39797018596175,11:03:17.018,33.9100,200
39797021583451,11:03:17.021,33.9150,100
39835075321288,11:03:55.075,33.9100,100
39839604085961,11:03:59.604,33.9100,76
39842450835433,11:04:02.450,33.9100,24
39857177045110,11:04:17.177,33.9200,300
39857177552157,11:04:17.177,33.9200,21
39857336375927,11:04:17.336,33.9150,100
39857336438245,11:04:17.336,33.9150,100
39857411698650,11:04:17.411,33.9000,100
39857537142465,11:04:17.537,33.8950,100
39863621785839,11:04:23.621,33.8950,100
39863621785839,11:04:23.621,33.8900,48
39863621813455,11:04:23.621,33.8900,100
39863621813455,11:04:23.621,33.8900,12
39863697820770,11:04:23.697,33.8800,100
39863699118943,11:04:23.699,33.8800,100
39863699118943,11:04:23.699,33.8800,100
39863703888902,11:04:23.703,33.8800,100
39868599155227,11:04:28.599,33.8900,76
39868599520974,11:04:28.599,33.8900,24
39913775502637,11:05:13.775,33.9050,100
39913775509209,11:05:13.775,33.9000,100
39919345568911,11:05:19.345,33.9000,76
39919416091243,11:05:19.416,33.9000,77
39976808290175,11:06:16.808,33.9000,77
39980158355211,11:06:20.158,33.9000,23
39980158355211,11:06:20.158,33.9000,18
39980158355211,11:06:20.158,33.9000,59
39980159938699,11:06:20.159,33.9000,41
39982956363323,11:06:22.956,33.9050,100
40038199661819,11:07:18.199,33.9050,100
40048296385266,11:07:28.296,33.9050,100
40048296406859,11:07:28.296,33.9000,100
40049336586173,11:07:29.336,33.8900,100
40086483887141,11:08:06.483,33.8700,100
40092999596018,11:08:12.999,33.8700,100
40112463052287,11:08:32.463,33.8700,200
40112464651818,11:08:32.464,33.8700,100
40112464651818,11:08:32.464,33.8700,17
40126204726895,11:08:46.204,33.8800,17
40156975609798,11:09:16.975,33.8800,100
40210080825863,11:10:10.080,33.8750,100
40210080825863,11:10:10.080,33.8700,100
40210080853668,11:10:10.080,33.8700,200
40210080853668,11:10:10.080,33.8700,100
40210080853668,11:10:10.080,33.8700,100
40210080853668,11:10:10.080,33.8700,10
40210573237783,11:10:10.573,33.8600,100
40210573237783,11:10:10.573,33.8600,100
40210573237783,11:10:10.573,33.8600,100
40211208222394,11:10:11.208,33.8500,13
40218624054563,11:10:18.624,33.8550,100
40218624117008,11:10:18.624,33.8500,100
40219098584504,11:10:19.098,33.8400,100
40219853809756,11:10:19.853,33.8500,17
40225672595037,11:10:25.672,33.8600,100
40225689736768,11:10:25.689,33.8600,100
40271739876541,11:11:11.739,33.8100,400
40271739876541,11:11:11.739,33.8100,100
40271739920567,11:11:11.739,33.8100,100
40271740687052,11:11:11.740,33.8100,100
40286160899169,11:11:26.160,33.8100,100
40286160899169,11:11:26.160,33.8100,100
40286160899169,11:11:26.160,33.8100,100
40286160899169,11:11:26.160,33.8100,100
40286160899169,11:11:26.160,33.8100,100
40297464727149,11:11:37.464,33.8000,100
40297464727149,11:11:37.464,33.8000,63
40297464778343,11:11:37.464,33.8000,37
40310145403980,11:11:50.145,33.8000,100
40310145403980,11:11:50.145,33.8000,200
40314297722760,11:11:54.297,33.8100,100
40319432524514,11:11:59.432,33.8200,100
40356315195630,11:12:36.315,33.8400,17
40356315195630,11:12:36.315,33.8400,100
40391164712037,11:13:11.164,33.8500,25
40391164790977,11:13:11.164,33.8500,75
40423522246967,11:13:43.522,33.8500,100
40423522278315,11:13:43.522,33.8500,100
40473877701645,11:14:33.877,33.8650,100
40487788969667,11:14:47.788,33.8700,15
40531353391394,11:15:31.353,33.8650,100
40531353391394,11:15:31.353,33.8600,100
40531353391394,11:15:31.353,33.8600,100
40531353391394,11:15:31.353,33.8600,100
40531353391394,11:15:31.353,33.8600,200
40531353391394,11:15:31.353,33.8600,12
40531353421899,11:15:31.353,33.8600,88
40531353421899,11:15:31.353,33.8600,12
40531504092850,11:15:31.504,33.8500,100
40543387611936,11:15:43.387,33.8600,100
40552540515070,11:15:52.540,33.8600,28
40558536737299,11:15:58.536,33.8600,10
40565064860116,11:16:05.064,33.8700,16
40583922941356,11:16:23.922,33.8800,100
40583923818419,11:16:23.923,33.8800,100
40633305029267,11:17:13.305,33.8900,100
40633305029267,11:17:13.305,33.8900,100
40643617043459,11:17:23.617,33.8850,100
40643617043459,11:17:23.617,33.8800,28
40643617052728,11:17:23.617,33.8800,72
40643617067938,11:17:23.617,33.8800,72
40643617068545,11:17:23.617,33.8800,28
40643632758355,11:17:23.632,33.8700,100
40643632794715,11:17:23.632,33.8700,52
40643633473858,11:17:23.633,33.8700,52
40643633477951,11:17:23.633,33.8700,192
40643633545983,11:17:23.633,33.8700,4
40643633545983,11:17:23.633,33.8700,48
40643633610210,11:17:23.633,33.8700,52
40680576354571,11:18:00.576,33.8950,100
40680576354571,11:18:00.576,33.8900,100
40714135073478,11:18:34.135,33.9000,163
40714135102565,11:18:34.135,33.9000,121
40714135152853,11:18:34.135,33.9000,116
40714135152853,11:18:34.135,33.9000,5
40714135281572,11:18:34.135,33.9000,12
40726935443505,11:18:46.935,33.9050,100
40726935467140,11:18:46.935,33.9000,100
40764110447994,11:19:24.110,33.8900,100
40790656268938,11:19:50.656,33.8700,100
40855732754111,11:20:55.732,33.8700,200
40855732754111,11:20:55.732,33.8700,100
40855732754111,11:20:55.732,33.8700,100
40855732869227,11:20:55.732,33.8700,100
40855732881320,11:20:55.732,33.8700,100
40864075891737,11:21:04.075,33.8800,16
40864075891737,11:21:04.075,33.8800,200
40884726128645,11:21:24.726,33.8850,100
40884726128645,11:21:24.726,33.8800,100
40884726154539,11:21:24.726,33.8800,100
40909527017692,11:21:49.527,33.8600,87
40909527043011,11:21:49.527,33.8600,13
40909527043011,11:21:49.527,33.8600,100
40913109226132,11:21:53.109,33.8600,100
40930122192795,11:22:10.122,33.8500,100
40930122192795,11:22:10.122,33.8500,100
40931489191317,11:22:11.489,33.8600,10
40944168457646,11:22:24.168,33.8600,100
40944168457646,11:22:24.168,33.8600,92
40944168866424,11:22:24.168,33.8600,8
40958769002922,11:22:38.769,33.8600,100
40986394864757,11:23:06.394,33.8600,16
40986394864757,11:23:06.394,33.8600,100
40986491969498,11:23:06.491,33.8600,62
40995591435121,11:23:15.591,33.8600,100
40995591438330,11:23:15.591,33.8600,100
41000256647584,11:23:20.256,33.8600,100
41006768450498,11:23:26.768,33.8600,100
41007015457649,11:23:27.015,33.8600,100
41018962895067,11:23:38.962,33.8700,100
41040987008044,11:24:00.987,33.8850,100
41040987016483,11:24:00.987,33.8800,100
41060062054371,11:24:20.062,33.8900,18
41060062054371,11:24:20.062,33.8900,82
41117761163221,11:25:17.761,33.8900,100
41117761194667,11:25:17.761,33.8900,100
41148472431144,11:25:48.472,33.8900,2
41148472431144,11:25:48.472,33.8900,54
41148472502457,11:25:48.472,33.8900,46
41153320079706,11:25:53.320,33.8800,100
41191102038287,11:26:31.102,33.8700,100
41217226772928,11:26:57.226,33.8700,100
41217226772928,11:26:57.226,33.8700,35
41217226772928,11:26:57.226,33.8700,100
41276285950225,11:27:56.285,33.8600,100
41276285950225,11:27:56.285,33.8600,100
41276285950225,11:27:56.285,33.8600,100
41276285950225,11:27:56.285,33.8600,100
41276285950225,11:27:56.285,33.8600,100
41276286776554,11:27:56.286,33.8600,400
41276286776554,11:27:56.286,33.8600,100
41276327928856,11:27:56.327,33.8700,400
41284347480129,11:28:04.347,33.8800,14
41297312600063,11:28:17.312,33.8850,100
41297312618823,11:28:17.312,33.8800,100
41297312921682,11:28:17.312,33.8800,100
41330445583443,11:28:50.445,33.8950,100
41331038922442,11:28:51.038,33.8900,100
41365781387802,11:29:25.781,33.8800,100
41384571900132,11:29:44.571,33.8800,100
41419785647908,11:30:19.785,33.8850,100
41420203214848,11:30:20.203,33.8800,92
41420203214848,11:30:20.203,33.8800,2
41420203232854,11:30:20.203,33.8800,98
41444565697569,11:30:44.565,33.8700,100
41444565790049,11:30:44.565,33.8700,30
41444671646547,11:30:44.671,33.8700,100
41444671646547,11:30:44.671,33.8700,100
41470952742013,11:31:10.952,33.8600,100
41470952742013,11:31:10.952,33.8600,100
41471691691543,11:31:11.691,33.8500,100
41471691691543,11:31:11.691,33.8500,10
41486534845259,11:31:26.534,33.8400,15
41486534845259,11:31:26.534,33.8400,100
41515067965192,11:31:55.067,33.8600,100
41523682853605,11:32:03.682,33.8700,13
41530076804948,11:32:10.076,33.8700,100
41530223761213,11:32:10.223,33.8700,100
41532129653043,11:32:12.129,33.8700,100
41532481615414,11:32:12.481,33.8700,100
41538332089048,11:32:18.332,33.8700,100
41546042255020,11:32:26.042,33.8700,100
41624542336291,11:33:44.542,33.8800,44
41654373550448,11:34:14.373,33.8800,135
41654373582478,11:34:14.373,33.8800,65
41654373582478,11:34:14.373,33.8800,13
41654373602385,11:34:14.373,33.8800,200
41663211258461,11:34:23.211,33.8900,100
41728988816195,11:35:28.988,33.9100,100
41761103724418,11:36:01.103,33.9200,100
41761104929511,11:36:01.104,33.9200,100
41761104929511,11:36:01.104,33.9200,100
41761105435892,11:36:01.105,33.9200,100
41761105435892,11:36:01.105,33.9200,100
41761105724560,11:36:01.105,33.9200,100
41761105724560,11:36:01.105,33.9200,300
41761105771733,11:36:01.105,33.9200,100
41761105877878,11:36:01.105,33.9200,200
41761105985271,11:36:01.105,33.9200,100
41761342384088,11:36:01.342,33.9200,100
41761342442656,11:36:01.342,33.9200,100
41761645742915,11:36:01.645,33.9200,200
41772131198191,11:36:12.131,33.9200,100
41772131198191,11:36:12.131,33.9200,100
41778355979710,11:36:18.355,33.9200,14
41778355979710,11:36:18.355,33.9200,86
41787925189144,11:36:27.925,33.9150,146
41787925190008,11:36:27.925,33.9150,146
41787925210331,11:36:27.925,33.9100,7
41787925229497,11:36:27.925,33.9150,8
41787925229497,11:36:27.925,33.9100,39
41787925229497,11:36:27.925,33.9100,92
41787925281574,11:36:27.925,33.9100,8
41787941274724,11:36:27.941,33.9000,100
41787941274724,11:36:27.941,33.9000,100
41787941274724,11:36:27.941,33.9000,100
41787983834372,11:36:27.983,33.9000,100
41788014295594,11:36:28.014,33.9000,100
41789906358502,11:36:29.906,33.9000,100
41847280828565,11:37:27.280,33.9100,200
41847280828565,11:37:27.280,33.9100,100
41847280828565,11:37:27.280,33.9100,100
41883332914003,11:38:03.332,33.9100,17
41886515162407,11:38:06.515,33.9150,100
41897338374856,11:38:17.338,33.9100,83
41897338374856,11:38:17.338,33.9100,75
41897338387687,11:38:17.338,33.9100,6
41930474034830,11:38:50.474,33.9000,7
41930474061317,11:38:50.474,33.9000,193
41930474061317,11:38:50.474,33.9000,100
41933617719783,11:38:53.617,33.8900,100
41933617719783,11:38:53.617,33.8900,100
41933617719783,11:38:53.617,33.8900,100
41933617719783,11:38:53.617,33.8900,10
41948645249330,11:39:08.645,33.8700,100
41948645449597,11:39:08.645,33.8700,100
41948645449597,11:39:08.645,33.8700,100
41966917452558,11:39:26.917,33.8700,15
41966917452558,11:39:26.917,33.8700,100
41966917452558,11:39:26.917,33.8700,200
41966962730759,11:39:26.962,33.8700,100
41966962730759,11:39:26.962,33.8700,100
41966962730759,11:39:26.962,33.8700,100
42004900030366,11:40:04.900,33.8700,150
42004900055523,11:40:04.900,33.8700,250
42004900055523,11:40:04.900,33.8700,12
42075576382996,11:41:15.576,33.8700,30
42121851817655,11:42:01.851,33.8700,66
42131250863734,11:42:11.250,33.8700,13
42177268837062,11:42:57.268,33.8800,100
42196069445457,11:43:16.069,33.9000,100
42240793732869,11:44:00.793,33.9150,100
42240793732869,11:44:00.793,33.9100,100
42240793732869,11:44:00.793,33.9100,100
42240793792431,11:44:00.793,33.9100,100
42260896760058,11:44:20.896,33.9100,15
42266702213117,11:44:26.702,33.9200,100
42266702239987,11:44:26.702,33.9200,52
42266702276091,11:44:26.702,33.9200,100
42276534837507,11:44:36.534,33.9200,100
42276535885471,11:44:36.535,33.9200,100
42276535926934,11:44:36.535,33.9200,15
42276535926934,11:44:36.535,33.9200,100
42306849009611,11:45:06.849,33.9150,200
42324406414695,11:45:24.406,33.9200,200
42324407380487,11:45:24.407,33.9200,93
42324407434788,11:45:24.407,33.9200,107
42324407485109,11:45:24.407,33.9200,300
42324407646662,11:45:24.407,33.9200,300
42324409517976,11:45:24.409,33.9200,100
42324409564878,11:45:24.409,33.9200,100
42324409607089,11:45:24.409,33.9200,100
42324420982804,11:45:24.420,33.9200,20
42324460661114,11:45:24.460,33.9200,100
42324460716229,11:45:24.460,33.9200,100
42324460716229,11:45:24.460,33.9200,100
42324460759028,11:45:24.460,33.9200,100
42324461701797,11:45:24.461,33.9200,100
42324461701797,11:45:24.461,33.9200,100
42324461831203,11:45:24.461,33.9200,200
42330002581029,11:45:30.002,33.9200,27
42331106644255,11:45:31.106,33.9300,43
42331106668939,11:45:31.106,33.9300,57
42331786566140,11:45:31.786,33.9300,42
42331789571797,11:45:31.789,33.9300,100
42331809762596,11:45:31.809,33.9300,100
42332013656261,11:45:32.013,33.9300,100
42332013656261,11:45:32.013,33.9300,36
42340038567728,11:45:40.038,33.9400,33
42346356741273,11:45:46.356,33.9400,40
42371350521609,11:46:11.350,33.9400,15
42389718065892,11:46:29.718,33.9550,100
42469109104484,11:47:49.109,33.9600,100
42499284352659,11:48:19.284,33.9800,17
42499284352659,11:48:19.284,33.9800,100
42499284352659,11:48:19.284,33.9800,83
42499385305297,11:48:19.385,33.9900,100
42499385305297,11:48:19.385,33.9900,200
42501353432026,11:48:21.353,34.0000,2
42516485941812,11:48:36.485,34.0100,100
42548161530987,11:49:08.161,34.0250,300
42602795343525,11:50:02.795,34.0250,300
42602795343525,11:50:02.795,34.0200,300
42602795343525,11:50:02.795,34.0200,100
42602795370548,11:50:02.795,34.0200,300
42611730315351,11:50:11.730,34.0150,100
42612925888670,11:50:12.925,34.0100,100
42612925914848,11:50:12.925,34.0100,100
42612925914848,11:50:12.925,34.0100,100
42612935640650,11:50:12.935,34.0000,100
42612935640650,11:50:12.935,34.0000,100
42612935721129,11:50:12.935,34.0000,100
42631440844758,11:50:31.440,33.9850,100
42665761167982,11:51:05.761,33.9750,600
42665761197588,11:51:05.761,33.9750,100
42665796970613,11:51:05.796,33.9750,100
42671354829122,11:51:11.354,33.9800,17
42671354926866,11:51:11.354,33.9800,100
42671354926866,11:51:11.354,33.9800,100
42671354926866,11:51:11.354,33.9800,100
42671354926866,11:51:11.354,33.9800,100
42674096047044,11:51:14.096,33.9700,100
42687506774623,11:51:27.506,33.9600,100
42687506774623,11:51:27.506,33.9600,10
42691515220935,11:51:31.515,33.9500,100
42691515220935,11:51:31.515,33.9500,100
42710829804913,11:51:50.829,33.9200,100
42735060938094,11:52:15.060,33.9100,100
42770349894083,11:52:50.349,33.9100,100
42770349894083,11:52:50.349,33.9100,100
42770349894083,11:52:50.349,33.9100,179
42787783411320,11:53:07.783,33.9200,100
42787783411320,11:53:07.783,33.9200,59
42836375336433,11:53:56.375,33.9200,100
42858886474601,11:54:18.886,33.9100,14
42858886474601,11:54:18.886,33.9100,100
42869612908640,11:54:29.612,33.9100,100
42869612908640,11:54:29.612,33.9100,100
42902657484045,11:55:02.657,33.9200,100
42902657484045,11:55:02.657,33.9200,100
42902657484045,11:55:02.657,33.9200,100
42902657484045,11:55:02.657,33.9200,200
42953269054941,11:55:53.269,33.9150,100
42953269054941,11:55:53.269,33.9100,100
42953269054941,11:55:53.269,33.9100,100
42961511441434,11:56:01.511,33.9100,100
42994808559706,11:56:34.808,33.8900,100
43028686795408,11:57:08.686,33.8900,100
43028686795408,11:57:08.686,33.8900,11
43029875440463,11:57:09.875,33.8900,100
43060181853615,11:57:40.181,33.9000,100
43111046126814,11:58:31.046,33.9100,200
43111046126814,11:58:31.046,33.9100,10
43111046126814,11:58:31.046,33.9100,5
43135831046376,11:58:55.831,33.9150,100
43135831242047,11:58:55.831,33.9100,100
43135831497847,11:58:55.831,33.9100,100
43135831497847,11:58:55.831,33.9100,100
43135831655472,11:58:55.831,33.9100,100
43161793136476,11:59:21.793,33.9000,10
43161793136476,11:59:21.793,33.9000,64
43197068624118,11:59:57.068,33.9000,100
43205553852228,12:00:05.553,33.9200,8
43205553852228,12:00:05.553,33.9200,92
43205553879313,12:00:05.553,33.9200,8
43245820744289,12:00:45.820,33.9000,12
43245822050524,12:00:45.822,33.9000,1
43246666585014,12:00:46.666,33.8900,100
43302306504528,12:01:42.306,33.9000,100
43321363277588,12:02:01.363,33.9100,192
43321363302458,12:02:01.363,33.9100,8
43331355987873,12:02:11.355,33.9200,10
43331389862152,12:02:11.389,33.9200,100
43331389862152,12:02:11.389,33.9200,100
43339293198569,12:02:19.293,33.9200,100
43339753968204,12:02:19.753,33.9200,100
43339753968204,12:02:19.753,33.9200,100
43339753968204,12:02:19.753,33.9200,100
43356658423647,12:02:36.658,33.9200,35
43356693433368,12:02:36.693,33.9200,100
43356693433368,12:02:36.693,33.9200,400
43356693433368,12:02:36.693,33.9200,200
43356693433368,12:02:36.693,33.9200,100
43356719009476,12:02:36.719,33.9200,100
43371386002714,12:02:51.386,33.9200,100
43371386043270,12:02:51.386,33.9200,100
43371386043270,12:02:51.386,33.9200,100
43373083129315,12:02:53.083,33.9200,100
43375428598585,12:02:55.428,33.9200,100
43402779761436,12:03:22.779,33.9300,200
43406924143333,12:03:26.924,33.9500,80
43406924168441,12:03:26.924,33.9500,120
43410425869038,12:03:30.425,33.9600,16
43410425893981,12:03:30.425,33.9600,184
43410427408843,12:03:30.427,33.9600,100
43410427486134,12:03:30.427,33.9600,100
43410427567074,12:03:30.427,33.9600,100
43448489004321,12:04:08.489,33.9600,100
43452999699168,12:04:12.999,33.9500,4
43452999769818,12:04:12.999,33.9500,4
43453000039500,12:04:13.000,33.9500,4
43453000394471,12:04:13.000,33.9500,4
43518800808694,12:05:18.800,33.9600,100
43520052015551,12:05:20.052,33.9550,100
43562045454527,12:06:02.045,33.9600,100
43605181221584,12:06:45.181,33.9600,100
43605181261187,12:06:45.181,33.9600,12
43605182124115,12:06:45.182,33.9600,100
43605182793715,12:06:45.182,33.9600,100
43605182846854,12:06:45.182,33.9600,200
43605182846854,12:06:45.182,33.9600,300
43605182901148,12:06:45.182,33.9600,100
43605184211310,12:06:45.184,33.9600,100
43605185179659,12:06:45.185,33.9600,100
43605185213961,12:06:45.185,33.9600,88
43605185295237,12:06:45.185,33.9600,100
43668199400357,12:07:48.199,33.9700,100
43672854353970,12:07:52.854,33.9700,100
43673373770980,12:07:53.373,33.9700,100
43695751534629,12:08:15.751,33.9650,100
43695751561442,12:08:15.751,33.9650,100
43695751644158,12:08:15.751,33.9600,100
43695753215455,12:08:15.753,33.9500,100
43695753215455,12:08:15.753,33.9500,100
43695753215455,12:08:15.753,33.9500,100
43695753215455,12:08:15.753,33.9500,10
43695753215455,12:08:15.753,33.9500,90
43695754702275,12:08:15.754,33.9500,10
43695754729833,12:08:15.754,33.9500,90
43695754729833,12:08:15.754,33.9500,100
43695754729833,12:08:15.754,33.9500,100
43695754729833,12:08:15.754,33.9500,100
43695754729833,12:08:15.754,33.9500,200
43695754811579,12:08:15.754,33.9500,100
43695754922303,12:08:15.754,33.9500,100
43695754922303,12:08:15.754,33.9500,100
43695754922303,12:08:15.754,33.9500,100
43695755182761,12:08:15.755,33.9500,100
43695755242540,12:08:15.755,33.9500,100
43728397169000,12:08:48.397,33.9400,10
43728397169000,12:08:48.397,33.9400,90
43728397449334,12:08:48.397,33.9400,100
43728397449334,12:08:48.397,33.9400,100
43728753074655,12:08:48.753,33.9300,200
43744196194851,12:09:04.196,33.9300,100
43744196194851,12:09:04.196,33.9300,14
43744196194851,12:09:04.196,33.9300,100
43744196194851,12:09:04.196,33.9300,100
43744196296803,12:09:04.196,33.9300,100
43744196363232,12:09:04.196,33.9300,100
43744480914565,12:09:04.480,33.9300,100
43744480914565,12:09:04.480,33.9300,100
43793637294796,12:09:53.637,33.9300,100
43806478049379,12:10:06.478,33.9400,11
43839360484978,12:10:39.360,33.9450,100
43860175276978,12:11:00.175,33.9400,3
43860175276978,12:11:00.175,33.9400,17
43884525549049,12:11:24.525,33.9500,80
43884525573821,12:11:24.525,33.9500,120
43886350032118,12:11:26.350,33.9500,9
43929444343571,12:12:09.444,33.9500,100
43929444372164,12:12:09.444,33.9500,9
43951851584812,12:12:31.851,33.9500,11
43974108526417,12:12:54.108,33.9500,100
43974108526417,12:12:54.108,33.9500,100
43974110323526,12:12:54.110,33.9500,200
43974110323526,12:12:54.110,33.9500,100
43974110323526,12:12:54.110,33.9500,400
43974110323526,12:12:54.110,33.9500,100
43974110323526,12:12:54.110,33.9500,100
43974110323526,12:12:54.110,33.9500,100
43974110819877,12:12:54.110,33.9500,100
43974110819877,12:12:54.110,33.9500,100
43974110819877,12:12:54.110,33.9500,100
43974110819877,12:12:54.110,33.9500,100
43980065017931,12:13:00.065,33.9500,10
43997960708485,12:13:17.960,33.9500,200
44056583092185,12:14:16.583,33.9500,1
44056583092185,12:14:16.583,33.9500,19
44056583118942,12:14:16.583,33.9500,81
44056583118942,12:14:16.583,33.9500,8
44056585241974,12:14:16.585,33.9500,100
44056585364225,12:14:16.585,33.9500,100
44056589640782,12:14:16.589,33.9500,20
44165232226594,12:16:05.232,33.9500,80
44165232226594,12:16:05.232,33.9500,100
44165232226594,12:16:05.232,33.9500,9
44165232226594,12:16:05.232,33.9500,100
44172956008296,12:16:12.956,33.9500,100
44199198401901,12:16:39.198,33.9450,100
44199198401901,12:16:39.198,33.9400,100
44199198401901,12:16:39.198,33.9400,10
44199198401901,12:16:39.198,33.9400,100
44199198401901,12:16:39.198,33.9400,100
44199198401901,12:16:39.198,33.9400,2
44199198401901,12:16:39.198,33.9400,1
44199198401901,12:16:39.198,33.9400,100
44199198401901,12:16:39.198,33.9400,100
44199198401901,12:16:39.198,33.9400,187
44214284241288,12:16:54.284,33.9500,3
44215510417253,12:16:55.510,33.9500,1
44266369729862,12:17:46.369,33.9900,10
44266369756688,12:17:46.369,33.9900,90
44282846591725,12:18:02.846,33.9800,100
44282846600779,12:18:02.846,33.9800,3
44318102579593,12:18:38.102,33.9700,100
44318102579593,12:18:38.102,33.9700,100
44321076901855,12:18:41.076,33.9600,28
44340307626415,12:19:00.307,33.9600,14
44340307626415,12:19:00.307,33.9600,100
44349187673474,12:19:09.187,33.9700,20
44349187700237,12:19:09.187,33.9700,180
44362628790319,12:19:22.628,33.9900,2
44362763529690,12:19:22.763,33.9900,98
44388104927913,12:19:48.104,34.0000,200
44388104927913,12:19:48.104,34.0000,100
44388104927913,12:19:48.104,34.0000,164
44419023601928,12:20:19.023,34.0000,1
44422451171768,12:20:22.451,34.0000,1
44426369872524,12:20:26.369,34.0000,1
44426529877894,12:20:26.529,34.0000,93
44426529877894,12:20:26.529,34.0000,7
44426529917205,12:20:26.529,34.0000,9
44426529917205,12:20:26.529,34.0000,155
44429467113388,12:20:29.467,34.0100,2
44433176816058,12:20:33.176,34.0100,98
44466944681350,12:21:06.944,34.0150,100
44466944681350,12:21:06.944,34.0100,101
44466944813002,12:21:06.944,34.0100,99
44467045979198,12:21:07.045,34.0100,9
44482740935331,12:21:22.740,34.0000,100
44482740935331,12:21:22.740,34.0000,100
44482740935331,12:21:22.740,34.0000,100
44482740935331,12:21:22.740,34.0000,10
44482742260020,12:21:22.742,34.0000,100
44482742260020,12:21:22.742,34.0000,100
44482743043245,12:21:22.743,33.9900,100
44482743043245,12:21:22.743,33.9900,100
44482743043245,12:21:22.743,33.9900,100
44482743043245,12:21:22.743,33.9900,100
44482743043245,12:21:22.743,33.9900,90
44482743071949,12:21:22.743,33.9900,10
44502527996698,12:21:42.527,33.9700,48
44502528680843,12:21:42.528,33.9700,1
44503875848410,12:21:43.875,33.9700,51
44537527259930,12:22:17.527,33.9700,100
44537527284802,12:22:17.527,33.9700,6
44557342086610,12:22:37.342,33.9600,100
44576623995155,12:22:56.623,33.9600,100
44576623995155,12:22:56.623,33.9600,100
44576623995155,12:22:56.623,33.9600,100
44576623995155,12:22:56.623,33.9600,200
44639195955310,12:23:59.195,33.9400,100
44639195955310,12:23:59.195,33.9400,2
44683594215563,12:24:43.594,33.9400,5
44683594215563,12:24:43.594,33.9400,100
44683594215563,12:24:43.594,33.9400,10
44689738892969,12:24:49.738,33.9300,15
44689738892969,12:24:49.738,33.9300,100
44732673658418,12:25:32.673,33.9500,33
44738170651763,12:25:38.170,33.9400,200
44785777006296,12:26:25.777,33.9300,100
44806815335982,12:26:46.815,33.9300,100
44806815335982,12:26:46.815,33.9300,100
44806815335982,12:26:46.815,33.9300,100
44852129527850,12:27:32.129,33.9400,5
44852129527850,12:27:32.129,33.9400,95
44856534377251,12:27:36.534,33.9400,5
44883386738495,12:28:03.386,33.9600,200
44883887005448,12:28:03.887,33.9550,100
44889539473617,12:28:09.539,33.9600,6
44905947566111,12:28:25.947,33.9700,100
44950725359176,12:29:10.725,33.9700,100
44950725492922,12:29:10.725,33.9700,100
44987155828853,12:29:47.155,33.9700,100
44987155847236,12:29:47.155,33.9700,100
44990373923604,12:29:50.373,33.9600,100
44990373923604,12:29:50.373,33.9600,10
44990373923604,12:29:50.373,33.9600,100
44990373923604,12:29:50.373,33.9600,100
44999380863308,12:29:59.380,33.9600,100
45101807435428,12:31:41.807,33.9600,5
45101807435428,12:31:41.807,33.9600,100
45101807435428,12:31:41.807,33.9600,100
45142875661660,12:32:22.875,33.9600,100
45142875663593,12:32:22.875,33.9600,36
45150940977689,12:32:30.940,33.9500,100
45167223462577,12:32:47.223,33.9500,100
45215717567266,12:33:35.717,33.9400,100
45217205182966,12:33:37.205,33.9300,100
45220746568946,12:33:40.746,33.9100,200
45220746568946,12:33:40.746,33.9100,200
45220748804267,12:33:40.748,33.9000,100
45220751286765,12:33:40.751,33.9000,100
45220783297153,12:33:40.783,33.9000,100
45220783297153,12:33:40.783,33.9000,200
45220783297153,12:33:40.783,33.9000,100
45220789419719,12:33:40.789,33.9000,100
45220803966374,12:33:40.803,33.9000,100
45220803966374,12:33:40.803,33.9000,100
45220803966374,12:33:40.803,33.9000,100
45220803966374,12:33:40.803,33.9000,100
45220803966374,12:33:40.803,33.9000,200
45220803966374,12:33:40.803,33.9000,100
45220858998387,12:33:40.858,33.9000,100
45221500716541,12:33:41.500,33.9000,100
45221827259874,12:33:41.827,33.9000,100
45221827259874,12:33:41.827,33.9000,200
45224745038457,12:33:44.745,33.9000,22
45241022129813,12:34:01.022,33.9000,100
45241040306750,12:34:01.040,33.9000,100
45243153067761,12:34:03.153,33.9000,100
45243156203259,12:34:03.156,33.9000,100
45243156203259,12:34:03.156,33.9000,200
45243156203259,12:34:03.156,33.9000,100
45243203270680,12:34:03.203,33.9000,78
45243203270680,12:34:03.203,33.9000,22
45244103369280,12:34:04.103,33.9000,100
45244103398783,12:34:04.103,33.9000,2
45245683445762,12:34:05.683,33.9000,100
45246684669146,12:34:06.684,33.9000,100
45247291781158,12:34:07.291,33.9000,100
45249933900401,12:34:09.933,33.9000,100
45253746379705,12:34:13.746,33.9000,100
45311219988756,12:35:11.219,33.9000,32
45311220020492,12:35:11.220,33.9000,68
45311220140070,12:35:11.220,33.9000,100
45311225530924,12:35:11.225,33.9000,100
45311225530924,12:35:11.225,33.9000,100
45311225530924,12:35:11.225,33.9000,200
45311328802021,12:35:11.328,33.9000,100
45311335275155,12:35:11.335,33.9000,100
45316102512316,12:35:16.102,33.9000,26
45316102512316,12:35:16.102,33.9000,100
45316102512316,12:35:16.102,33.9000,100
45316102512316,12:35:16.102,33.9000,100
45316102797955,12:35:16.102,33.9000,100
45316102883748,12:35:16.102,33.9000,100
45316102883748,12:35:16.102,33.9000,100
45316119927702,12:35:16.119,33.9000,100
45319635886362,12:35:19.635,33.9000,100
45319635886362,12:35:19.635,33.9000,100
45333746243360,12:35:33.746,33.9000,100
45366672381358,12:36:06.672,33.9000,60
45374434514340,12:36:14.434,33.8900,100
45374434514340,12:36:14.434,33.8900,1
45374434514340,12:36:14.434,33.8900,100
45374434515332,12:36:14.434,33.8900,132
45374434516829,12:36:14.434,33.8900,68
45374449642559,12:36:14.449,33.8900,100
45374519151492,12:36:14.519,33.8900,12
45377516434109,12:36:17.516,33.8900,100
45488668592779,12:38:08.668,33.9000,100
45488668628377,12:38:08.668,33.9000,100
45488668628377,12:38:08.668,33.9000,100
45488668628377,12:38:08.668,33.9000,1
45488668690064,12:38:08.668,33.9000,1
45488668690064,12:38:08.668,33.9000,40
45488673340172,12:38:08.673,33.9000,100
45488673340172,12:38:08.673,33.9000,100
45488673340172,12:38:08.673,33.9000,100
45488673340172,12:38:08.673,33.9000,2
45578452742468,12:39:38.452,33.9000,5
45599149692695,12:39:59.149,33.9000,9
45599149704903,12:39:59.149,33.9000,86
45599149704903,12:39:59.149,33.9000,14
45599149715551,12:39:59.149,33.9000,86
45599149715551,12:39:59.149,33.9000,64
45599149741539,12:39:59.149,33.9000,36
45599153088682,12:39:59.153,33.9000,47
45599158055450,12:39:59.158,33.9000,153
45599158055450,12:39:59.158,33.9000,73
45599159565935,12:39:59.159,33.9000,27
45599159565935,12:39:59.159,33.9000,73
45599166633141,12:39:59.166,33.9000,27
45600245340795,12:40:00.245,33.9000,100
45600251877700,12:40:00.251,33.9000,100
45600251877700,12:40:00.251,33.9000,100
45600251877700,12:40:00.251,33.9000,100
45600251877700,12:40:00.251,33.9000,100
45600251877700,12:40:00.251,33.9000,100
45600251877700,12:40:00.251,33.9000,100
45600251877700,12:40:00.251,33.9000,100
45611170862648,12:40:11.170,33.9000,10
45611170862648,12:40:11.170,33.9000,100
45611170862648,12:40:11.170,33.9000,100
45611170862648,12:40:11.170,33.9000,100
45611170862648,12:40:11.170,33.9000,100
45611170862648,12:40:11.170,33.9000,100
45611170862648,12:40:11.170,33.9000,100
45611170862648,12:40:11.170,33.9000,100
45611170862648,12:40:11.170,33.9000,100
45611170862648,12:40:11.170,33.9000,100
45618671008260,12:40:18.671,33.8900,100
45618671008260,12:40:18.671,33.8900,100
45618671008260,12:40:18.671,33.8900,200
45618671041545,12:40:18.671,33.8900,100
45618671041545,12:40:18.671,33.8900,10
45618671041545,12:40:18.671,33.8900,100
45618671041545,12:40:18.671,33.8900,3
45618671674787,12:40:18.671,33.8900,11
45618671679161,12:40:18.671,33.8900,89
45633547564507,12:40:33.547,33.8800,300
45640032361828,12:40:40.032,33.8800,100
45667951609577,12:41:07.951,33.8900,28
45667951636616,12:41:07.951,33.8900,68
45679313275131,12:41:19.313,33.8900,100
45706063222615,12:41:46.063,33.8800,200
45706063222615,12:41:46.063,33.8800,100
45708546267352,12:41:48.546,33.8700,100
45708546267352,12:41:48.546,33.8700,100
45708546267352,12:41:48.546,33.8700,211
45708547453679,12:41:48.547,33.8700,60
45708547708164,12:41:48.547,33.8700,21
45708548989109,12:41:48.548,33.8700,8
45714103918684,12:41:54.103,33.8800,100
45714103918684,12:41:54.103,33.8800,200
45714113074559,12:41:54.113,33.8800,180
45714113170400,12:41:54.113,33.8800,100
45729499702351,12:42:09.499,33.8700,100
45729499734574,12:42:09.499,33.8700,2
45729832026783,12:42:09.832,33.8700,100
45729832026783,12:42:09.832,33.8700,100
45771915147805,12:42:51.915,33.8800,100
45803884143914,12:43:23.884,33.9000,100
45803895413598,12:43:23.895,33.9000,100
45803895413598,12:43:23.895,33.9000,200
45803895413598,12:43:23.895,33.9000,100
45803895413598,12:43:23.895,33.9000,100
45803895413598,12:43:23.895,33.9000,100
45806669719543,12:43:26.669,33.9000,100
45806674121626,12:43:26.674,33.9000,100
45806674121626,12:43:26.674,33.9000,100
45812650362529,12:43:32.650,33.9000,300
45812650362529,12:43:32.650,33.9000,100
45812650362529,12:43:32.650,33.9000,100
45812650362529,12:43:32.650,33.9000,100
45821651651916,12:43:41.651,33.9000,10
45843970200681,12:44:03.970,33.8900,100
45874304941063,12:44:34.304,33.8800,100
45883001169632,12:44:43.001,33.8700,10
45909173463360,12:45:09.173,33.8800,200
45909173463360,12:45:09.173,33.8800,200
45909173463360,12:45:09.173,33.8800,3
46044244181755,12:47:24.244,33.8900,86
46044244225612,12:47:24.244,33.8900,14
46044244225612,12:47:24.244,33.8900,3
46047947606245,12:47:27.947,33.9000,100
46070024994745,12:47:50.024,33.8900,100
46070024994745,12:47:50.024,33.8900,200
46070024994745,12:47:50.024,33.8900,200
46070024994745,12:47:50.024,33.8900,100
46085263054079,12:48:05.263,33.8900,2
46171383121615,12:49:31.383,33.8800,100
46171383230583,12:49:31.383,33.8800,100
46171383257152,12:49:31.383,33.8800,100
46171383257152,12:49:31.383,33.8800,100
46190077046878,12:49:50.077,33.8800,100
46195451050437,12:49:55.451,33.8850,100
46213065511766,12:50:13.065,33.8900,4
46213065542930,12:50:13.065,33.8900,96
46213065542930,12:50:13.065,33.8900,1
46221574302976,12:50:21.574,33.9000,20
46221574760567,12:50:21.574,33.9000,20
46221588617894,12:50:21.588,33.9000,100
46221588617894,12:50:21.588,33.9000,100
46222929383763,12:50:22.929,33.9000,56
46227618125259,12:50:27.618,33.9000,100
46227618125259,12:50:27.618,33.9000,100
46227618125259,12:50:27.618,33.9000,100
46227619680284,12:50:27.619,33.9000,100
46227619680284,12:50:27.619,33.9000,100
46227619680284,12:50:27.619,33.9000,100
46227619680284,12:50:27.619,33.9000,100
46227624045377,12:50:27.624,33.9000,400
46227624045377,12:50:27.624,33.9000,100
46255818228041,12:50:55.818,33.9000,100
46261321003631,12:51:01.321,33.9000,100
46261326057472,12:51:01.326,33.9000,100
46261326057472,12:51:01.326,33.9000,100
46261326057472,12:51:01.326,33.9000,100
46261326057472,12:51:01.326,33.9000,100
46261326057472,12:51:01.326,33.9000,100
46261326057472,12:51:01.326,33.9000,100
46261326057472,12:51:01.326,33.9000,100
46261326057472,12:51:01.326,33.9000,100
46264007915578,12:51:04.007,33.9000,20
46306496565429,12:51:46.496,33.8900,100
46306496565429,12:51:46.496,33.8900,100
46306496565429,12:51:46.496,33.8900,19
46306496565429,12:51:46.496,33.8900,100
46309100133658,12:51:49.100,33.8900,10
46407814575416,12:53:27.814,33.8800,100
46407814575416,12:53:27.814,33.8800,1
46407814575416,12:53:27.814,33.8800,100
46407814575416,12:53:27.814,33.8800,100
46423197936334,12:53:43.197,33.8700,100
46423197936334,12:53:43.197,33.8700,100
46423198199504,12:53:43.198,33.8700,100
46497652026095,12:54:57.652,33.8600,10
46497652026095,12:54:57.652,33.8600,2
46497652026095,12:54:57.652,33.8600,100
46497652026095,12:54:57.652,33.8600,100
46497652026095,12:54:57.652,33.8600,100
46497652026095,12:54:57.652,33.8600,100
46498702731762,12:54:58.702,33.8600,100
46525595092160,12:55:25.595,33.8600,100
46525595092160,12:55:25.595,33.8600,85
46525595092160,12:55:25.595,33.8600,24
46525595182583,12:55:25.595,33.8600,76
46528127353085,12:55:28.127,33.8600,100
46532268376362,12:55:32.268,33.8600,100
46532270762325,12:55:32.270,33.8500,100
46532270762325,12:55:32.270,33.8500,100
46532274247195,12:55:32.274,33.8500,100
46532274331039,12:55:32.274,33.8500,100
46532527396013,12:55:32.527,33.8500,100
46534664444273,12:55:34.664,33.8500,200
46535461544762,12:55:35.461,33.8500,100
46541450184456,12:55:41.450,33.8400,100
46541453839459,12:55:41.453,33.8300,1
46541453839459,12:55:41.453,33.8300,299
46580691800117,12:56:20.691,33.8500,100
46584225229800,12:56:24.225,33.8500,100
46612381982956,12:56:52.381,33.8500,4
46612381982956,12:56:52.381,33.8500,2
46612382525254,12:56:52.382,33.8500,98
46612382525254,12:56:52.382,33.8500,100
46616127248662,12:56:56.127,33.8500,100
46624309237990,12:57:04.309,33.8600,200
46638503235374,12:57:18.503,33.8500,400
46638503235374,12:57:18.503,33.8500,100
46695069947862,12:58:15.069,33.8500,1
46708926084202,12:58:28.926,33.8500,100
46708970927006,12:58:28.970,33.8500,100
46708970927006,12:58:28.970,33.8500,100
46710035573289,12:58:30.035,33.8500,100
46710035573289,12:58:30.035,33.8500,100
46778018782346,12:59:38.018,33.8500,53
46778019106493,12:59:38.019,33.8500,47
46824129955362,13:00:24.129,33.8600,2
46824146913728,13:00:24.146,33.8600,100
46826337813835,13:00:26.337,33.8600,3
46840302016506,13:00:40.302,33.8500,100
46844849056348,13:00:44.849,33.8400,200
46844849056348,13:00:44.849,33.8400,100
46844849056348,13:00:44.849,33.8400,100
46859184493874,13:00:59.184,33.8400,200
46859184971347,13:00:59.184,33.8400,100
46859184997767,13:00:59.184,33.8400,100
46866469480122,13:01:06.469,33.8400,100
46866469480122,13:01:06.469,33.8400,10
46919664649257,13:01:59.664,33.8500,100
46919665094035,13:01:59.665,33.8500,68
46919665119774,13:01:59.665,33.8500,32
46929285641815,13:02:09.285,33.8700,30
46936196861090,13:02:16.196,33.8700,2
46996214055819,13:03:16.214,33.8700,65
47051471470389,13:04:11.471,33.8700,35
47051471470389,13:04:11.471,33.8700,2
47116639461197,13:05:16.639,33.8700,10
47146799686921,13:05:46.799,33.8600,100
47146799686921,13:05:46.799,33.8600,72
47182215103579,13:06:22.215,33.8600,100
47194652930779,13:06:34.652,33.8600,100
47194652930779,13:06:34.652,33.8600,100
47194762661078,13:06:34.762,33.8600,100
47203769965461,13:06:43.769,33.8600,2
47204270928742,13:06:44.270,33.8600,100
47261612658537,13:07:41.612,33.8500,10
47261612658537,13:07:41.612,33.8500,90
47261612690963,13:07:41.612,33.8500,10
47344689760987,13:09:04.689,33.8700,100
47344689991438,13:09:04.689,33.8700,100
47389063465498,13:09:49.063,33.8800,1
47411299776336,13:10:11.299,33.8800,92
47422072852130,13:10:22.072,33.8700,90
47422072852130,13:10:22.072,33.8700,10
47422073085399,13:10:22.073,33.8700,7
47422073111225,13:10:22.073,33.8700,283
47422073111225,13:10:22.073,33.8700,100
47422073111225,13:10:22.073,33.8700,4
47470334215058,13:11:10.334,33.8700,58
47470334256742,13:11:10.334,33.8700,100
47470334299061,13:11:10.334,33.8700,42
47470334299061,13:11:10.334,33.8700,100
47486311686167,13:11:26.311,33.8600,100
47486311690729,13:11:26.311,33.8600,100
47541520017997,13:12:21.520,33.8550,100
47591177506644,13:13:11.177,33.8500,2
47591177506644,13:13:11.177,33.8500,100
47591177506644,13:13:11.177,33.8500,100
47591177506644,13:13:11.177,33.8500,84
47591177518494,13:13:11.177,33.8500,16
47591177518494,13:13:11.177,33.8500,100
47591177518494,13:13:11.177,33.8500,33
47591177538629,13:13:11.177,33.8500,67
47591177538629,13:13:11.177,33.8500,94
47591179591290,13:13:11.179,33.8500,100
47691779894659,13:14:51.779,33.8400,100
47691779894659,13:14:51.779,33.8400,1
47691779894659,13:14:51.779,33.8400,100
47705075051181,13:15:05.075,33.8300,90
47705075084995,13:15:05.075,33.8300,10
47705075084995,13:15:05.075,33.8300,10
47705075084995,13:15:05.075,33.8300,100
47705075084995,13:15:05.075,33.8300,70
47705075084995,13:15:05.075,33.8300,100
47759821377190,13:15:59.821,33.8300,100
47803840427085,13:16:43.840,33.8300,5
47803840491794,13:16:43.840,33.8300,12
47881667856906,13:18:01.667,33.8300,9
47888635596595,13:18:08.635,33.8300,91
47888635596595,13:18:08.635,33.8300,200
47888635596595,13:18:08.635,33.8300,100
47888635596595,13:18:08.635,33.8300,100
47903764674178,13:18:23.764,33.8200,100
47992590585229,13:19:52.590,33.8200,95
47992590624701,13:19:52.590,33.8200,100
47992590650932,13:19:52.590,33.8200,5
47992590650932,13:19:52.590,33.8200,95
47992590657257,13:19:52.590,33.8200,5
48015497681834,13:20:15.497,33.8200,3
48024264142966,13:20:24.264,33.8150,100
48024264917826,13:20:24.264,33.8200,300
48045755931890,13:20:45.755,33.8100,100
48045755941050,13:20:45.755,33.8100,100
48045856779205,13:20:45.856,33.8100,149
48045856904698,13:20:45.856,33.8100,151
48045856904698,13:20:45.856,33.8100,100
48045856904698,13:20:45.856,33.8100,20
48045856904698,13:20:45.856,33.8100,12
48045856904698,13:20:45.856,33.8100,1
48045856904698,13:20:45.856,33.8100,100
48057084511853,13:20:57.084,33.8100,92
48059476822384,13:20:59.476,33.8100,100
48059476992981,13:20:59.476,33.8100,100
48063449351765,13:21:03.449,33.8100,100
48070442000058,13:21:10.442,33.8100,100
48074790817784,13:21:14.790,33.8100,10
48102657247762,13:21:42.657,33.8200,100
48102682016825,13:21:42.682,33.8200,100
48102682016825,13:21:42.682,33.8200,100
48102682045410,13:21:42.682,33.8200,1
48102686575308,13:21:42.686,33.8200,99
48143066137743,13:22:23.066,33.8100,100
48143066137743,13:22:23.066,33.8100,1
48143066137743,13:22:23.066,33.8100,79
48143066203174,13:22:23.066,33.8100,21
48143066203174,13:22:23.066,33.8100,79
48143066227742,13:22:23.066,33.8100,21
48143066227742,13:22:23.066,33.8100,79
48143066268044,13:22:23.066,33.8100,21
48176874271828,13:22:56.874,33.8000,10
48176874271828,13:22:56.874,33.8000,50
48176965923113,13:22:56.965,33.8000,50
48180525239905,13:23:00.525,33.7900,5
48180525239905,13:23:00.525,33.7900,95
48181465370685,13:23:01.465,33.7900,100
48195323512427,13:23:15.323,33.7900,100
48250662076787,13:24:10.662,33.7900,100
48250662076787,13:24:10.662,33.7900,100
48250662076787,13:24:10.662,33.7900,100
48250662247273,13:24:10.662,33.7900,100
48250662443440,13:24:10.662,33.7900,100
48250662443440,13:24:10.662,33.7900,100
48250662443440,13:24:10.662,33.7900,200
48250662538546,13:24:10.662,33.7900,62
48270792883811,13:24:30.792,33.7900,100
48285840039709,13:24:45.840,33.7900,100
48285840048000,13:24:45.840,33.7900,100
48285840127444,13:24:45.840,33.7900,100
48305029145860,13:25:05.029,33.7900,60
48305858300876,13:25:05.858,33.7900,40
48318503391458,13:25:18.503,33.8000,300
48318503736654,13:25:18.503,33.8000,1
48318604338633,13:25:18.604,33.8000,32
48337490040108,13:25:37.490,33.8000,68
48337490040108,13:25:37.490,33.8000,32
48337499963493,13:25:37.499,33.8000,20
48454241227255,13:27:34.241,33.8100,100
48454241231924,13:27:34.241,33.8100,100
48454241262675,13:27:34.241,33.8100,100
48454241262675,13:27:34.241,33.8100,19
48454241303082,13:27:34.241,33.8100,81
48477164121401,13:27:57.164,33.8100,2
48488538668135,13:28:08.538,33.8100,192
48488539247782,13:28:08.539,33.8100,8
48488539247782,13:28:08.539,33.8100,93
48488544367291,13:28:08.544,33.8100,7
48488544367291,13:28:08.544,33.8100,2
48488545565487,13:28:08.545,33.8100,100
48488608924504,13:28:08.608,33.8000,100
48488876034660,13:28:08.876,33.8000,36
48499272254948,13:28:19.272,33.8000,100
48676290300284,13:31:16.290,33.8300,100
48676290300284,13:31:16.290,33.8300,2
48676290300284,13:31:16.290,33.8300,100
48694251682100,13:31:34.251,33.8200,100
48694251682100,13:31:34.251,33.8200,100
48694251682100,13:31:34.251,33.8200,100
48790280956051,13:33:10.280,33.8300,100
48791063114013,13:33:11.063,33.8300,12
48791135303873,13:33:11.135,33.8200,100
48791144089540,13:33:11.144,33.8200,3
48791460748592,13:33:11.460,33.8100,80
48791461334042,13:33:11.461,33.8100,20
48791461334042,13:33:11.461,33.8100,80
48791465074892,13:33:11.465,33.8100,300
48791469959310,13:33:11.469,33.8100,300
48791469959310,13:33:11.469,33.8100,100
48791469959310,13:33:11.469,33.8100,200
48791472769574,13:33:11.472,33.8100,100
48791472769574,13:33:11.472,33.8100,100
48791473048480,13:33:11.473,33.8100,200
48792373388281,13:33:12.373,33.8200,84
48792373489979,13:33:12.373,33.8200,16
48792373489979,13:33:12.373,33.8200,68
48801796287635,13:33:21.796,33.8100,100
48801796287635,13:33:21.796,33.8100,100
48801796287635,13:33:21.796,33.8100,100
48801797788653,13:33:21.797,33.8100,100
48801944331771,13:33:21.944,33.8000,100
48801944361630,13:33:21.944,33.8000,10
48801944361630,13:33:21.944,33.8000,66
48801944395327,13:33:21.944,33.8000,100
48801944401977,13:33:21.944,33.8000,16
48801947872476,13:33:21.947,33.8000,100
48801951035102,13:33:21.951,33.8000,18
48801951035102,13:33:21.951,33.8000,100
48801961583306,13:33:21.961,33.8000,100
48801961888971,13:33:21.961,33.8000,100
48801961962882,13:33:21.961,33.8000,100
48801962057190,13:33:21.962,33.8000,100
48801962057190,13:33:21.962,33.8000,400
48801962057190,13:33:21.962,33.8000,82
48801962483056,13:33:21.962,33.8000,118
48801962483056,13:33:21.962,33.8000,182
48801962817082,13:33:21.962,33.8000,18
48801962817082,13:33:21.962,33.8000,100
48801962817082,13:33:21.962,33.8000,100
48801962817082,13:33:21.962,33.8000,200
48801962817082,13:33:21.962,33.8000,182
48808917758753,13:33:28.917,33.8000,100
48809453708533,13:33:29.453,33.8000,100
48809455494895,13:33:29.455,33.8000,200
48809455494895,13:33:29.455,33.8000,100
48809455494895,13:33:29.455,33.8000,100
48809455494895,13:33:29.455,33.8000,100
48809455494895,13:33:29.455,33.8000,100
48809455494895,13:33:29.455,33.8000,100
48809455494895,13:33:29.455,33.8000,100
48821390347928,13:33:41.390,33.8000,100
48821890019071,13:33:41.890,33.8000,100
48822383120779,13:33:42.383,33.8000,6
48831852739207,13:33:51.852,33.8000,100
48867934709890,13:34:27.934,33.8000,100
48947069852764,13:35:47.069,33.7900,8
49049876868376,13:37:29.876,33.7900,10
49049876868376,13:37:29.876,33.7900,90
49067198799916,13:37:47.198,33.7900,10
49067202607586,13:37:47.202,33.7900,100
49067212703619,13:37:47.212,33.7900,100
49067465946580,13:37:47.465,33.7900,100
49141325517959,13:39:01.325,33.7800,100
49141325517959,13:39:01.325,33.7800,42
49141325543485,13:39:01.325,33.7800,28
49141325577448,13:39:01.325,33.7800,6
49141325582714,13:39:01.325,33.7800,24
49141325582714,13:39:01.325,33.7800,76
49141325585227,13:39:01.325,33.7800,11
49155882511550,13:39:15.882,33.7800,100
49155882539946,13:39:15.882,33.7800,200
49156266462150,13:39:16.266,33.7800,100
49167477847406,13:39:27.477,33.7800,48
49167477847406,13:39:27.477,33.7800,52
49214683745260,13:40:14.683,33.7700,300
49214683745260,13:40:14.683,33.7700,24
49214683745260,13:40:14.683,33.7700,13
49214683745260,13:40:14.683,33.7700,10
49228227793550,13:40:28.227,33.7600,1
49228228025504,13:40:28.228,33.7600,299
49230616223862,13:40:30.616,33.7600,200
49237890175973,13:40:37.890,33.7600,100
49237890232832,13:40:37.890,33.7600,300
49237890232832,13:40:37.890,33.7600,100
49304548794547,13:41:44.548,33.7600,100
49304549422747,13:41:44.549,33.7600,80
49304550416600,13:41:44.550,33.7600,20
49304550416600,13:41:44.550,33.7600,80
49372044200384,13:42:52.044,33.7500,100
49372044200384,13:42:52.044,33.7500,100
49398154196228,13:43:18.154,33.7600,100
49398154196228,13:43:18.154,33.7600,100
49398154905002,13:43:18.154,33.7600,100
49398154905002,13:43:18.154,33.7600,100
49398271911602,13:43:18.271,33.7600,5
49407372550599,13:43:27.372,33.7600,20
49455230426483,13:44:15.230,33.7500,10
49455230627004,13:44:15.230,33.7500,90
49455230627004,13:44:15.230,33.7500,100
49455230627004,13:44:15.230,33.7500,22
49460162506230,13:44:20.162,33.7400,2
49460162565431,13:44:20.162,33.7400,98
49460162565431,13:44:20.162,33.7400,300
49460162565431,13:44:20.162,33.7400,47
49460162797868,13:44:20.162,33.7400,53
49460162797868,13:44:20.162,33.7400,95
49460162986204,13:44:20.162,33.7400,5
49460165405654,13:44:20.165,33.7400,9
49487131037153,13:44:47.131,33.7500,100
49498243841899,13:44:58.243,33.7600,100
49498243845394,13:44:58.243,33.7600,100
49499593111057,13:44:59.593,33.7600,82
49503752615638,13:45:03.752,33.7500,100
49503753067398,13:45:03.753,33.7500,100
49505814095497,13:45:05.814,33.7500,400
49505814098032,13:45:05.814,33.7500,44
49513876903442,13:45:13.876,33.7500,120
49540318162085,13:45:40.318,33.7600,2
49545670979414,13:45:45.670,33.7500,100
49632074006005,13:47:12.074,33.7500,29
49719188427433,13:48:39.188,33.7500,77
49809550745958,13:50:09.550,33.7600,2
49809609021236,13:50:09.609,33.7500,100
49809609045959,13:50:09.609,33.7500,2
49809609127308,13:50:09.609,33.7500,98
49809609127308,13:50:09.609,33.7500,2
49809609831092,13:50:09.609,33.7500,2
49809610597954,13:50:09.610,33.7500,11
49810833912204,13:50:10.833,33.7500,100
49874453222674,13:51:14.453,33.7500,100
50043941286587,13:54:03.941,33.7500,17
50046698481520,13:54:06.698,33.7400,100
50046698481520,13:54:06.698,33.7400,100
50046698481520,13:54:06.698,33.7400,200
50046698481520,13:54:06.698,33.7400,10
50046698481520,13:54:06.698,33.7400,23
50057642241023,13:54:17.642,33.7500,100
50057652425888,13:54:17.652,33.7500,400
50057652425888,13:54:17.652,33.7500,100
50057652425888,13:54:17.652,33.7500,100
50066550748821,13:54:26.550,33.7500,15
50066550748821,13:54:26.550,33.7500,85
50066552307054,13:54:26.552,33.7500,15
50066552307054,13:54:26.552,33.7500,100
50076018679121,13:54:36.018,33.7400,100
50076018679121,13:54:36.018,33.7400,100
50076019977119,13:54:36.019,33.7300,100
50076019977119,13:54:36.019,33.7300,10
50076019977119,13:54:36.019,33.7300,100
50076019977119,13:54:36.019,33.7300,100
50076019977119,13:54:36.019,33.7300,200
50093544657565,13:54:53.544,33.7500,63
50147571266008,13:55:47.571,33.7400,100
50153899232446,13:55:53.899,33.7400,100
50155003136572,13:55:55.003,33.7300,100
50155117029194,13:55:55.117,33.7300,100
50160977018960,13:56:00.977,33.7300,29
50160977107630,13:56:00.977,33.7300,51
50160977122770,13:56:00.977,33.7300,27
50160977152180,13:56:00.977,33.7300,93
50204619406075,13:56:44.619,33.7400,180
50204619434105,13:56:44.619,33.7400,20
50225542120385,13:57:05.542,33.7600,10
50242081698783,13:57:22.081,33.7650,33
50253190597765,13:57:33.190,33.7700,400
50253190597765,13:57:33.190,33.7700,100
50253190597765,13:57:33.190,33.7700,100
50253202767621,13:57:33.202,33.7700,100
50290305111825,13:58:10.305,33.7600,100
50290307325635,13:58:10.307,33.7600,23
50290307325635,13:58:10.307,33.7600,77
50290308774926,13:58:10.308,33.7600,23
50290308774926,13:58:10.308,33.7600,100
50331672137566,13:58:51.672,33.7600,100
50331678052067,13:58:51.678,33.7500,1
50364072107448,13:59:24.072,33.7700,180
50364072116962,13:59:24.072,33.7700,20
50364072311702,13:59:24.072,33.7700,2
50364898563173,13:59:24.898,33.7700,4
50364902490660,13:59:24.902,33.7700,1
50381331039055,13:59:41.331,33.7600,100
50381331039055,13:59:41.331,33.7600,100
50402687075551,14:00:02.687,33.7500,100
50402687075551,14:00:02.687,33.7500,100
50402690304693,14:00:02.690,33.7400,10
50402690304693,14:00:02.690,33.7400,100
50402690304693,14:00:02.690,33.7300,10
50402690304693,14:00:02.690,33.7300,438
50402693389691,14:00:02.693,33.7300,85
50402693457814,14:00:02.693,33.7300,84
50402695737032,14:00:02.695,33.7300,93
50402699796917,14:00:02.699,33.7200,20
50402700761586,14:00:02.700,33.7300,100
50402701528507,14:00:02.701,33.7300,100
50402701933706,14:00:02.701,33.7400,200
50402701933706,14:00:02.701,33.7600,100
50402701933706,14:00:02.701,33.7600,100
50402701933706,14:00:02.701,33.7600,200
50402701953637,14:00:02.701,33.7700,9
50402702376899,14:00:02.702,33.7700,9
50402702733424,14:00:02.702,33.7700,177
50402703028772,14:00:02.703,33.7500,1
50402703953109,14:00:02.703,33.7500,99
50402704158012,14:00:02.704,33.7400,1
50402705383316,14:00:02.705,33.7600,100
50402705539792,14:00:02.705,33.7500,1
50402705696696,14:00:02.705,33.7500,99
50402705888884,14:00:02.705,33.7400,20
50402706968354,14:00:02.706,33.7400,79
50402707231204,14:00:02.707,33.7350,21
50402707914441,14:00:02.707,33.7700,100
50402710486353,14:00:02.710,33.7700,100
50402712390396,14:00:02.712,33.7600,100
50402719799837,14:00:02.719,33.7500,100
50402731898852,14:00:02.731,33.7500,100
50402742339597,14:00:02.742,33.7400,100
50402758520258,14:00:02.758,33.7600,61
50402758724976,14:00:02.758,33.7600,25
50402828291830,14:00:02.828,33.7700,100
50402828654562,14:00:02.828,33.7800,100
50402833118371,14:00:02.833,33.7800,100
50402833324925,14:00:02.833,33.7800,200
50402834069746,14:00:02.834,33.7600,100
50403107790382,14:00:03.107,33.7800,100
50403199067414,14:00:03.199,33.7800,34
50403199067414,14:00:03.199,33.7800,100
50403200955341,14:00:03.200,33.7900,100
50403201277550,14:00:03.201,33.7800,100
50403906270781,14:00:03.906,33.7700,100
50404089652349,14:00:04.089,33.7900,1
50406727244989,14:00:06.727,33.8000,100
50406753031155,14:00:06.753,33.8000,79
50406753072575,14:00:06.753,33.8000,21
50406754822341,14:00:06.754,33.8000,100
50408993143085,14:00:08.993,33.8400,100
50409075456655,14:00:09.075,33.8400,100
50409075476728,14:00:09.075,33.8400,100
50409077545931,14:00:09.077,33.8400,100
50409084934448,14:00:09.084,33.8400,100
50409087454868,14:00:09.087,33.8400,100
50409185216459,14:00:09.185,33.8400,100
50409185216459,14:00:09.185,33.8400,100
50409185863192,14:00:09.185,33.8400,100
50409185941221,14:00:09.185,33.8400,100
50409263866541,14:00:09.263,33.8300,100
50409263866541,14:00:09.263,33.8300,100
50409370608677,14:00:09.370,33.8400,100
50409622234854,14:00:09.622,33.8300,10
50409684738523,14:00:09.684,33.8300,90
50409684738523,14:00:09.684,33.8400,10
50409684802938,14:00:09.684,33.8400,90
50409708989543,14:00:09.708,33.8300,100
50409708989543,14:00:09.708,33.8300,100
50409709295947,14:00:09.709,33.8200,100
50409759500373,14:00:09.759,33.8300,100
50409962267961,14:00:09.962,33.8300,69
50409962267961,14:00:09.962,33.8300,100
50409962267961,14:00:09.962,33.8300,100
50409964262845,14:00:09.964,33.8300,100
50409964262845,14:00:09.964,33.8300,100
50409964262845,14:00:09.964,33.8300,100
50409965309944,14:00:09.965,33.8300,100
50409965309944,14:00:09.965,33.8300,100
50409965309944,14:00:09.965,33.8300,100
50409967414601,14:00:09.967,33.8300,100
50410929139049,14:00:10.929,33.8200,100
50410929139049,14:00:10.929,33.8200,100
50410929477735,14:00:10.929,33.8200,100
50410929482697,14:00:10.929,33.8200,100
50410929499640,14:00:10.929,33.8200,100
50410929672367,14:00:10.929,33.8200,100
50410929818486,14:00:10.929,33.8200,100
50410929818486,14:00:10.929,33.8200,57
50410929847844,14:00:10.929,33.8200,43
50410930026866,14:00:10.930,33.8200,100
50410930029350,14:00:10.930,33.8200,100
50410930084073,14:00:10.930,33.8200,100
50410930141202,14:00:10.930,33.8200,100
50410932072653,14:00:10.932,33.8200,100
50410932213182,14:00:10.932,33.8200,100
50410932469089,14:00:10.932,33.8100,131
50410934706059,14:00:10.934,33.8100,100
50410934706059,14:00:10.934,33.8200,100
50410935100520,14:00:10.935,33.8200,5
50410935127208,14:00:10.935,33.8200,95
50410935127208,14:00:10.935,33.8200,95
50410935220775,14:00:10.935,33.8200,5
50410935478642,14:00:10.935,33.8300,100
50410938511930,14:00:10.938,33.8300,100
50410975877605,14:00:10.975,33.8300,100
50411055228199,14:00:11.055,33.8200,100
50411055228199,14:00:11.055,33.8200,100
50411110955084,14:00:11.110,33.8100,31
50411212977505,14:00:11.212,33.8100,69
50411212977505,14:00:11.212,33.8100,31
50411213008292,14:00:11.213,33.8100,56
50411215820974,14:00:11.215,33.8100,13
50411801278404,14:00:11.801,33.8100,100
50411942222604,14:00:11.942,33.8100,100
50411946371864,14:00:11.946,33.8100,100
50413008730576,14:00:13.008,33.8100,131
50413026173115,14:00:13.026,33.8200,100
50413087576356,14:00:13.087,33.8600,100
50413100824677,14:00:13.100,33.8600,100
50413168936524,14:00:13.168,33.8700,100
50413169435230,14:00:13.169,33.8700,100
50413169435230,14:00:13.169,33.8700,100
50413216054556,14:00:13.216,33.8700,100
50413257309006,14:00:13.257,33.8400,100
50413257309006,14:00:13.257,33.8400,100
50413280650200,14:00:13.280,33.8400,11
50413291458131,14:00:13.291,33.8300,100
50413299228774,14:00:13.299,33.8300,100
50413300469056,14:00:13.300,33.8400,100
50413424773958,14:00:13.424,33.8100,100
50413506671308,14:00:13.506,33.8100,100
50413506680535,14:00:13.506,33.8100,100
50413506935849,14:00:13.506,33.8000,10
50413507493780,14:00:13.507,33.8000,69
50413515782795,14:00:13.515,33.8000,100
50413515825140,14:00:13.515,33.8000,31
50413732941544,14:00:13.732,33.8000,100
50414734795757,14:00:14.734,33.7900,10
50414734795757,14:00:14.734,33.7900,100
50414734795757,14:00:14.734,33.7900,100
50414734795757,14:00:14.734,33.7900,290
50414736888348,14:00:14.736,33.7800,10
50414736888348,14:00:14.736,33.7800,25
50414736888348,14:00:14.736,33.7800,65
50415736630968,14:00:15.736,33.7800,35
50415736630968,14:00:15.736,33.7800,100
50415736630968,14:00:15.736,33.7800,100
50415737194275,14:00:15.737,33.7800,100
50415738003847,14:00:15.738,33.7800,100
50415738003847,14:00:15.738,33.7800,100
50415738269764,14:00:15.738,33.7700,10
50415738269764,14:00:15.738,33.7700,80
50415738865086,14:00:15.738,33.7800,200
50415743373297,14:00:15.743,33.7900,130
50416359471562,14:00:16.359,33.8200,200
50417589592696,14:00:17.589,33.7600,4
50417589592696,14:00:17.589,33.7600,1
50417593545757,14:00:17.593,33.7500,100
50417594084024,14:00:17.594,33.7400,100
50417683214044,14:00:17.683,33.7400,100
50417683751811,14:00:17.683,33.7400,100
50417712583936,14:00:17.712,33.7400,200
50417844269723,14:00:17.844,33.7500,300
50418845237956,14:00:18.845,33.7300,100
50418845237956,14:00:18.845,33.7300,300
50418845364573,14:00:18.845,33.7300,5
50418846456629,14:00:18.846,33.7400,100
50418846960181,14:00:18.846,33.7300,95
50418846960181,14:00:18.846,33.7300,100
50418846975898,14:00:18.846,33.7400,100
50419063500290,14:00:19.063,33.7500,200
50419066776206,14:00:19.066,33.7900,100
50419066805873,14:00:19.066,33.7900,100
50419268662929,14:00:19.268,33.7900,100
50419268662929,14:00:19.268,33.7900,100
50419921052789,14:00:19.921,33.7600,95
50419921052789,14:00:19.921,33.7600,100
50419921906147,14:00:19.921,33.7800,100
50420849297551,14:00:20.849,33.7300,100
50421851563260,14:00:21.851,33.7400,300
50421851563260,14:00:21.851,33.7400,130
50423321948543,14:00:23.321,33.7400,100
50423321948543,14:00:23.321,33.7400,100
50423322922696,14:00:23.322,33.7300,100
50423322922696,14:00:23.322,33.7300,300
50423325492138,14:00:23.325,33.7200,100
50423381891177,14:00:23.381,33.7300,100
50423858326358,14:00:23.858,33.7300,100
50423862043293,14:00:23.862,33.7200,300
50423870648180,14:00:23.870,33.7300,100
50424502838217,14:00:24.502,33.7400,400
50424509528162,14:00:24.509,33.7400,100
50424509528162,14:00:24.509,33.7400,100
50424603483001,14:00:24.603,33.7400,29
50424863295199,14:00:24.863,33.7300,100
50425866761693,14:00:25.866,33.7100,100
50425866761693,14:00:25.866,33.7100,300
50428473190387,14:00:28.473,33.7000,300
50428473190387,14:00:28.473,33.7000,129
50428473190387,14:00:28.473,33.7000,100
50429475183832,14:00:29.475,33.7100,200
50429480766356,14:00:29.480,33.7100,100
50430477045487,14:00:30.477,33.6900,300
50430477045487,14:00:30.477,33.6900,100
50430477099618,14:00:30.477,33.7000,100
50430477099618,14:00:30.477,33.7000,100
50430477489051,14:00:30.477,33.7000,100
50430477489051,14:00:30.477,33.7000,200
50430477489051,14:00:30.477,33.7000,100
50430477489051,14:00:30.477,33.7000,100
50430884702672,14:00:30.884,33.7000,100
50434479464729,14:00:34.479,33.7300,200
50434479510575,14:00:34.479,33.7300,100
50434588641219,14:00:34.588,33.7300,100
50436046886394,14:00:36.046,33.7400,100
50438643681177,14:00:38.643,33.7400,100
50438646183901,14:00:38.646,33.7400,200
50438648983748,14:00:38.648,33.7300,100
50442364533003,14:00:42.364,33.7500,100
50446507934974,14:00:46.507,33.7200,76
50449820743857,14:00:49.820,33.7200,100
50451073103632,14:00:51.073,33.7400,100
50451073103632,14:00:51.073,33.7300,100
50451073103632,14:00:51.073,33.7100,100
50454383068893,14:00:54.383,33.7000,17
50454383084070,14:00:54.383,33.7000,146
50454383084753,14:00:54.383,33.7000,37
50454862259960,14:00:54.862,33.6900,100
50466710631990,14:01:06.710,33.6900,100
50466710631990,14:01:06.710,33.6900,100
50466710631990,14:01:06.710,33.6900,100
50471390097264,14:01:11.390,33.6800,100
50471390641853,14:01:11.390,33.6800,100
50471390748670,14:01:11.390,33.6800,100
50471392543575,14:01:11.392,33.6700,100
50471953587505,14:01:11.953,33.6700,100
50471954525230,14:01:11.954,33.6800,200
50471954525230,14:01:11.954,33.6800,111
50471954546003,14:01:11.954,33.6800,89
50471957379682,14:01:11.957,33.6900,100
50471963492296,14:01:11.963,33.7000,200
50479664258385,14:01:19.664,33.7100,200
50488430183349,14:01:28.430,33.7300,200
50488430183349,14:01:28.430,33.7300,100
50488430584094,14:01:28.430,33.7400,400
50488430669077,14:01:28.430,33.7400,100
50488430669077,14:01:28.430,33.7400,100
50488430669077,14:01:28.430,33.7400,100
50498058574717,14:01:38.058,33.7300,100
50510965617507,14:01:50.965,33.7400,100
50517095318963,14:01:57.095,33.7200,70
50517095318963,14:01:57.095,33.7200,100
50517097000124,14:01:57.097,33.7200,100
50517097000124,14:01:57.097,33.7200,100
50517097689535,14:01:57.097,33.7200,100
50517103090460,14:01:57.103,33.7200,200
50517426337955,14:01:57.426,33.7500,300
50537827022409,14:02:17.827,33.7200,100
50537827022409,14:02:17.827,33.7200,28
50537827022409,14:02:17.827,33.7200,100
50537830246090,14:02:17.830,33.7100,200
50537830246090,14:02:17.830,33.7100,100
50542987142258,14:02:22.987,33.7100,100
50542987151749,14:02:22.987,33.7100,100
50542987155461,14:02:22.987,33.7100,100
50542987696462,14:02:22.987,33.7100,100
50542987696462,14:02:22.987,33.7100,150
50548038492959,14:02:28.038,33.7300,100
50548120505919,14:02:28.120,33.7100,100
50548120505919,14:02:28.120,33.7100,200
50548121162566,14:02:28.121,33.7100,100
50548121855210,14:02:28.121,33.7200,200
50566048293854,14:02:46.048,33.7400,100
50566048294365,14:02:46.048,33.7400,24
50572279141202,14:02:52.279,33.7600,100
50609016637476,14:03:29.016,33.8200,100
50613168243140,14:03:33.168,33.8600,100
50613176633922,14:03:33.176,33.8700,125
50614140377433,14:03:34.140,33.8700,38
50614140377433,14:03:34.140,33.8800,62
50615522967225,14:03:35.522,33.8800,38
50617960631114,14:03:37.960,33.8800,100
50617960631114,14:03:37.960,33.8800,100
50617975148303,14:03:37.975,33.8800,100
50618066479754,14:03:38.066,33.8900,100
50623033770652,14:03:43.033,33.9000,100
50623033770652,14:03:43.033,33.9000,100
50626394786261,14:03:46.394,33.8900,200
50626394786261,14:03:46.394,33.8900,100
50626394786261,14:03:46.394,33.8900,100
50626396597012,14:03:46.396,33.8800,200
50626396597012,14:03:46.396,33.8800,100
50626396597012,14:03:46.396,33.8800,100
50626397903225,14:03:46.397,33.8700,300
50645709635563,14:04:05.709,33.9200,100
50652620692119,14:04:12.620,33.9300,100
50652622588231,14:04:12.622,33.9400,100
50656510335593,14:04:16.510,33.9300,400
50656510981637,14:04:16.510,33.9300,100
50660277910809,14:04:20.277,33.9400,100
50662970952822,14:04:22.970,33.9600,100
50669382379990,14:04:29.382,33.9700,100
50672319912264,14:04:32.319,33.9700,100
50677459780609,14:04:37.459,33.9700,68
50677459800566,14:04:37.459,33.9700,32
50679079984610,14:04:39.079,33.9700,100
50687531800589,14:04:47.531,33.9800,100
50687531800589,14:04:47.531,33.9800,100
50687536329901,14:04:47.536,33.9700,100
50687536329901,14:04:47.536,33.9700,14
50687537612515,14:04:47.537,33.9700,261
50687537776014,14:04:47.537,33.9700,500
50687537776014,14:04:47.537,33.9700,100
50687538029031,14:04:47.538,33.9700,100
50687538029031,14:04:47.538,33.9700,100
50688541833484,14:04:48.541,33.9600,100
50688541833484,14:04:48.541,33.9600,100
50688541833484,14:04:48.541,33.9600,18
50688541833484,14:04:48.541,33.9600,100
50688542730723,14:04:48.542,33.9500,53
50688542779517,14:04:48.542,33.9500,47
50688543828294,14:04:48.543,33.9500,47
50689544019232,14:04:49.544,33.9500,47
50696220779253,14:04:56.220,33.9700,100
50696221099160,14:04:56.221,33.9700,38
50706756232054,14:05:06.756,33.9700,62
50706756232054,14:05:06.756,33.9700,38
50706756260452,14:05:06.756,33.9700,62
50706756260452,14:05:06.756,33.9700,11
50718066551399,14:05:18.066,33.9700,2
50744889847414,14:05:44.889,33.9500,100
50744890714019,14:05:44.890,33.9500,15
50744890714019,14:05:44.890,33.9500,85
50744907934258,14:05:44.907,33.9600,100
50759240216635,14:05:59.240,33.9400,100
50760988972579,14:06:00.988,33.9500,41
50760988972579,14:06:00.988,33.9500,100
50760988972579,14:06:00.988,33.9500,19
50792361088182,14:06:32.361,33.9400,5
50792361088182,14:06:32.361,33.9400,100
50792361088182,14:06:32.361,33.9400,100
50792361088182,14:06:32.361,33.9400,100
50812445194417,14:06:52.445,33.9500,50
50812445220536,14:06:52.445,33.9500,50
50812445220536,14:06:52.445,33.9500,109
50812445794476,14:06:52.445,33.9600,200
50812445794476,14:06:52.445,33.9600,30
50812446718173,14:06:52.446,33.9500,100
50812951131322,14:06:52.951,33.9400,100
50812951160808,14:06:52.951,33.9400,37
50812951851009,14:06:52.951,33.9400,100
50832804177768,14:07:12.804,33.9300,100
50832813991255,14:07:12.813,33.9300,100
50834379471251,14:07:14.379,33.9200,100
50835112099830,14:07:15.112,33.9200,100
50863376469738,14:07:43.376,33.9100,100
50871444221471,14:07:51.444,33.9200,100
50878891643461,14:07:58.891,33.9000,78
50878891740826,14:07:58.891,33.9000,22
50878891740826,14:07:58.891,33.9000,62
50878891761420,14:07:58.891,33.9000,38
50878891761420,14:07:58.891,33.9000,47
50878892231912,14:07:58.892,33.9000,53
50901529121373,14:08:21.529,33.9100,10
50907880122256,14:08:27.880,33.9300,100
50908258847131,14:08:28.258,33.9200,100
50912936893857,14:08:32.936,33.9100,90
50912940635894,14:08:32.940,33.9000,100
50912941295503,14:08:32.941,33.9000,64
50912941308254,14:08:32.941,33.9000,36
50912941308254,14:08:32.941,33.9000,64
50912941321403,14:08:32.941,33.9000,36
50912941404856,14:08:32.941,33.9000,100
50912941610523,14:08:32.941,33.9000,100
50912941755132,14:08:32.941,33.9000,100
50912941755132,14:08:32.941,33.9000,100
50915910820259,14:08:35.910,33.9100,100
50974275718677,14:09:34.275,33.9700,100
50978011560139,14:09:38.011,33.9900,100
