timestamp,time,price,volume
34200814732884,09:30:00.814,0.0000,0
34350683656899,09:32:30.683,83.2000,77
34350683662666,09:32:30.683,83.2000,76
34350683746274,09:32:30.683,83.2000,347
34617616068522,09:36:57.616,82.9900,100
34670337432031,09:37:50.337,82.9500,60
35330639507646,09:48:50.639,82.9000,207
35330639915165,09:48:50.639,82.9000,93
35613379358835,09:53:33.379,82.8400,300
35755740796023,09:55:55.740,82.8600,300
35759147173534,09:55:59.147,82.8500,300
35759147539562,09:55:59.147,82.8500,100
35759147539562,09:55:59.147,82.8500,100
35759148114640,09:55:59.148,82.8500,200
35763905578282,09:56:03.905,82.8500,200
35848338610083,09:57:28.338,82.8800,100
36166648039488,10:02:46.648,82.8600,176
36166686640405,10:02:46.686,82.8500,7
36166687605488,10:02:46.687,82.8500,293
36166692727775,10:02:46.692,82.8400,300
36166694898988,10:02:46.694,82.8400,100
36166727008228,10:02:46.727,82.8300,400
36166765735599,10:02:46.765,82.8200,400
36166904489170,10:02:46.904,82.8300,200
36167722234617,10:02:47.722,82.8300,100
36167797861275,10:02:47.797,82.8300,100
36167797861275,10:02:47.797,82.8300,200
36168214425548,10:02:48.214,82.8300,200
36708695796654,10:11:48.695,83.0300,100
36798292541200,10:13:18.292,83.0300,100
37514602942180,10:25:14.602,83.0000,10
38925702126868,10:48:45.702,83.2100,200
39663458985516,11:01:03.458,83.3200,330
39663460826753,11:01:03.460,83.3300,100
39663461380560,11:01:03.461,83.3300,181
39663461838206,11:01:03.461,83.3300,119
39663461838206,11:01:03.461,83.3300,20
39663463444833,11:01:03.463,83.3300,80
39663463922142,11:01:03.463,83.3300,321
39663466559448,11:01:03.466,83.3300,79
39663469596875,11:01:03.469,83.3400,20
39663470397215,11:01:03.470,83.3400,7
39663987821816,11:01:03.987,83.3400,10
39723098161826,11:02:03.098,83.3600,100
40869554693386,11:21:09.554,83.3500,100
41495980797854,11:31:35.980,83.3300,100
41876215871498,11:37:56.215,83.3000,100
41948427267683,11:39:08.427,83.2800,100
42076966791216,11:41:16.966,83.3000,100
42120551947029,11:42:00.551,83.3000,100
42121273111003,11:42:01.273,83.3000,100
42130352897543,11:42:10.352,83.3000,100
42130490190552,11:42:10.490,83.3000,100
42789276517172,11:53:09.276,83.3700,100
42790847650156,11:53:10.847,83.3800,20
44137659216295,12:15:37.659,83.4900,200
44155323074020,12:15:55.323,83.4900,163
44163701166891,12:16:03.701,83.5000,47
44163701209183,12:16:03.701,83.5000,153
44320766315180,12:18:40.766,83.5100,1000
44898058001518,12:28:18.058,83.4600,94
44898058031959,12:28:18.058,83.4700,6
45708542252010,12:41:48.542,83.3900,288
45708543668941,12:41:48.543,83.3900,112
45735554272766,12:42:15.554,83.3600,200
46391479127787,12:53:11.479,83.4100,33
46391479156604,12:53:11.479,83.4100,167
46535006368163,12:55:35.006,83.3600,100
46535006432299,12:55:35.006,83.3600,100
46535009763659,12:55:35.009,83.3600,100
46535009791494,12:55:35.009,83.3600,100
46567321042134,12:56:07.321,83.3600,100
46767378466392,12:59:27.378,83.3800,200
46767380493070,12:59:27.380,83.3800,100
46767380493070,12:59:27.380,83.3800,200
46845292264821,13:00:45.292,83.3500,8
46850945303147,13:00:50.945,83.3500,19
46850945330239,13:00:50.945,83.3500,170
47422317759908,13:10:22.317,83.3900,100
47433332668661,13:10:33.332,83.3900,100
47614467258302,13:13:34.467,83.3700,202
47614467288891,13:13:34.467,83.3700,198
48045861249832,13:20:45.861,83.2900,400
48131178120504,13:22:11.178,83.3200,100
48488534100920,13:28:08.534,83.2800,400
48777418906257,13:32:57.418,83.3000,24
49761341935233,13:49:21.341,83.2000,226
49761341977364,13:49:21.341,83.2000,108
49761342016103,13:49:21.342,83.2000,66
50154993627884,13:55:54.993,83.2200,100
50240078074098,13:57:20.078,83.2400,100
50240079015202,13:57:20.079,83.2600,100
50240079054720,13:57:20.079,83.2600,200
50402689023035,14:00:02.689,83.1900,144
50402689565617,14:00:02.689,83.1900,178
50402690269536,14:00:02.690,83.1900,78
50402694363811,14:00:02.694,83.2300,100
50402714546845,14:00:02.714,83.1900,200
50402715928164,14:00:02.715,83.2000,200
50402720726890,14:00:02.720,83.2000,75
50402720735656,14:00:02.720,83.2000,125
50402723706621,14:00:02.723,83.1900,100
50423321794362,14:00:23.321,83.4200,400
50442150445431,14:00:42.150,83.4500,100
50466705852871,14:01:06.705,83.4700,100
50466705852871,14:01:06.705,83.4800,200
50466718203502,14:01:06.718,83.4300,200
50471390338831,14:01:11.390,83.3700,77
50471390653389,14:01:11.390,83.3700,200
50471390743451,14:01:11.390,83.3700,100
50471392062139,14:01:11.392,83.3700,23
50471956833927,14:01:11.956,83.4200,100
50472000288899,14:01:12.000,83.4400,200
50810374284483,14:06:50.374,83.6800,100
50928067476664,14:08:48.067,83.6800,100
50928069450728,14:08:48.069,83.6800,100
51167954124608,14:12:47.954,83.7500,100
51310969506212,14:15:10.969,83.7900,100
51342418498835,14:15:42.418,83.7400,100
51342418577342,14:15:42.418,83.7400,100
51342418648962,14:15:42.418,83.7400,100
51400191909876,14:16:40.191,83.8200,400
51400195725912,14:16:40.195,83.8200,145
51400272776544,14:16:40.272,83.8300,100
51405442824744,14:16:45.442,83.8200,100
51583914253974,14:19:43.914,83.8800,400
51635664072550,14:20:35.664,83.8100,400
51699033078252,14:21:39.033,83.9200,77
51713618112531,14:21:53.618,83.9200,23
51759075173096,14:22:39.075,83.9400,100
51759078596716,14:22:39.078,83.9400,100
51759078597834,14:22:39.078,83.9400,100
52579319064067,14:36:19.319,83.7300,76
52637410712066,14:37:17.410,83.7300,25
53028318968394,14:43:48.318,83.7700,162
53067241393958,14:44:27.241,83.7900,188
53067241433454,14:44:27.241,83.7900,119
53067241704996,14:44:27.241,83.7900,93
53189257001704,14:46:29.257,83.8400,107
53189257513633,14:46:29.257,83.8400,189
53189257615624,14:46:29.257,83.8400,4
53189257615624,14:46:29.257,83.8400,114
53189270098346,14:46:29.270,83.8500,200
53193371996871,14:46:33.371,83.8500,100
53422621520553,14:50:22.621,83.8700,100
53446762276260,14:50:46.762,83.8600,146
53446762676409,14:50:46.762,83.8600,54
53460894410764,14:51:00.894,83.8400,100
53460897689563,14:51:00.897,83.8400,100
53465117446566,14:51:05.117,83.8300,100
53466989990972,14:51:06.989,83.8200,100
53466989990972,14:51:06.989,83.8200,100
53470332728286,14:51:10.332,83.8100,100
53470332728286,14:51:10.332,83.8100,100
53511099001260,14:51:51.099,83.8300,200
53511099001260,14:51:51.099,83.8300,200
53511108206263,14:51:51.108,83.8300,200
53511108447307,14:51:51.108,83.8300,200
53511115653608,14:51:51.115,83.8300,100
53521461803455,14:52:01.461,83.8400,73
53521577485438,14:52:01.577,83.8400,27
53542007157738,14:52:22.007,83.9200,22
53542007643460,14:52:22.007,83.9200,224
53804581835510,14:56:44.581,84.0400,101
53804581862555,14:56:44.581,84.0400,100
53804581900389,14:56:44.581,84.0400,199
53873939180317,14:57:53.939,84.0600,400
53873939180317,14:57:53.939,84.0600,200
53873939242204,14:57:53.939,84.0500,100
53873939242204,14:57:53.939,84.0500,100
53873939514505,14:57:53.939,84.0500,100
54125506573503,15:02:05.506,84.0300,100
54125506573503,15:02:05.506,84.0400,400
54125506573503,15:02:05.506,84.0400,300
54125506573503,15:02:05.506,84.0400,100
54170479473712,15:02:50.479,84.0300,300
54170479473712,15:02:50.479,84.0300,387
54198803446747,15:03:18.803,84.0200,400
54198803446747,15:03:18.803,84.0200,100
54199447354060,15:03:19.447,84.0200,100
54199447354060,15:03:19.447,84.0200,400
54199518602414,15:03:19.518,84.0050,600
54199679528136,15:03:19.679,84.0000,300
54199971718047,15:03:19.971,84.0000,300
54199971718047,15:03:19.971,84.0000,200
54213665699108,15:03:33.665,83.9800,109
54213665699108,15:03:33.665,84.0000,400
54213665699108,15:03:33.665,84.0000,200
54213665699108,15:03:33.665,84.0000,291
54217889016492,15:03:37.889,83.9900,100
54217889016492,15:03:37.889,84.0000,400
54320266932026,15:05:20.266,83.9400,400
54320266932026,15:05:20.266,83.9400,100
54320734326223,15:05:20.734,83.9400,100
54320734326223,15:05:20.734,83.9400,400
54402202641752,15:06:42.202,83.9100,400
54402202641752,15:06:42.202,83.9100,200
54402218963914,15:06:42.218,83.9100,98
54532322860201,15:08:52.322,83.9400,400
54532322860201,15:08:52.322,83.9400,300
54532323311885,15:08:52.323,83.9400,100
54532357189723,15:08:52.357,83.9400,300
54532357189723,15:08:52.357,83.9400,100
54532357189723,15:08:52.357,83.9400,100
54532357574252,15:08:52.357,83.9300,100
54532357617972,15:08:52.357,83.9300,200
54532357617972,15:08:52.357,83.9300,300
54532626857222,15:08:52.626,83.9300,300
54532626857222,15:08:52.626,83.9300,200
54532626857222,15:08:52.626,83.9400,200
54548305749934,15:09:08.305,83.8900,66
54552127595854,15:09:12.127,83.8800,100
54552690030747,15:09:12.690,83.8800,100
54604855446597,15:10:04.855,83.8400,200
54623397282979,15:10:23.397,83.8300,109
54623397638523,15:10:23.397,83.8300,91
55233022694357,15:20:33.022,83.8800,500
55233022694357,15:20:33.022,83.8800,300
55233023301529,15:20:33.023,83.8700,100
55233036364409,15:20:33.036,83.8600,100
55233036364409,15:20:33.036,83.8600,200
55233043153549,15:20:33.043,83.8700,200
55233043153549,15:20:33.043,83.8700,100
55233043153549,15:20:33.043,83.8700,100
55233043429556,15:20:33.043,83.8700,100
55233043429556,15:20:33.043,83.8700,100
55233043429556,15:20:33.043,83.8700,100
55233043429556,15:20:33.043,83.8700,100
55233043429556,15:20:33.043,83.8700,73
55233049567438,15:20:33.049,83.8700,27
55233049567438,15:20:33.049,83.8700,300
55233049567438,15:20:33.049,83.8700,200
55233050098634,15:20:33.050,83.8700,200
55233052754108,15:20:33.052,83.8700,173
55237522024556,15:20:37.522,83.8800,500
55255640816270,15:20:55.640,83.8900,100
55255722528369,15:20:55.722,83.8900,200
55255722528369,15:20:55.722,83.8900,200
55255726159609,15:20:55.726,83.8900,100
55255731927151,15:20:55.731,83.8900,100
55255731927151,15:20:55.731,83.8900,200
55255732179251,15:20:55.732,83.8900,100
55255732188995,15:20:55.732,83.8900,100
55255732188995,15:20:55.732,83.8900,100
55255736065286,15:20:55.736,83.8900,200
55255736065286,15:20:55.736,83.8900,200
55255744265078,15:20:55.744,83.8900,25
55255744296021,15:20:55.744,83.8900,100
55255843676935,15:20:55.843,83.8900,300
55255843676935,15:20:55.843,83.8900,100
55255843676935,15:20:55.843,83.8900,200
55255844343195,15:20:55.844,83.8900,200
55255844343195,15:20:55.844,83.8900,200
55255851435045,15:20:55.851,83.8900,200
55255851991503,15:20:55.851,83.8900,44
55255852020001,15:20:55.852,83.8900,100
55255852048411,15:20:55.852,83.8900,100
55255852568629,15:20:55.852,83.8900,14
55257514264554,15:20:57.514,83.8900,200
55257515222156,15:20:57.515,83.8900,500
55257538704049,15:20:57.538,83.8900,300
55257538704049,15:20:57.538,83.8900,200
55257727765040,15:20:57.727,83.8900,500
55257732199495,15:20:57.732,83.8900,300
55257732199495,15:20:57.732,83.8900,70
55257732242504,15:20:57.732,83.8900,24
55257732246365,15:20:57.732,83.8900,206
55257732246365,15:20:57.732,83.8900,300
55257734129627,15:20:57.734,83.8900,200
55257734129627,15:20:57.734,83.8900,200
55263886154074,15:21:03.886,83.8800,54
55270141938381,15:21:10.141,83.8900,175
55270142974251,15:21:10.142,83.8900,25
55270142974251,15:21:10.142,83.8900,172
55270143009387,15:21:10.143,83.8900,328
55270164967301,15:21:10.164,83.8900,146
55673123850202,15:27:53.123,83.7500,10
55673123903691,15:27:53.123,83.7500,490
55673123903691,15:27:53.123,83.7500,200
55673148228807,15:27:53.148,83.7500,100
55676429860710,15:27:56.429,83.7700,300
55676437650942,15:27:56.437,83.7700,86
55775049610701,15:29:35.049,83.7500,100
55872403113743,15:31:12.403,83.7500,374
55872403217180,15:31:12.403,83.7500,126
55922000310354,15:32:02.000,83.7700,500
55922000310354,15:32:02.000,83.7800,300
56016990889031,15:33:36.990,83.7200,200
56053870016578,15:34:13.870,83.6600,100
56054309746959,15:34:14.309,83.6600,100
56054309746959,15:34:14.309,83.6600,200
56071914262216,15:34:31.914,83.6700,100
56071914262216,15:34:31.914,83.6700,100
56073286246519,15:34:33.286,83.6800,100
56073286246519,15:34:33.286,83.6800,200
56102106249912,15:35:02.106,83.6500,99
56126328374103,15:35:26.328,83.6800,101
56126328414214,15:35:26.328,83.6800,99
56276394343048,15:37:56.394,83.6800,10
56323523282661,15:38:43.523,83.7200,149
56323523482908,15:38:43.523,83.7200,150
56323524192882,15:38:43.524,83.7200,100
56323524499317,15:38:43.524,83.7200,101
56386292640645,15:39:46.292,83.7000,100
56386292717078,15:39:46.292,83.7000,100
56386292790860,15:39:46.292,83.7000,100
56386294489688,15:39:46.294,83.7000,100
56386390429036,15:39:46.390,83.7000,100
56442897959450,15:40:42.897,83.6800,100
56480466742017,15:41:20.466,83.6400,50
56480466877846,15:41:20.466,83.6400,450
56498826271781,15:41:38.826,83.6100,250
56582693522248,15:43:02.693,83.6800,100
56583887803796,15:43:03.887,83.6800,100
56618058844223,15:43:38.058,83.6900,100
56625155006874,15:43:45.155,83.7000,200
56652567157818,15:44:12.567,83.6900,100
56702288068728,15:45:02.288,83.7100,100
56703291061010,15:45:03.291,83.7200,100
56703722182828,15:45:03.722,83.7200,100
56723433608452,15:45:23.433,83.7100,100
56741280778174,15:45:41.280,83.7500,100
56801668352930,15:46:41.668,83.7300,100
56801668368523,15:46:41.668,83.7300,100
56816405036459,15:46:56.405,83.7400,16
56823566059014,15:47:03.566,83.7500,100
56854968369726,15:47:34.968,83.7300,194
56854968411511,15:47:34.968,83.7300,6
56866232357575,15:47:46.232,83.7300,200
56965686797654,15:49:25.686,83.7100,100
56965686887593,15:49:25.686,83.7100,100
57121044985632,15:52:01.044,83.6700,3
57160712301882,15:52:40.712,83.6200,200
57161323557662,15:52:41.323,83.6200,100
57162296064976,15:52:42.296,83.6200,100
57300933983557,15:55:00.933,83.6600,100
57300937806396,15:55:00.937,83.6700,425
57300937808760,15:55:00.937,83.6700,200
57300938637721,15:55:00.938,83.6700,75
57304417259599,15:55:04.417,83.6700,200
57305534630250,15:55:05.534,83.6700,119
57305534657425,15:55:05.534,83.6700,81
57310126770555,15:55:10.126,83.6900,124
57368769757517,15:56:08.769,83.7300,150
57368769808415,15:56:08.769,83.7300,32
57447268332839,15:57:27.268,83.7100,100
57463122516681,15:57:43.122,83.7000,100
57463122830712,15:57:43.122,83.7000,300
57463122830712,15:57:43.122,83.7000,100
57467580211860,15:57:47.580,83.7000,100
57483429468420,15:58:03.429,83.6900,100
57501856269652,15:58:21.856,83.6900,100
57511543608632,15:58:31.543,83.7000,100
57523045872334,15:58:43.045,83.7100,100
57523045872334,15:58:43.045,83.7100,100
57526117931148,15:58:46.117,83.7200,100
57539742106022,15:58:59.742,83.7200,100
57540252299244,15:59:00.252,83.7200,100
57540287370825,15:59:00.287,83.7200,200
57541238489006,15:59:01.238,83.7200,40
57579962089256,15:59:39.962,83.7200,100
57589001394649,15:59:49.001,83.7100,86
57589004330225,15:59:49.004,83.7100,200
57589004330225,15:59:49.004,83.7100,100
57590109622710,15:59:50.109,83.7100,23
57590141516039,15:59:50.141,83.7200,100
57594014885938,15:59:54.014,83.7200,39
57600189681563,16:00:00.189,83.7100,200
57600447507650,16:00:00.447,0.0000,0
