timestamp,time,price,volume
34200625794138,09:30:00.625,28.8000,1215
34605627815895,09:36:45.627,28.7600,100
34605627815895,09:36:45.627,28.7600,100
34616529290826,09:36:56.529,28.7700,100
34616529290826,09:36:56.529,28.7700,23
34616529290826,09:36:56.529,28.7700,77
34616529411499,09:36:56.529,28.7400,43
34616530712194,09:36:56.530,28.7400,57
34748222572226,09:39:08.222,28.7500,94
34748223885686,09:39:08.223,28.7500,21
34799902723031,09:39:59.902,28.8500,8
34799902799727,09:39:59.902,28.8500,92
34799902896066,09:39:59.902,28.8500,100
34799902975278,09:39:59.902,28.8500,67
34799902983290,09:39:59.902,28.8500,33
35052176203342,09:44:12.176,28.7400,100
35052176296031,09:44:12.176,28.7300,73
35052176322542,09:44:12.176,28.7300,27
35052176827721,09:44:12.176,28.6700,100
35132929171757,09:45:32.929,28.6900,100
35132929206939,09:45:32.929,28.6900,100
35132929224843,09:45:32.929,28.6900,100
35132929323612,09:45:32.929,28.6900,100
35132929326115,09:45:32.929,28.6900,100
35132929326616,09:45:32.929,28.6900,100
35132929374054,09:45:32.929,28.6900,100
35132929676552,09:45:32.929,28.6900,100
35132929686051,09:45:32.929,28.6900,100
35132929694780,09:45:32.929,28.6900,100
35369648806683,09:49:29.648,28.7400,100
35369648832793,09:49:29.648,28.7800,100
35369648832793,09:49:29.648,28.7900,100
35369648832793,09:49:29.648,28.8000,100
35369648891063,09:49:29.648,28.8000,100
35374514070005,09:49:34.514,28.7100,100
35583691368675,09:53:03.691,28.6900,100
35583692511089,09:53:03.692,28.6800,100
36284605926215,10:04:44.605,28.6300,24
36284605926215,10:04:44.605,28.6300,100
36284605926215,10:04:44.605,28.6300,24
36369491343113,10:06:09.491,28.6400,100
36546298284081,10:09:06.298,28.6400,100
36546298284081,10:09:06.298,28.6400,99
36546298284081,10:09:06.298,28.6400,100
36702655271881,10:11:42.655,28.6500,100
36778358543755,10:12:58.358,28.6200,98
37064623916940,10:17:44.623,28.6100,98
37072469839028,10:17:52.469,28.6100,100
37072469839028,10:17:52.469,28.6000,29
37072477594034,10:17:52.477,28.6000,71
37072477594034,10:17:52.477,28.6000,80
37072478237464,10:17:52.478,28.5900,100
37072478237464,10:17:52.478,28.5900,2
37072478293113,10:17:52.478,28.5900,98
37186122049132,10:19:46.122,28.5700,100
37332381678914,10:22:12.381,28.5900,100
37449389958762,10:24:09.389,28.6800,1
37605592106657,10:26:45.592,28.6100,100
37810010335857,10:30:10.010,28.5900,100
37826402953973,10:30:26.402,28.5800,100
37951955661823,10:32:31.955,28.5900,99
37951955710052,10:32:31.955,28.6100,56
37951955732919,10:32:31.955,28.6100,44
37994048098142,10:33:14.048,28.6500,1
38074271645046,10:34:34.271,28.6300,45
38074271645046,10:34:34.271,28.6400,55
38280707348962,10:38:00.707,28.6100,100
38280708304130,10:38:00.708,28.5700,281
38280708332536,10:38:00.708,28.5700,219
38288605094793,10:38:08.605,28.5900,22
38288612076861,10:38:08.612,28.5900,22
38290255954974,10:38:10.255,28.5900,22
38290259754848,10:38:10.259,28.6000,22
38602191289375,10:43:22.191,28.5600,100
38602191648096,10:43:22.191,28.5500,4
38605697067998,10:43:25.697,28.5600,4
38605697067998,10:43:25.697,28.5600,96
38605697093506,10:43:25.697,28.5600,4
38605697116009,10:43:25.697,28.5700,100
38605697126118,10:43:25.697,28.5700,27
38605697135387,10:43:25.697,28.5700,66
38605697144312,10:43:25.697,28.5700,4
38605698386014,10:43:25.698,28.5700,3
38605698386014,10:43:25.698,28.5800,97
38605700394635,10:43:25.700,28.5800,3
38633193971622,10:43:53.193,28.5700,100
38642557729611,10:44:02.557,28.5700,100
38643558760497,10:44:03.558,28.5600,100
38658437584295,10:44:18.437,28.5600,100
38692445637996,10:44:52.445,28.5600,7
38697067494018,10:44:57.067,28.5600,93
38697068456700,10:44:57.068,28.5700,100
38712196524521,10:45:12.196,28.5600,66
38712196535674,10:45:12.196,28.5600,34
38713708776278,10:45:13.708,28.5500,60
38713708835056,10:45:13.708,28.5500,40
38730198712804,10:45:30.198,28.5500,100
38776106369027,10:46:16.106,28.5500,100
38781603497220,10:46:21.603,28.5500,31
38781603509135,10:46:21.603,28.5500,66
38781603539627,10:46:21.603,28.5500,3
38856355358254,10:47:36.355,28.5400,100
38856355387159,10:47:36.355,28.5400,100
38856355396749,10:47:36.355,28.5400,100
38856355454425,10:47:36.355,28.5300,100
38905287815971,10:48:25.287,28.5500,100
38948206407693,10:49:08.206,28.5500,100
38953917067210,10:49:13.917,28.5500,100
38972211983409,10:49:32.211,28.5600,100
38995643673273,10:49:55.643,28.5600,100
38996645319090,10:49:56.645,28.5600,100
39107036685454,10:51:47.036,28.5600,63
39107036997977,10:51:47.036,28.5600,37
39107036997977,10:51:47.036,28.5600,100
39107036997977,10:51:47.036,28.5600,100
39107214266932,10:51:47.214,28.5600,66
39107214284717,10:51:47.214,28.5600,34
39108483876441,10:51:48.483,28.5500,100
39108483876441,10:51:48.483,28.5500,29
39108483906915,10:51:48.483,28.5500,51
39191200412011,10:53:11.200,28.5400,100
39191200454541,10:53:11.200,28.5400,17
39191200704174,10:53:11.200,28.5300,49
39191200754811,10:53:11.200,28.5300,51
39271855088031,10:54:31.855,28.5500,100
39271855088031,10:54:31.855,28.5500,100
39271855126461,10:54:31.855,28.5600,45
39271855335569,10:54:31.855,28.5700,1
39525529910796,10:58:45.529,28.5800,1
39601241565599,11:00:01.241,28.5900,100
39752958475317,11:02:32.958,28.6100,100
39869411842502,11:04:29.411,28.6400,100
39934889676789,11:05:34.889,28.5900,100
40086518972208,11:08:06.518,28.5900,100
40086519005395,11:08:06.519,28.5900,31
40086519010410,11:08:06.519,28.5900,62
40086519033204,11:08:06.519,28.5900,7
40086519033204,11:08:06.519,28.5900,11
41462202862911,11:31:02.202,28.6600,100
41525100356638,11:32:05.100,28.6800,5
41526705787063,11:32:06.705,28.6800,45
41526706396083,11:32:06.706,28.6800,3
41629351564423,11:33:49.351,28.6900,50
42012856577247,11:40:12.856,28.6900,49
42198740403501,11:43:18.740,28.6900,1
42198740403501,11:43:18.740,28.6900,10
42198740403501,11:43:18.740,28.7000,100
42198740403501,11:43:18.740,28.7000,100
42198740403501,11:43:18.740,28.7000,100
42270790548073,11:44:30.790,28.7100,100
42552253357641,11:49:12.253,28.7100,100
42559961876989,11:49:19.961,28.7400,1
42634091348380,11:50:34.091,28.7400,100
43160734138444,11:59:20.734,28.7700,100
43160734138444,11:59:20.734,28.7700,100
43160734176605,11:59:20.734,28.7700,68
43160734178655,11:59:20.734,28.7700,32
43160734178655,11:59:20.734,28.7700,68
43160734208652,11:59:20.734,28.7700,32
43160735246415,11:59:20.735,28.7400,100
43160807345420,11:59:20.807,28.7250,100
43168089822948,11:59:28.089,28.7350,100
43203442039273,12:00:03.442,28.7900,79
43388082590762,12:03:08.082,28.7850,100
43747939176057,12:09:07.939,28.8200,5
44296944856608,12:18:16.944,28.8400,100
44296944856608,12:18:16.944,28.8400,100
44308762970596,12:18:28.762,28.8400,100
44308763361217,12:18:28.763,28.8400,10
44308763361217,12:18:28.763,28.8400,29
44308763517606,12:18:28.763,28.8400,29
44355462558382,12:19:15.462,28.8500,15
44395547056234,12:19:55.547,28.8500,16
44550925651238,12:22:30.925,28.8500,21
44550925651238,12:22:30.925,28.8600,79
44550925717247,12:22:30.925,28.8600,21
44550925717247,12:22:30.925,28.8600,1
44691128337541,12:24:51.128,28.8900,100
44981845855329,12:29:41.845,28.9600,13
44981845948027,12:29:41.845,28.9600,8
45027324507917,12:30:27.324,28.9100,100
45027324507917,12:30:27.324,28.9100,100
45027324855389,12:30:27.324,28.9000,54
45027367905616,12:30:27.367,28.9000,46
45238147298431,12:33:58.147,28.8800,100
45360317123587,12:36:00.317,28.8500,2
45784192050341,12:43:04.192,28.8800,56
45850120538173,12:44:10.120,28.8800,36
45855548469931,12:44:15.548,28.8800,200
45855548469931,12:44:15.548,28.8700,100
45855548506966,12:44:15.548,28.8700,100
45855549474604,12:44:15.549,28.8500,100
46281707264619,12:51:21.707,28.8700,74
46283507210005,12:51:23.507,28.8600,100
46283707329243,12:51:23.707,28.8600,4
46283707393809,12:51:23.707,28.8600,2
46283707445732,12:51:23.707,28.8600,2
46283707494723,12:51:23.707,28.8600,1
46283707546118,12:51:23.707,28.8600,1
46283710026432,12:51:23.710,28.8500,100
46327953099816,12:52:07.953,28.8400,80
46711819602731,12:58:31.819,28.8200,78
46711826154835,12:58:31.826,28.8300,7
46714545445191,12:58:34.545,28.8500,100
47341018679118,13:09:01.018,28.8800,30
47341018679118,13:09:01.018,28.8900,8
47408093487913,13:10:08.093,28.8900,36
47828654517616,13:17:08.654,28.8400,100
47828654517616,13:17:08.654,28.8400,11
47828654517616,13:17:08.654,28.8400,6
47931274364199,13:18:51.274,28.8400,64
47949595570203,13:19:09.595,28.8500,1
47970361710918,13:19:30.361,28.8500,100
48143259586879,13:22:23.259,28.8550,100
48675634869286,13:31:15.634,28.9000,100
48675634869286,13:31:15.634,28.9000,100
48675635727971,13:31:15.635,28.8900,200
48675635727971,13:31:15.635,28.8900,100
48675722326536,13:31:15.722,28.8800,100
49200264533783,13:40:00.264,28.8700,100
49678408857165,13:47:58.408,28.8300,82
49678408891557,13:47:58.408,28.8300,18
49678409684569,13:47:58.409,28.8100,29
49678409710295,13:47:58.409,28.8100,14
49709770262184,13:48:29.770,28.8100,100
49947717622545,13:52:27.717,28.8200,2
49947717622545,13:52:27.717,28.8200,92
49977972984587,13:52:57.972,28.8600,1
49977976001878,13:52:57.976,28.8400,5
50112014822949,13:55:12.014,28.8400,80
50241173831208,13:57:21.173,28.8700,13
50241173919300,13:57:21.173,28.8700,85
50241173950140,13:57:21.173,28.8700,2
50409023468688,14:00:09.023,28.8750,100
50409036401474,14:00:09.036,28.9000,1
50409036515596,14:00:09.036,28.9000,1
50409036684028,14:00:09.036,28.9000,1
50409036707947,14:00:09.036,28.9000,1
50409039186787,14:00:09.039,28.9000,4
50409042758459,14:00:09.042,28.9000,8
50409042792613,14:00:09.042,28.9000,84
50409044756255,14:00:09.044,28.9000,10
50537830487470,14:02:17.830,28.9000,70
50537830489934,14:02:17.830,28.9000,30
50620010751333,14:03:40.010,28.9100,100
50620010751333,14:03:40.010,28.9300,7
50620010771518,14:03:40.010,28.9300,52
50620010776822,14:03:40.010,28.9300,41
50620010782392,14:03:40.010,28.9300,7
50634456013564,14:03:54.456,28.9150,100
50674301152105,14:04:34.301,28.9300,35
50674301152105,14:04:34.301,28.9300,10
50674301152105,14:04:34.301,28.9300,100
50676259744881,14:04:36.259,28.9450,100
50676268957619,14:04:36.268,28.9600,100
50691084241996,14:04:51.084,28.9600,36
50691084241996,14:04:51.084,28.9600,64
50816322664415,14:06:56.322,28.9600,36
51011092905042,14:10:11.092,28.9800,100
51026973239994,14:10:26.973,28.9500,100
51026973239994,14:10:26.973,28.9500,100
51026973239994,14:10:26.973,28.9500,100
51028008994117,14:10:28.008,28.8950,300
51190093406553,14:13:10.093,28.9900,100
51395626427243,14:16:35.626,29.0100,100
51443205374131,14:17:23.205,29.0050,100
51583952950549,14:19:43.952,28.9950,100
51609004084088,14:20:09.004,29.0200,100
51660207593530,14:21:00.207,29.0200,19
51660207696350,14:21:00.207,29.0200,10
51660207696350,14:21:00.207,29.0200,1
51693209013406,14:21:33.209,29.0400,49
51693209097517,14:21:33.209,29.0400,12
51800872728342,14:23:20.872,29.0400,33
51800872728342,14:23:20.872,29.0400,67
51800872768553,14:23:20.872,29.0400,33
51800872768553,14:23:20.872,29.0400,38
51800872784121,14:23:20.872,29.0400,62
51878006869730,14:24:38.006,29.0200,80
52070204953509,14:27:50.204,29.0000,100
52073215442605,14:27:53.215,28.9800,10
52074291192998,14:27:54.291,28.9800,100
52497125960711,14:34:57.125,28.9500,100
52533022350873,14:35:33.022,28.9450,100
52629868469635,14:37:09.868,28.9300,100
52629877869899,14:37:09.877,28.9200,10
52675412700438,14:37:55.412,28.9500,100
52725686378968,14:38:45.686,28.9600,8
52725686378968,14:38:45.686,28.9600,92
52725686412446,14:38:45.686,28.9600,8
52725854914102,14:38:45.854,28.9500,20
52777622100453,14:39:37.622,28.9600,100
52777622932035,14:39:37.622,28.9300,100
53049244884683,14:44:09.244,28.9800,100
53188334887412,14:46:28.334,29.0300,100
53188335076384,14:46:28.335,29.0400,1
53189276667519,14:46:29.276,29.0300,51
53189276667519,14:46:29.276,29.0300,33
53372589419327,14:49:32.589,29.0400,6
53372589717455,14:49:32.589,29.0400,104
53372591243193,14:49:32.591,29.0400,7
53372591364141,14:49:32.591,29.0300,100
53372591364141,14:49:32.591,29.0300,4
53372591390736,14:49:32.591,29.0300,3
53372592141022,14:49:32.592,29.0100,100
53526674018501,14:52:06.674,29.0300,100
53528156458832,14:52:08.156,29.0600,100
53588483629030,14:53:08.483,29.0600,29
53588483629030,14:53:08.483,29.0600,29
53711055549438,14:55:11.055,29.0900,100
53711055952710,14:55:11.055,29.0900,29
53711055952710,14:55:11.055,29.0900,29
53711055952710,14:55:11.055,29.1000,942
53711055993028,14:55:11.055,29.1000,58
53711056354082,14:55:11.056,29.1000,29
53711056354082,14:55:11.056,29.1000,29
53711056438644,14:55:11.056,29.0900,13
53711057225142,14:55:11.057,29.0700,5
53729555895746,14:55:29.555,29.1300,116
53731473568645,14:55:31.473,29.1200,100
53832963005473,14:57:12.963,29.1900,300
53854093004391,14:57:34.093,29.2200,100
53930865980129,14:58:50.865,29.2300,9
53930866088593,14:58:50.866,29.2300,44
53930866114888,14:58:50.866,29.2300,47
53930866975812,14:58:50.866,29.2100,100
53930958067331,14:58:50.958,29.2000,100
53932511014644,14:58:52.511,29.1700,36
54091509802881,15:01:31.509,29.1300,23
54156773895158,15:02:36.773,29.1300,100
54157208120356,15:02:37.208,29.1400,100
54213278122218,15:03:33.278,29.1500,100
54227044869984,15:03:47.044,29.1600,100
54240406051774,15:04:00.406,29.2000,1
54302025017000,15:05:02.025,29.1650,100
54487950249894,15:08:07.950,29.1700,100
54493017069981,15:08:13.017,29.1700,52
54493017141325,15:08:13.017,29.1700,74
54493256236073,15:08:13.256,29.1700,40
54493256236073,15:08:13.256,29.1700,41
54493256236073,15:08:13.256,29.1700,19
54497163017358,15:08:17.163,29.1800,10
54497163017358,15:08:17.163,29.1900,61
54497163048618,15:08:17.163,29.1900,39
54635866303404,15:10:35.866,29.1800,100
54635866303404,15:10:35.866,29.1800,14
54635866303404,15:10:35.866,29.1800,86
54635866334694,15:10:35.866,29.1800,14
54635866334694,15:10:35.866,29.1800,100
54635866334694,15:10:35.866,29.1800,27
54635866334694,15:10:35.866,29.1800,100
54635881922773,15:10:35.881,29.1800,10
54635881985649,15:10:35.881,29.1700,18
54635882010335,15:10:35.882,29.1700,7
54635882094160,15:10:35.882,29.1600,100
54635882094160,15:10:35.882,29.1600,100
54635882957182,15:10:35.882,29.1500,29
54635883018811,15:10:35.883,29.1500,71
54635883018811,15:10:35.883,29.1500,100
54727949681241,15:12:07.949,29.0900,1
54838340636386,15:13:58.340,29.0800,100
54921805123827,15:15:21.805,29.1100,2
54921805123827,15:15:21.805,29.1100,100
54921805123827,15:15:21.805,29.1100,20
54921805155105,15:15:21.805,29.1100,100
54922172627097,15:15:22.172,29.1000,3
54954906646895,15:15:54.906,29.1150,100
55012425308310,15:16:52.425,29.1000,97
55105245846477,15:18:25.245,29.0800,48
55105245884504,15:18:25.245,29.0800,52
55105245884504,15:18:25.245,29.0800,1
55105245901924,15:18:25.245,29.0900,80
55105245950574,15:18:25.245,29.0900,10
55105252551379,15:18:25.252,29.0900,10
55246685386541,15:20:46.685,29.1400,36
55246685459773,15:20:46.685,29.1400,51
55246685459773,15:20:46.685,29.1400,3
55332209487188,15:22:12.209,29.1200,67
55332209496360,15:22:12.209,29.1200,33
55332209523269,15:22:12.209,29.1200,100
55332449156301,15:22:12.449,29.1000,100
55357046412985,15:22:37.046,29.0800,24
55543241269484,15:25:43.241,29.0900,13
55543241284981,15:25:43.241,29.0800,100
55543241284981,15:25:43.241,29.0900,33
55543241297434,15:25:43.241,29.0900,54
55543241297434,15:25:43.241,29.0900,1
55543241297434,15:25:43.241,29.0900,100
55543244564022,15:25:43.244,29.0900,26
55543244588710,15:25:43.244,29.0900,5
55543329589082,15:25:43.329,29.1000,100
55543330054523,15:25:43.330,29.1100,100
55543356998063,15:25:43.356,29.1100,1
55736947732446,15:28:56.947,29.1200,17
55736947759265,15:28:56.947,29.1200,83
55736947759265,15:28:56.947,29.1200,100
55736947759265,15:28:56.947,29.1200,100
55736949001203,15:28:56.949,29.1100,8
55736950452977,15:28:56.950,29.1100,22
55737488373772,15:28:57.488,29.1000,100
55757861469383,15:29:17.861,29.0900,100
55757876018440,15:29:17.876,29.0800,15
55757876043801,15:29:17.876,29.0800,85
55790994624800,15:29:50.994,29.0800,1
55800948226851,15:30:00.948,29.0700,19
55803504896707,15:30:03.504,29.0600,100
55829390755935,15:30:29.390,29.0500,64
55829390755935,15:30:29.390,29.0500,1
55829393751421,15:30:29.393,29.0500,100
55829395566993,15:30:29.395,29.0600,100
55832852494681,15:30:32.852,29.0600,100
55832898341478,15:30:32.898,29.0700,100
55837549604384,15:30:37.549,29.0700,4
55890068631793,15:31:30.068,29.0700,1
55890068724245,15:31:30.068,29.0800,100
56202196812818,15:36:42.196,29.0600,3
56202196838821,15:36:42.196,29.0600,97
56202197273406,15:36:42.197,29.0600,100
56210448777022,15:36:50.448,29.0700,100
56210448777022,15:36:50.448,29.0800,35
56210450515131,15:36:50.450,29.0800,65
56210450515131,15:36:50.450,29.0800,35
56210450554193,15:36:50.450,29.0800,65
56361185934503,15:39:21.185,29.0850,100
56365172981199,15:39:25.172,29.0900,100
56365772820393,15:39:25.772,29.0800,100
56368034426712,15:39:28.034,29.0700,80
56368034426712,15:39:28.034,29.0700,67
56368034464685,15:39:28.034,29.0700,33
56368525745559,15:39:28.525,29.0600,100
56368525745559,15:39:28.525,29.0600,100
56368525745559,15:39:28.525,29.0600,100
56378527793879,15:39:38.527,29.0700,90
56378527793879,15:39:38.527,29.0700,1
56378527793879,15:39:38.527,29.0700,5
56378528413850,15:39:38.528,29.0700,100
56382127610537,15:39:42.127,29.0700,100
56383169112913,15:39:43.169,29.0800,100
56383169112913,15:39:43.169,29.0800,10
56393953239365,15:39:53.953,29.0300,100
56393953239365,15:39:53.953,29.0300,100
56398209840172,15:39:58.209,28.9900,3
56486991992181,15:41:26.991,28.9900,100
56581835774874,15:43:01.835,29.0000,76
56581836674696,15:43:01.836,29.0000,24
56581840225835,15:43:01.840,28.9900,100
56636663868310,15:43:56.663,29.0000,43
56636663913157,15:43:56.663,29.0000,57
56636663913157,15:43:56.663,29.0000,100
56636663913157,15:43:56.663,29.0000,1
56636663964536,15:43:56.663,29.0000,100
56636663993726,15:43:56.663,29.0000,10
56636670539699,15:43:56.670,29.0100,100
56636671487623,15:43:56.671,29.0000,100
56638503020802,15:43:58.503,29.0000,100
56640957030389,15:44:00.957,29.0000,100
56685187580772,15:44:45.187,29.0100,100
56717717895255,15:45:17.717,29.0300,2
56717717895255,15:45:17.717,29.0300,68
56742729589618,15:45:42.729,29.0400,22
56950723530756,15:49:10.723,29.0500,1
56950723584402,15:49:10.723,29.0500,99
56950723594532,15:49:10.723,29.0500,1
56987773326309,15:49:47.773,29.0300,100
56994083254119,15:49:54.083,29.0400,30
56994083255499,15:49:54.083,29.0400,30
57016404552512,15:50:16.404,29.0300,10
57140273579662,15:52:20.273,29.0200,100
57140273579662,15:52:20.273,29.0200,74
57140273618522,15:52:20.273,29.0200,26
57140273618522,15:52:20.273,29.0200,48
57140273628463,15:52:20.273,29.0200,30
57140273643361,15:52:20.273,29.0200,22
57163248082880,15:52:43.248,29.0100,100
57163248082880,15:52:43.248,29.0100,100
57163248159273,15:52:43.248,29.0100,100
57163270151465,15:52:43.270,28.9800,100
57270915876249,15:54:30.915,28.9700,100
57270915876249,15:54:30.915,28.9700,1
57270915876249,15:54:30.915,28.9700,37
57270916485556,15:54:30.916,28.9800,11
57300060697549,15:55:00.060,29.0200,5
57300061206762,15:55:00.061,29.0200,29
57300071270650,15:55:00.071,29.0300,30
57300071305021,15:55:00.071,29.0300,32
57300071307129,15:55:00.071,29.0300,30
57333582119341,15:55:33.582,29.0200,100
57333582119341,15:55:33.582,29.0200,100
57333582119341,15:55:33.582,29.0200,78
57333582119341,15:55:33.582,29.0200,56
57333582119341,15:55:33.582,29.0200,15
57375106975104,15:56:15.106,29.0200,5
57378785630723,15:56:18.785,29.0200,100
57426638827309,15:57:06.638,29.0300,100
57426638827309,15:57:06.638,29.0300,100
57426772548280,15:57:06.772,29.0300,80
57474199008152,15:57:54.199,29.0300,113
57474199008152,15:57:54.199,29.0300,87
57474199045531,15:57:54.199,29.0300,13
57474199045531,15:57:54.199,29.0300,100
57474199045531,15:57:54.199,29.0300,7
57474199062025,15:57:54.199,29.0300,30
57474199081366,15:57:54.199,29.0300,63
57474199081366,15:57:54.199,29.0300,37
57474199360323,15:57:54.199,29.0300,63
57474199360323,15:57:54.199,29.0300,37
57474199425287,15:57:54.199,29.0300,100
57474199518135,15:57:54.199,29.0300,54
57474199518135,15:57:54.199,29.0300,46
57480692285555,15:58:00.692,29.0300,60
57526117495276,15:58:46.117,29.0500,100
57526117495276,15:58:46.117,29.0500,18
57526117860080,15:58:46.117,29.0500,2
57526117860080,15:58:46.117,29.0500,18
57526117871649,15:58:46.117,29.0500,30
57526118261712,15:58:46.118,29.0500,52
57526118261712,15:58:46.118,29.0500,10
57527966323378,15:58:47.966,29.0500,100
57547766206085,15:59:07.766,29.0600,100
57551035637279,15:59:11.035,29.0700,51
57571970589806,15:59:31.970,29.0600,100
57575358450920,15:59:35.358,29.0700,32
57578939962122,15:59:38.939,29.0600,49
57580508367456,15:59:40.508,29.0600,51
57582816974499,15:59:42.816,29.0600,100
57590486453776,15:59:50.486,29.0700,137
57590486492740,15:59:50.486,29.0700,131
57590486492740,15:59:50.486,29.0700,49
57590486492740,15:59:50.486,29.0700,7
57600565883301,16:00:00.565,29.0900,23856
