timestamp,time,price,volume
34200080947347,09:30:00.080,0.0000,0
34323073830035,09:32:03.073,78.3000,10
34853793728491,09:40:53.793,78.1900,50
34853794098956,09:40:53.794,78.1900,17
34853794098956,09:40:53.794,78.1800,33
34853794154463,09:40:53.794,78.1800,17
35241865784329,09:47:21.865,78.0000,1
35862890269238,09:57:42.890,78.0100,146
35862890320650,09:57:42.890,78.0100,200
35862894539564,09:57:42.894,78.0100,74
35862894590041,09:57:42.894,78.0100,105
36356308299277,10:05:56.308,77.8700,50
36356308969928,10:05:56.308,77.8700,50
36623999648470,10:10:23.999,77.8400,100
36656717644306,10:10:56.717,77.8400,100
36700949786784,10:11:40.949,77.8900,19
36700949814346,10:11:40.949,77.8900,281
36902792616025,10:15:02.792,77.9400,100
36902792616025,10:15:02.792,77.9300,100
36902792679079,10:15:02.792,77.9300,100
36902793249230,10:15:02.793,77.9400,20
36902793560321,10:15:02.793,77.9400,20
36902793862714,10:15:02.793,77.9400,20
36923199802081,10:15:23.199,77.9400,20
36923200115522,10:15:23.200,77.9400,20
36923200417631,10:15:23.200,77.9400,20
36923200484637,10:15:23.200,77.9400,20
36923200538984,10:15:23.200,77.9400,20
36923200584338,10:15:23.200,77.9400,3
36923200584338,10:15:23.200,77.9400,17
36923200631257,10:15:23.200,77.9400,3
36923200631257,10:15:23.200,77.9300,17
36923200716280,10:15:23.200,77.9300,3
37090093513869,10:18:10.093,77.8500,77
37090093521992,10:18:10.093,77.8500,23
37090093521992,10:18:10.093,77.8500,27
37090093523072,10:18:10.093,77.8500,50
37090093590231,10:18:10.093,77.8500,23
37091683678149,10:18:11.683,77.8500,10
37091683678149,10:18:11.683,77.8500,40
37091683678149,10:18:11.683,77.8500,10
37107003253805,10:18:27.003,77.8500,30
37107003253805,10:18:27.003,77.8500,10
37107003253805,10:18:27.003,77.8500,29
37108493645422,10:18:28.493,77.8500,11
37166866981209,10:19:26.866,77.9000,449
37748331156828,10:29:08.331,78.0700,10
37748331161291,10:29:08.331,78.0800,100
37811073711342,10:30:11.073,78.0900,46
37818066149252,10:30:18.066,78.0900,50
37828293390436,10:30:28.293,78.0900,4
37854805228892,10:30:54.805,78.0400,36
37854805242314,10:30:54.805,78.0400,64
38271876758225,10:37:51.876,78.0000,30
38271876784998,10:37:51.876,78.0000,70
38720025414958,10:45:20.025,78.1000,40
38830874849872,10:47:10.874,78.0900,30
39334084417591,10:55:34.084,78.1500,24
39334084489906,10:55:34.084,78.1500,76
39663249727623,11:01:03.249,78.1900,50
39663249756321,11:01:03.249,78.1900,50
39664668495166,11:01:04.668,78.2500,100
39880428510629,11:04:40.428,78.2000,100
39880428518263,11:04:40.428,78.2000,50
39880428753026,11:04:40.428,78.1900,50
39880428768481,11:04:40.428,78.1900,50
39900224240129,11:05:00.224,78.2150,100
39900224473155,11:05:00.224,78.2400,50
39900224528072,11:05:00.224,78.2400,50
39938430176797,11:05:38.430,78.2500,50
39938430851130,11:05:38.430,78.2500,50
39983301275987,11:06:23.301,78.2600,100
39983301275987,11:06:23.301,78.2600,100
39983380212576,11:06:23.380,78.2700,100
39983380212576,11:06:23.380,78.2700,690
40044951910146,11:07:24.951,78.2600,100
40072486466844,11:07:52.486,78.2700,100
40481136648315,11:14:41.136,78.3200,100
40483471941140,11:14:43.471,78.3200,100
40483471941140,11:14:43.471,78.3200,100
40483471941140,11:14:43.471,78.3200,200
40645698784902,11:17:25.698,78.3050,100
40645698784902,11:17:25.698,78.3200,100
40645698784902,11:17:25.698,78.3200,100
40645729412606,11:17:25.729,78.3200,100
40645729550741,11:17:25.729,78.3200,100
40729726249650,11:18:49.726,78.3300,100
40752006678266,11:19:12.006,78.3200,50
40752006707694,11:19:12.006,78.3200,50
40752006707694,11:19:12.006,78.3200,50
40752006739662,11:19:12.006,78.3200,100
40752006741951,11:19:12.006,78.3200,50
40752006745177,11:19:12.006,78.3200,50
40752007171943,11:19:12.007,78.3200,50
40753020580599,11:19:13.020,78.3200,50
40753020595190,11:19:13.020,78.3200,50
41377759121663,11:29:37.759,78.2300,100
41377759319694,11:29:37.759,78.2350,100
41404072997139,11:30:04.072,78.2400,100
41404074694448,11:30:04.074,78.2400,100
41404074694448,11:30:04.074,78.2400,100
41597746326925,11:33:17.746,78.2300,100
41597746650529,11:33:17.746,78.2300,100
41692579495140,11:34:52.579,78.2350,100
41724475455095,11:35:24.475,78.2300,100
41724476106324,11:35:24.476,78.2300,100
41789766509743,11:36:29.766,78.2100,100
41852487028264,11:37:32.487,78.2000,100
42003188042838,11:40:03.188,78.1700,100
42003188042838,11:40:03.188,78.1700,100
42003188066808,11:40:03.188,78.1700,64
42003188111139,11:40:03.188,78.1700,100
42003188111139,11:40:03.188,78.1700,36
42185951389909,11:43:05.951,78.1900,200
42185951389909,11:43:05.951,78.1900,100
42187960531265,11:43:07.960,78.1900,55
42196052726031,11:43:16.052,78.1900,45
42196052726031,11:43:16.052,78.1900,100
42196052726031,11:43:16.052,78.1900,100
42326231721770,11:45:26.231,78.2300,200
42326231721770,11:45:26.231,78.2300,100
42372537706347,11:46:12.537,78.2500,100
42378502264504,11:46:18.502,78.2500,50
42445159258101,11:47:25.159,78.2500,50
42445159258101,11:47:25.159,78.2500,150
42467731828455,11:47:47.731,78.2500,150
42467731828455,11:47:47.731,78.2500,100
42528041448029,11:48:48.041,78.2300,100
42528041479978,11:48:48.041,78.2300,100
42528041481864,11:48:48.041,78.2300,100
42789504095126,11:53:09.504,78.2150,200
42790168629367,11:53:10.168,78.2150,100
42790688703402,11:53:10.688,78.2200,100
43065281225747,11:57:45.281,78.2350,100
43065281225747,11:57:45.281,78.2350,200
43065281225747,11:57:45.281,78.2400,100
43065281225747,11:57:45.281,78.2400,100
43065282387246,11:57:45.282,78.2400,300
43065282728825,11:57:45.282,78.2400,100
43065282728825,11:57:45.282,78.2500,300
43065282728825,11:57:45.282,78.2500,100
43065610033351,11:57:45.610,78.2400,100
43319670915871,12:01:59.670,78.2400,100
43319670915871,12:01:59.670,78.2400,100
44060784374746,12:14:20.784,78.3200,100
44173749077172,12:16:13.749,78.3600,55
44209415828883,12:16:49.415,78.3600,45
44213466066582,12:16:53.466,78.3700,100
44213466965821,12:16:53.466,78.3700,100
44301177189903,12:18:21.177,78.3950,100
44562314005136,12:22:42.314,78.5200,100
44563850006911,12:22:43.850,78.5200,100
44873749254593,12:27:53.749,78.4150,100
44992781318565,12:29:52.781,78.4200,500
45026656481846,12:30:26.656,78.4300,500
45026657062614,12:30:26.657,78.4200,1000
45026657062614,12:30:26.657,78.4200,200
45026657062614,12:30:26.657,78.4200,300
45125475421012,12:32:05.475,78.4200,50
45125475421012,12:32:05.475,78.4200,40
45125475421012,12:32:05.475,78.4200,40
45125475421012,12:32:05.475,78.4200,60
45125475421012,12:32:05.475,78.4200,10
45125475423216,12:32:05.475,78.4200,40
45193612529027,12:33:13.612,78.4200,140
45193612533832,12:33:13.612,78.4200,50
45193612553121,12:33:13.612,78.4200,50
45193612604643,12:33:13.612,78.4200,160
45217081497843,12:33:37.081,78.3900,98
45217081575010,12:33:37.081,78.3900,202
45217082564305,12:33:37.082,78.3900,116
45217082564940,12:33:37.082,78.3900,98
45217082694539,12:33:37.082,78.3900,86
45551031834613,12:39:11.031,78.3900,200
45551031834613,12:39:11.031,78.3900,100
45774856506504,12:42:54.856,78.3800,100
45894684617620,12:44:54.684,78.4000,50
45993731961972,12:46:33.731,78.3850,500
46149909045448,12:49:09.909,78.4100,100
46149909080366,12:49:09.909,78.4100,200
46422711387203,12:53:42.711,78.3800,100
46574528585732,12:56:14.528,78.3600,50
46574528657702,12:56:14.528,78.3600,50
46574530072583,12:56:14.530,78.3600,50
46688646378624,12:58:08.646,78.3700,100
46714213846121,12:58:34.213,78.3800,100
46834856593484,13:00:34.856,78.3600,1000
46834856593484,13:00:34.856,78.3600,300
47565682206742,13:12:45.682,78.4300,100
48048292970612,13:20:48.292,78.3800,100
48305843230408,13:25:05.843,78.4300,100
48459489585769,13:27:39.489,78.4500,200
48782345826161,13:33:02.345,78.4900,100
48925696251053,13:35:25.696,78.4900,50
48925696254557,13:35:25.696,78.4900,100
48925696324635,13:35:25.696,78.4900,350
50070805939285,13:54:30.805,78.3700,100
50220891537065,13:57:00.891,78.3400,28
50402687441649,14:00:02.687,78.3000,50
50406737970475,14:00:06.737,78.4000,100
50408592978373,14:00:08.592,78.4700,100
50408592978373,14:00:08.592,78.4700,100
50466231856610,14:01:06.231,78.7000,50
50467205210087,14:01:07.205,78.6100,100
50642353413668,14:04:02.353,78.6800,100
50817399413344,14:06:57.399,78.7900,63
50817399413344,14:06:57.399,78.7900,37
50928090137986,14:08:48.090,78.7900,80
50928090206235,14:08:48.090,78.7900,20
51661236528955,14:21:01.236,78.9800,100
51759084859302,14:22:39.084,78.9900,100
51803800673887,14:23:23.800,79.0100,100
51935083028142,14:25:35.083,79.0100,100
52058937140768,14:27:38.937,78.9000,50
52430589589937,14:33:50.589,78.9000,392
52485107654971,14:34:45.107,78.9900,100
52579141598695,14:36:19.141,78.9400,50
53006788249149,14:43:26.788,78.9700,50
53006788252231,14:43:26.788,78.9700,50
53228492167332,14:47:08.492,79.1300,200
53540979987417,14:52:20.979,79.1900,100
54066042451807,15:01:06.042,79.3300,100
54306466579375,15:05:06.466,79.2200,100
54924125659735,15:15:24.125,79.1300,66
54924125738624,15:15:24.125,79.1300,34
55104268712271,15:18:24.268,79.1500,100
55219168958128,15:20:19.168,79.1400,100
55328951234471,15:22:08.951,79.0900,100
55430979215909,15:23:50.979,79.0200,400
55431011693952,15:23:51.011,79.0400,100
55551795853490,15:25:51.795,78.9900,100
55651774965716,15:27:31.774,79.0000,100
55651775067170,15:27:31.775,79.0000,300
55781070968982,15:29:41.070,79.0800,100
56132470791784,15:35:32.470,79.0800,50
56323820826134,15:38:43.820,79.0700,50
56367845692594,15:39:27.845,79.0100,4
56411967650109,15:40:11.967,79.0000,50
56480480188315,15:41:20.480,78.9700,50
56480480454862,15:41:20.480,78.9700,150
56533897517333,15:42:13.897,78.9600,100
56561510860626,15:42:41.510,78.9800,50
56696478467645,15:44:56.478,79.0200,87
56703293779890,15:45:03.293,79.0400,50
56703293963443,15:45:03.293,79.0400,50
57135461641277,15:52:15.461,79.0300,394
57300000334173,15:55:00.000,79.0000,200
57302996028158,15:55:02.996,79.0750,10
57345006184728,15:55:45.006,79.1200,200
57462243694507,15:57:42.243,79.1200,100
57462243931073,15:57:42.243,79.1200,50
57462244135808,15:57:42.244,79.1200,150
57523039234991,15:58:43.039,79.1000,100
57523040705740,15:58:43.040,79.1100,50
57554208124679,15:59:14.208,79.1300,70
57569198248566,15:59:29.198,79.1300,62
57578027485500,15:59:38.027,79.1200,45
57600399658864,16:00:00.399,0.0000,0
59812693987596,16:36:52.693,80.0400,9
