timestamp,time,price,volume
34200189064867,09:30:00.189,0.0000,0
34440075834969,09:34:00.075,26.1900,100
34440075834969,09:34:00.075,26.1900,66
34460216812401,09:34:20.216,26.1900,3
34475218707868,09:34:35.218,26.2000,3
34483217913118,09:34:43.217,26.2000,3
34494217906011,09:34:54.217,26.2000,3
34521626894966,09:35:21.626,26.1900,100
34521626894966,09:35:21.626,26.1900,35
35048474333283,09:44:08.474,26.1700,5
35048474333283,09:44:08.474,26.1900,1
35048474487757,09:44:08.474,26.1300,10
35048474487757,09:44:08.474,26.0800,4
35048474487757,09:44:08.474,26.0800,86
35048474521540,09:44:08.474,26.1900,5
35048474845140,09:44:08.474,26.2000,200
35048475448112,09:44:08.475,26.2000,5
35048475608699,09:44:08.475,26.2000,100
35048486803911,09:44:08.486,26.2000,5
35048577568784,09:44:08.577,26.2100,100
35093949291504,09:44:53.949,26.2800,100
35093949291504,09:44:53.949,26.2900,100
35093955543698,09:44:53.955,26.2800,100
35395629651501,09:49:55.629,26.2100,9
35395629673345,09:49:55.629,26.2100,77
35395629702294,09:49:55.629,26.2100,14
35526162020986,09:52:06.162,26.2300,100
35526162428850,09:52:06.162,26.2300,100
35527055066145,09:52:07.055,26.2400,6
35531178427656,09:52:11.178,26.3000,100
35531178427656,09:52:11.178,26.3100,29
35531178427656,09:52:11.178,26.3100,171
35566371442116,09:52:46.371,26.2400,100
35594518011313,09:53:14.518,26.2000,100
35673948692560,09:54:33.948,26.2500,5
35829702444849,09:57:09.702,26.2800,7
36007122950206,10:00:07.122,26.3100,100
36007123554184,10:00:07.123,26.3200,7
36011108032618,10:00:11.108,26.2700,100
36202565468218,10:03:22.565,26.2300,5
36346669589003,10:05:46.669,26.2800,100
36405805285591,10:06:45.805,26.2800,5
36520920804105,10:08:40.920,26.2700,100
36641301958664,10:10:41.301,26.2500,4
36708765735989,10:11:48.765,26.2800,100
36708765852872,10:11:48.765,26.2800,71
36776175289246,10:12:56.175,26.3300,100
36936147909587,10:15:36.147,26.3600,100
36936147935488,10:15:36.147,26.3600,100
36936148036518,10:15:36.148,26.3600,88
37040820386952,10:17:20.820,26.2900,100
37040820386952,10:17:20.820,26.2900,6
37232633616472,10:20:32.633,26.4200,100
37651482085708,10:27:31.482,26.5100,100
37651482085708,10:27:31.482,26.5100,100
37651482565624,10:27:31.482,26.5000,100
37792946716571,10:29:52.946,26.4900,34
37944173113953,10:32:24.173,26.5400,100
37944173564629,10:32:24.173,26.5600,2
37944176672394,10:32:24.176,26.5600,98
37945617519982,10:32:25.617,26.6300,100
38111524811295,10:35:11.524,26.6500,100
38111560455514,10:35:11.560,26.6600,100
38176005659408,10:36:16.005,26.7200,100
38176005659408,10:36:16.005,26.7200,24
38176005659408,10:36:16.005,26.7200,76
38176005822774,10:36:16.005,26.7200,24
38243678951946,10:37:23.678,26.6600,42
38250711703959,10:37:30.711,26.6500,100
38353136953038,10:39:13.136,26.7200,4
38378710325509,10:39:38.710,26.7100,100
38472182048292,10:41:12.182,26.6700,5
38517830909978,10:41:57.830,26.6600,1
38517830909978,10:41:57.830,26.6600,99
38565454587579,10:42:45.454,26.6500,100
38647471442318,10:44:07.471,26.6700,1
38647471442318,10:44:07.471,26.6700,4
38694915532532,10:44:54.915,26.7000,100
38796342109713,10:46:36.342,26.7500,100
38796462149155,10:46:36.462,26.7600,100
38812376492047,10:46:52.376,26.7400,100
39046214724607,10:50:46.214,26.6700,100
39046214724607,10:50:46.214,26.6700,100
39046214724607,10:50:46.214,26.6700,100
39083005849543,10:51:23.005,26.6600,100
39102327461591,10:51:42.327,26.7000,200
39102338530154,10:51:42.338,26.6900,100
39193744625643,10:53:13.744,26.6400,100
39328982965402,10:55:28.982,26.7000,10
39427157108487,10:57:07.157,26.7100,100
39611123391735,11:00:11.123,26.6300,100
39611123391735,11:00:11.123,26.6300,100
39611123831193,11:00:11.123,26.6300,100
39611123873454,11:00:11.123,26.6300,30
39611124000359,11:00:11.124,26.6300,70
39663471341812,11:01:03.471,26.6500,100
39663714100097,11:01:03.714,26.6500,1
39663755123755,11:01:03.755,26.6500,4
39902127361937,11:05:02.127,26.6400,100
39902127853112,11:05:02.127,26.6400,75
39902129525961,11:05:02.129,26.6300,30
39902130210765,11:05:02.130,26.6300,70
39904000247865,11:05:04.000,26.6400,100
39919261442656,11:05:19.261,26.6400,100
40046980787436,11:07:26.980,26.6200,100
40046981182466,11:07:26.981,26.6100,1
40214907898857,11:10:14.907,26.5800,100
40292934078050,11:11:32.934,26.5700,100
40303853327945,11:11:43.853,26.5600,100
40303854657387,11:11:43.854,26.5800,100
40306562421985,11:11:46.562,26.6200,21
40306563099249,11:11:46.563,26.6300,13
40306566370364,11:11:46.566,26.6300,8
40306941743723,11:11:46.941,26.6300,100
40306941743723,11:11:46.941,26.6300,87
40545984000533,11:15:45.984,26.6000,2
40750337860060,11:19:10.337,26.6100,3
40750805761594,11:19:10.805,26.6100,100
40751979754931,11:19:11.979,26.6100,3
40765863952720,11:19:25.863,26.6100,26
40765863952720,11:19:25.863,26.6100,29
40785897509884,11:19:45.897,26.6000,46
40895905533868,11:21:35.905,26.6000,100
40895905533868,11:21:35.905,26.6000,100
40895907280743,11:21:35.907,26.6000,100
40895907566265,11:21:35.907,26.6100,100
40895907566265,11:21:35.907,26.6100,100
40930697476458,11:22:10.697,26.6100,100
40930698991389,11:22:10.698,26.6200,100
40930699385366,11:22:10.699,26.6300,15
40930699683127,11:22:10.699,26.6300,11
40930699916332,11:22:10.699,26.6300,15
40930699991666,11:22:10.699,26.6300,20
40942959095514,11:22:22.959,26.6200,19
40942959095514,11:22:22.959,26.6100,81
40970642605352,11:22:50.642,26.6300,100
40970642605352,11:22:50.642,26.6300,100
40980947083775,11:23:00.947,26.6400,15
40980947542052,11:23:00.947,26.6500,100
40980952043187,11:23:00.952,26.6500,4
41414794317078,11:30:14.794,26.6500,100
41426227653798,11:30:26.227,26.6600,16
41426227653798,11:30:26.227,26.6600,100
41446749090135,11:30:46.749,26.6500,58
41446749530005,11:30:46.749,26.6500,14
41519886115925,11:31:59.886,26.6700,12
41520676786621,11:32:00.676,26.6600,100
41862150528695,11:37:42.150,26.6600,100
41872185060378,11:37:52.185,26.6900,4
41872185060378,11:37:52.185,26.6900,20
41872185792816,11:37:52.185,26.7000,8
41872187771201,11:37:52.187,26.7100,100
41872187771201,11:37:52.187,26.7100,6
41872734316638,11:37:52.734,26.7500,5
41872734316638,11:37:52.734,26.7500,95
41886945728945,11:38:06.945,26.7600,100
41888256520216,11:38:08.256,26.7800,100
41932260427545,11:38:52.260,26.7400,68
41942217438900,11:39:02.217,26.7100,100
42193063858854,11:43:13.063,26.7500,100
42248594809894,11:44:08.594,26.7600,100
42443975296537,11:47:23.975,26.8100,4
42443975296537,11:47:23.975,26.8100,100
42443975699734,11:47:23.975,26.8200,76
42443975735609,11:47:23.975,26.8200,24
42580441652020,11:49:40.441,26.8600,4
42580441652020,11:49:40.441,26.8600,200
42580462016507,11:49:40.462,26.8700,100
42612963988305,11:50:12.963,26.8400,2
42612964012500,11:50:12.964,26.8400,198
42612964012500,11:50:12.964,26.8400,1
42693903210875,11:51:33.903,26.8000,100
43002811379022,11:56:42.811,26.7900,100
43002811379022,11:56:42.811,26.7900,100
43287829117353,12:01:27.829,26.7700,100
43316427715570,12:01:56.427,26.7700,99
43316427715570,12:01:56.427,26.7700,1
43356659029275,12:02:36.659,26.8000,100
43388025360442,12:03:08.025,26.8100,100
43402490982808,12:03:22.490,26.8100,20
43446088887637,12:04:06.088,26.8000,99
43446088887637,12:04:06.088,26.8000,1
43446089209407,12:04:06.089,26.8000,99
43580716905947,12:06:20.716,26.7500,100
43580716933765,12:06:20.716,26.7500,100
43608986833643,12:06:48.986,26.7600,3
43608986833643,12:06:48.986,26.7600,4
43609991603975,12:06:49.991,26.7700,1
43800250280568,12:10:00.250,26.8000,1
43857819204274,12:10:57.819,26.8000,4
43857819756057,12:10:57.819,26.8000,96
44293596003505,12:18:13.596,26.7700,100
44293596099287,12:18:13.596,26.7700,1
44329133760387,12:18:49.133,26.7600,100
44329133760387,12:18:49.133,26.7600,100
44521341357419,12:22:01.341,26.7500,100
44698742178444,12:24:58.742,26.7300,100
44698742178444,12:24:58.742,26.7300,100
44698742178444,12:24:58.742,26.7300,100
44876183536056,12:27:56.183,26.6900,71
44914913049328,12:28:34.913,26.7200,8
44915309563658,12:28:35.309,26.7100,100
45157371876060,12:32:37.371,26.6900,100
45157371876060,12:32:37.371,26.6900,100
45376298843219,12:36:16.298,26.6500,100
45376298843219,12:36:16.298,26.6500,1
45376298843219,12:36:16.298,26.6500,4
45376298843219,12:36:16.298,26.6500,9
45376300436273,12:36:16.300,26.6400,32
45378455185197,12:36:18.455,26.6500,100
45378461516028,12:36:18.461,26.6500,19
45378703494746,12:36:18.703,26.6600,12
45380163447291,12:36:20.163,26.6700,8
45380163975061,12:36:20.163,26.6800,100
45380163975061,12:36:20.163,26.6800,100
45380930804017,12:36:20.930,26.6800,100
45382116271024,12:36:22.116,26.6800,100
45710911295921,12:41:50.911,26.7000,100
45722999218770,12:42:02.999,26.6800,100
45744571157377,12:42:24.571,26.6800,100
45744571603965,12:42:24.571,26.6800,29
45744571603965,12:42:24.571,26.6800,29
45828602361865,12:43:48.602,26.6800,29
45911018865304,12:45:11.018,26.6800,29
45911018868145,12:45:11.018,26.6800,29
45911018892065,12:45:11.018,26.6800,30
45911018918315,12:45:11.018,26.6800,12
46036844327072,12:47:16.844,26.7000,100
46354991198816,12:52:34.991,26.7400,30
46354991263808,12:52:34.991,26.7400,70
46381991344732,12:53:01.991,26.7500,76
46444659257633,12:54:04.659,26.7500,90
46444661108910,12:54:04.661,26.7500,10
46444661108910,12:54:04.661,26.7500,100
46485649481807,12:54:45.649,26.7400,3
46486110156309,12:54:46.110,26.7400,2
46535390967770,12:55:35.390,26.7500,100
46537360740545,12:55:37.360,26.7400,95
46537360740545,12:55:37.360,26.7400,5
46537361118460,12:55:37.361,26.7400,95
46636392792152,12:57:16.392,26.7600,4
46636392792152,12:57:16.392,26.7600,100
46636392792152,12:57:16.392,26.7600,8
46636392976308,12:57:16.392,26.7600,52
46735410447326,12:58:55.410,26.7700,80
46789695707467,12:59:49.695,26.7900,78
46886266235031,13:01:26.266,26.8000,79
46991115513351,13:03:11.115,26.7900,100
46997602662479,13:03:17.602,26.8100,4
46997602662479,13:03:17.602,26.8100,1
46998794279477,13:03:18.794,26.8100,27
46998794279477,13:03:18.794,26.8100,18
46998794279477,13:03:18.794,26.8100,55
47010905774562,13:03:30.905,26.8000,100
47144609764668,13:05:44.609,26.8300,100
47144609764668,13:05:44.609,26.8300,35
47438061918695,13:10:38.061,26.8300,100
47438061918695,13:10:38.061,26.8300,45
47438061918695,13:10:38.061,26.8300,100
47438061918695,13:10:38.061,26.8300,100
47443452649641,13:10:43.452,26.8300,3
47641081658747,13:14:01.081,26.8200,100
47641081658747,13:14:01.081,26.8200,100
47921279656681,13:18:41.279,26.7800,1
47940282351686,13:19:00.282,26.7700,2
47987306440886,13:19:47.306,26.7600,100
47987306440886,13:19:47.306,26.7600,59
47987306466675,13:19:47.306,26.7600,63
47990959952474,13:19:50.959,26.7400,7
47997399966923,13:19:57.399,26.7100,50
48180545179528,13:23:00.545,26.6900,100
48341234555693,13:25:41.234,26.6800,100
48341235438639,13:25:41.235,26.7000,100
48341235438639,13:25:41.235,26.7000,23
48429924935372,13:27:09.924,26.6800,100
48624355880632,13:30:24.355,26.6800,26
48624355907354,13:30:24.355,26.6800,74
48624355907354,13:30:24.355,26.6800,100
48624355907354,13:30:24.355,26.6800,67
48627462909084,13:30:27.462,26.6800,100
48627463257786,13:30:27.463,26.6900,30
48637636788695,13:30:37.636,26.6800,30
48637636788695,13:30:37.636,26.6800,10
48637636788695,13:30:37.636,26.6800,60
48692392646622,13:31:32.392,26.6800,26
48692392646622,13:31:32.392,26.6800,74
48692394465514,13:31:32.394,26.6800,26
48692394465514,13:31:32.394,26.6800,36
48692424948717,13:31:32.424,26.6800,36
48751429199481,13:32:31.429,26.6900,64
48823607447231,13:33:43.607,26.7200,100
48837528097193,13:33:57.528,26.7200,100
48845290501242,13:34:05.290,26.7200,100
48855044237197,13:34:15.044,26.7200,100
48855044237197,13:34:15.044,26.7200,100
49094708399984,13:38:14.708,26.7100,100
49094708435005,13:38:14.708,26.7100,100
49094708891050,13:38:14.708,26.7100,20
49096456781000,13:38:16.456,26.7100,1
49129301460979,13:38:49.301,26.7100,19
49129301460979,13:38:49.301,26.7100,25
49385421009493,13:43:05.421,26.7100,8
49385421009493,13:43:05.421,26.7200,2
49385421010309,13:43:05.421,26.7200,8
49385421343523,13:43:05.421,26.7100,100
49385422169856,13:43:05.422,26.7300,10
49521312505842,13:45:21.312,26.7400,100
49521607685777,13:45:21.607,26.7400,2
49523276909243,13:45:23.276,26.7400,1
49523276975843,13:45:23.276,26.7500,100
49523277953205,13:45:23.277,26.7500,100
49530166646137,13:45:30.166,26.7600,100
49530166646137,13:45:30.166,26.7600,100
49590869697957,13:46:30.869,26.7600,1
49686225373530,13:48:06.225,26.7600,19
49686225373530,13:48:06.225,26.7600,81
49688746532703,13:48:08.746,26.7600,119
49689973345019,13:48:09.973,26.7600,7
49689974433033,13:48:09.974,26.7600,100
49689974457210,13:48:09.974,26.7600,74
49858136711255,13:50:58.136,26.7500,100
49858614939033,13:50:58.614,26.7400,31
49858614939033,13:50:58.614,26.7300,69
49890941040932,13:51:30.941,26.7500,100
49911526136082,13:51:51.526,26.7500,100
49993521047376,13:53:13.521,26.7500,100
50001299421871,13:53:21.299,26.7700,21
50024266567644,13:53:44.266,26.7900,100
50026131096873,13:53:46.131,26.8000,24
50026131121028,13:53:46.131,26.8000,11
50056262991220,13:54:16.262,26.7900,100
50067652105735,13:54:27.652,26.7900,100
50132325236814,13:55:32.325,26.8100,2
50156959141192,13:55:56.959,26.8000,100
50170821694723,13:56:10.821,26.8300,100
50171135182261,13:56:11.135,26.8250,100
50171135344988,13:56:11.135,26.8400,1
50171135355801,13:56:11.135,26.8400,99
50193900396329,13:56:33.900,26.8700,66
50193900421863,13:56:33.900,26.8700,100
50193900455668,13:56:33.900,26.8700,34
50194479324600,13:56:34.479,26.8900,100
50206742129593,13:56:46.742,26.9100,100
50206742671304,13:56:46.742,26.9100,100
50208534978310,13:56:48.534,26.9200,100
50210019495063,13:56:50.019,26.9100,100
50298745551259,13:58:18.745,26.8700,100
50298745551259,13:58:18.745,26.8700,33
50298745578071,13:58:18.745,26.8700,67
50298747095130,13:58:18.747,26.8700,25
50332884965365,13:58:52.884,26.8400,100
50396000321398,13:59:56.000,26.8100,34
50407804112817,14:00:07.804,26.8600,14
50407804122341,14:00:07.804,26.8600,41
50407804183619,14:00:07.804,26.8600,2
50408633463499,14:00:08.633,26.8700,100
50411479615330,14:00:11.479,26.9100,43
50455806723870,14:00:55.806,26.8900,3
50455806726495,14:00:55.806,26.8900,97
50455806726495,14:00:55.806,26.8900,6
50462183621797,14:01:02.183,26.8900,100
50547598800924,14:02:27.598,26.8700,100
50608824572740,14:03:28.824,26.9000,57
50608824587497,14:03:28.824,26.9000,43
50640841843309,14:04:00.841,26.9300,100
50668165633486,14:04:28.165,26.9500,38
50672479078403,14:04:32.479,26.9600,100
50699597063358,14:04:59.597,26.9900,100
50780972622408,14:06:20.972,27.0300,100
50780972622408,14:06:20.972,27.0300,100
50998442542611,14:09:58.442,26.9900,100
50998442542611,14:09:58.442,27.0000,20
50998443970551,14:09:58.443,27.0000,100
51011316446642,14:10:11.316,27.0300,50
51011316446642,14:10:11.316,27.0300,50
51011316473302,14:10:11.316,27.0300,10
51011316473302,14:10:11.316,27.0300,90
51011316888688,14:10:11.316,27.0300,10
51075992164213,14:11:15.992,27.0400,99
51089121528761,14:11:29.121,27.0500,100
51089121906794,14:11:29.121,27.0500,1
51145231566244,14:12:25.231,27.0600,100
51145231566244,14:12:25.231,27.0600,100
51145231566244,14:12:25.231,27.0600,100
51145233954255,14:12:25.233,27.0400,100
51164886995126,14:12:44.886,27.0600,100
51183030415025,14:13:03.030,27.0900,100
51255671475449,14:14:15.671,27.1100,36
51255671689052,14:14:15.671,27.1100,64
51255671689052,14:14:15.671,27.1100,73
51255671792095,14:14:15.671,27.1100,27
51255772373950,14:14:15.772,27.1100,100
51255773173904,14:14:15.773,27.1100,100
51260019459626,14:14:20.019,27.1100,100
51306783058394,14:15:06.783,27.1200,52
51306783058394,14:15:06.783,27.1200,48
51348145096385,14:15:48.145,27.1100,100
51348145096385,14:15:48.145,27.1100,52
51348145096385,14:15:48.145,27.1100,1
51348156596996,14:15:48.156,27.1000,100
51400197112350,14:16:40.197,27.1200,8
51400197112350,14:16:40.197,27.1300,92
51467328090929,14:17:47.328,27.1100,100
51467328090929,14:17:47.328,27.1100,100
51467342325373,14:17:47.342,27.1000,56
51582267441580,14:19:42.267,27.1100,100
51587204439555,14:19:47.204,27.1100,100
51662620412231,14:21:02.620,27.1200,100
51663365986672,14:21:03.365,27.1100,100
51669214119085,14:21:09.214,27.1000,100
51669215123385,14:21:09.215,27.0900,11
51669215147413,14:21:09.215,27.0900,89
51669220592013,14:21:09.220,27.0700,100
51670405931767,14:21:10.405,27.0700,1
51670405966953,14:21:10.405,27.0700,46
51840186551451,14:24:00.186,27.0550,48
51840186551451,14:24:00.186,27.0700,18
51840186551451,14:24:00.186,27.0700,100
51970641147461,14:26:10.641,27.0700,100
51970641147461,14:26:10.641,27.0700,100
51970641632289,14:26:10.641,27.0700,100
51970642042362,14:26:10.642,27.0800,100
51970642982806,14:26:10.642,27.1000,100
51970642982806,14:26:10.642,27.1000,30
51970649919199,14:26:10.649,27.0900,64
51976483602885,14:26:16.483,27.1200,100
51976519958143,14:26:16.519,27.1200,100
52060570326875,14:27:40.570,27.0800,100
52074449076053,14:27:54.449,27.0800,100
52074449686458,14:27:54.449,27.0800,100
52074455760342,14:27:54.455,27.0900,20
52177664990644,14:29:37.664,27.0900,1
52190679939421,14:29:50.679,27.1100,140
52190679939421,14:29:50.679,27.1100,1
52190679939421,14:29:50.679,27.1100,100
52190679939421,14:29:50.679,27.1100,100
52275174766516,14:31:15.174,27.1200,37
52275177420126,14:31:15.177,27.1200,100
52275180577654,14:31:15.180,27.1300,100
52275180577654,14:31:15.180,27.1300,100
52275180577654,14:31:15.180,27.1300,63
52275181215078,14:31:15.181,27.1300,100
52275215860614,14:31:15.215,27.1300,100
52275366889676,14:31:15.366,27.1300,100
52311601166521,14:31:51.601,27.1000,100
52311603591443,14:31:51.603,27.0900,57
52311603593143,14:31:51.603,27.0900,43
52377556788866,14:32:57.556,27.0600,25
52377556869780,14:32:57.556,27.0600,75
52497034193407,14:34:57.034,27.0800,100
52497034193407,14:34:57.034,27.0800,100
52497065629366,14:34:57.065,27.0900,100
52572343452313,14:36:12.343,27.0700,100
52572343452313,14:36:12.343,27.0700,100
52667787773924,14:37:47.787,27.0800,100
52673429464266,14:37:53.429,27.1000,100
52673429925572,14:37:53.429,27.1000,100
52673429925572,14:37:53.429,27.1000,100
52688501965562,14:38:08.501,27.1000,100
52688501965562,14:38:08.501,27.1000,99
52688502222489,14:38:08.502,27.1000,1
52725825024315,14:38:45.825,27.0800,1
52758363449924,14:39:18.363,27.0800,99
52758363877154,14:39:18.363,27.0800,100
52931882356733,14:42:11.882,27.0900,20
52931882356733,14:42:11.882,27.0900,100
52931882356733,14:42:11.882,27.0900,100
52931882356733,14:42:11.882,27.0900,100
52939584978493,14:42:19.584,27.1000,100
52980532616343,14:43:00.532,27.1200,100
52980532616343,14:43:00.532,27.1200,100
52992200990031,14:43:12.200,27.1100,100
52995074823384,14:43:15.074,27.1000,100
52995074823384,14:43:15.074,27.1000,89
52995128283728,14:43:15.128,27.0900,100
53088606907145,14:44:48.606,27.1400,100
53155050502380,14:45:55.050,27.1300,41
53155050526606,14:45:55.050,27.1300,59
53155050526606,14:45:55.050,27.1300,41
53189264189334,14:46:29.264,27.1600,100
53189270425568,14:46:29.270,27.1600,100
53191732447039,14:46:31.732,27.1600,123
53191732630452,14:46:31.732,27.1600,77
53191882742581,14:46:31.882,27.1600,90
53216618610380,14:46:56.618,27.1700,100
53322608946159,14:48:42.608,27.1500,1
53322609050215,14:48:42.609,27.1500,99
53461263851353,14:51:01.263,27.1300,100
53461417777279,14:51:01.417,27.1300,3
53462034882107,14:51:02.034,27.1300,26
53525188083423,14:52:05.188,27.1500,100
53525188083423,14:52:05.188,27.1500,100
53542058062955,14:52:22.058,27.1600,100
53542058695322,14:52:22.058,27.1600,20
53542895238601,14:52:22.895,27.1600,100
53802133375099,14:56:42.133,27.2100,42
53804499195608,14:56:44.499,27.2000,100
53829396116554,14:57:09.396,27.2000,40
53829396116554,14:57:09.396,27.2000,46
53829396116554,14:57:09.396,27.2000,14
53833012848171,14:57:13.012,27.2000,1
53866353965593,14:57:46.353,27.2200,35
53986147055210,14:59:46.147,27.2500,100
53986154344830,14:59:46.154,27.2400,30
54013407850893,15:00:13.407,27.2300,100
54013407850893,15:00:13.407,27.2300,100
54122403407412,15:02:02.403,27.2100,100
54122403541654,15:02:02.403,27.2100,40
54122403541654,15:02:02.403,27.2100,100
54122403541654,15:02:02.403,27.2100,100
54268569475299,15:04:28.569,27.1900,100
54268569475299,15:04:28.569,27.1900,10
54268579600975,15:04:28.579,27.1900,100
54273061670496,15:04:33.061,27.2000,100
54307272215180,15:05:07.272,27.2100,100
54308195163035,15:05:08.195,27.2100,100
54319392000895,15:05:19.392,27.2200,100
54319392000895,15:05:19.392,27.2200,100
54444628243926,15:07:24.628,27.2100,100
54445086012192,15:07:25.086,27.2200,100
54445087592097,15:07:25.087,27.2300,35
54558447691696,15:09:18.447,27.2200,68
54558447691696,15:09:18.447,27.2200,32
54558448137985,15:09:18.448,27.2200,43
54558448547396,15:09:18.448,27.2200,25
54558448547396,15:09:18.448,27.2200,9
54558448585976,15:09:18.448,27.2200,4
54606006134006,15:10:06.006,27.2200,87
54606006134006,15:10:06.006,27.2200,13
54620384367223,15:10:20.384,27.2200,87
54620384367223,15:10:20.384,27.2200,13
54620385385059,15:10:20.385,27.2200,87
54620386649932,15:10:20.386,27.2100,100
54620388228208,15:10:20.388,27.2100,200
54664816993520,15:11:04.816,27.1900,100
54664816993520,15:11:04.816,27.1900,100
54700824719732,15:11:40.824,27.1500,1
54808658491646,15:13:28.658,27.1700,100
54808658491646,15:13:28.658,27.1700,100
54808678621761,15:13:28.678,27.1800,100
54921905339351,15:15:21.905,27.1900,100
54921905339351,15:15:21.905,27.1900,100
54935461141004,15:15:35.461,27.2100,87
54935461591258,15:15:35.461,27.2100,13
54988447835039,15:16:28.447,27.2300,187
54988448237819,15:16:28.448,27.2300,30
54988448498915,15:16:28.448,27.2200,100
54988458323526,15:16:28.458,27.2200,100
55051925044846,15:17:31.925,27.2200,100
55051925149850,15:17:31.925,27.2200,100
55060694662659,15:17:40.694,27.2100,1
55060694662659,15:17:40.694,27.2100,100
55093557635980,15:18:13.557,27.1900,1
55093557671802,15:18:13.557,27.1900,99
55093557671802,15:18:13.557,27.1900,100
55149876818296,15:19:09.876,27.1600,8
55175537277085,15:19:35.537,27.1700,9
55175537277085,15:19:35.537,27.1700,100
55175537277085,15:19:35.537,27.1700,91
55175547642729,15:19:35.547,27.1700,9
55175598796589,15:19:35.598,27.1700,93
55175790525431,15:19:35.790,27.1700,3
55182533454598,15:19:42.533,27.1700,1
55182533492149,15:19:42.533,27.1700,96
55228336957266,15:20:28.336,27.1800,100
55277391531486,15:21:17.391,27.1900,2
55277391538106,15:21:17.391,27.1900,73
55277391545104,15:21:17.391,27.1900,25
55277391545104,15:21:17.391,27.1900,49
55277391750023,15:21:17.391,27.1900,51
55309633013963,15:21:49.633,27.1800,25
55309633039881,15:21:49.633,27.1800,75
55309633039881,15:21:49.633,27.1800,9
55309722574738,15:21:49.722,27.1900,100
55309723842272,15:21:49.723,27.1900,100
55314249817463,15:21:54.249,27.1800,20
55314249817463,15:21:54.249,27.1700,80
55377111938187,15:22:57.111,27.1300,100
55386961555067,15:23:06.961,27.1300,33
55401387175313,15:23:21.387,27.0900,100
55403837908806,15:23:23.837,27.0700,100
55414857149300,15:23:34.857,27.0500,100
55414857173378,15:23:34.857,27.0500,100
55463013514701,15:24:23.013,27.0400,100
55463013514701,15:24:23.013,27.0400,100
55463015784039,15:24:23.015,27.0300,100
55489853152969,15:24:49.853,27.0100,100
55489853152969,15:24:49.853,27.0100,100
55500660993153,15:25:00.660,27.0100,26
55560260469836,15:26:00.260,26.9900,20
55560260469836,15:26:00.260,26.9900,100
55613515515636,15:26:53.515,26.9800,100
55613515515636,15:26:53.515,26.9800,100
55673143865458,15:27:53.143,26.9800,100
55673143865458,15:27:53.143,26.9800,20
55673143865458,15:27:53.143,26.9800,100
55675897621783,15:27:55.897,26.9800,100
55675901050542,15:27:55.901,26.9700,100
55762520595250,15:29:22.520,26.9500,100
55763222569173,15:29:23.222,26.9500,26
55763222593147,15:29:23.222,26.9500,3
55785136754864,15:29:45.136,26.9200,15
55814376449948,15:30:14.376,26.9100,100
55815118756358,15:30:15.118,26.9000,28
55815118781409,15:30:15.118,26.9000,72
55853717235411,15:30:53.717,26.9100,100
55853717235411,15:30:53.717,26.9100,200
55853720285210,15:30:53.720,26.9100,6
55853847511147,15:30:53.847,26.9200,100
55854167216690,15:30:54.167,26.9400,12
55854167216690,15:30:54.167,26.9500,65
55854167216690,15:30:54.167,26.9500,20
55854167216690,15:30:54.167,26.9600,100
55854333120470,15:30:54.333,26.9700,100
55854476770110,15:30:54.476,26.9800,100
55854561340374,15:30:54.561,27.0000,100
55854697019134,15:30:54.697,27.0200,100
55854756108004,15:30:54.756,27.0200,4
55861745519225,15:31:01.745,26.9800,50
55861745521769,15:31:01.745,26.9800,50
55868498935894,15:31:08.498,26.9200,100
55868499440878,15:31:08.499,26.9100,100
55868499440878,15:31:08.499,26.9100,100
55868500149325,15:31:08.500,26.8900,100
55868500304158,15:31:08.500,26.9100,100
55902300022835,15:31:42.300,26.8700,59
55923180214816,15:32:03.180,26.8500,100
55923180214816,15:32:03.180,26.8500,38
55923180214816,15:32:03.180,26.8500,100
55926759761810,15:32:06.759,26.8400,100
56009137447201,15:33:29.137,26.8000,70
56013279992279,15:33:33.279,26.8100,100
56013279992279,15:33:33.279,26.8100,100
56013279992279,15:33:33.279,26.8100,100
56013280520477,15:33:33.280,26.8100,100
56051152630424,15:34:11.152,26.7700,100
56172586189347,15:36:12.586,26.7600,100
56307867473426,15:38:27.867,26.7000,100
56307867473426,15:38:27.867,26.7000,100
56307867473426,15:38:27.867,26.7000,100
56338226591904,15:38:58.226,26.6800,100
56343866660312,15:39:03.866,26.6800,100
56363261936676,15:39:23.261,26.6900,100
56363263053984,15:39:23.263,26.7000,100
56505311168556,15:41:45.311,26.7000,100
56527031106330,15:42:07.031,26.6900,100
56527031106330,15:42:07.031,26.6900,100
56527031106330,15:42:07.031,26.6900,143
56527031219063,15:42:07.031,26.6900,57
56627384998470,15:43:47.384,26.6700,100
56627384998470,15:43:47.384,26.6800,35
56627385025609,15:43:47.385,26.6800,65
56627385025609,15:43:47.385,26.6800,100
56627385025609,15:43:47.385,26.6800,200
56627385025609,15:43:47.385,26.6800,100
56627385542636,15:43:47.385,26.6700,10
56632540258104,15:43:52.540,26.7150,100
56700007926231,15:45:00.007,26.8150,100
56700008134124,15:45:00.008,26.8000,100
56736181445643,15:45:36.181,26.8000,100
56736181445643,15:45:36.181,26.8000,105
56736184240347,15:45:36.184,26.8000,100
56741380299374,15:45:41.380,26.8100,100
56773329872050,15:46:13.329,26.7900,100
56855462904982,15:47:35.462,26.7950,100
56855462904982,15:47:35.462,26.8100,62
56855463193110,15:47:35.463,26.8100,13
56855463193110,15:47:35.463,26.8100,87
56861709185076,15:47:41.709,26.8100,100
56866385797910,15:47:46.385,26.8200,100
56882479649596,15:48:02.479,26.8200,1
56890186515413,15:48:10.186,26.8100,61
56890186634953,15:48:10.186,26.8100,3
56944326140464,15:49:04.326,26.8100,100
56949819571197,15:49:09.819,26.8000,100
56949819571197,15:49:09.819,26.8000,1
56964978577941,15:49:24.978,26.7800,100
56964978577941,15:49:24.978,26.7800,100
56965270683193,15:49:25.270,26.7800,100
56965270683193,15:49:25.270,26.7800,20
56966194681694,15:49:26.194,26.7800,100
56966197034858,15:49:26.197,26.7800,30
57014167332683,15:50:14.167,26.7850,100
57050520738522,15:50:50.520,26.7900,100
57050520738522,15:50:50.520,26.7900,29
57050520881969,15:50:50.520,26.7900,37
57050532442948,15:50:50.532,26.7900,34
57050532749467,15:50:50.532,26.8000,10
57050532774932,15:50:50.532,26.8000,20
57050532834436,15:50:50.532,26.8000,70
57050532834436,15:50:50.532,26.8000,30
57050532845533,15:50:50.532,26.8000,49
57050533572418,15:50:50.533,26.8000,21
57071526539798,15:51:11.526,26.8100,15
57071526682382,15:51:11.526,26.8100,15
57071526710317,15:51:11.526,26.8100,20
57072081007058,15:51:12.081,26.8150,100
57072082412609,15:51:12.082,26.8200,84
57072082460779,15:51:12.082,26.8200,16
57078479209518,15:51:18.479,26.8400,40
57078479235304,15:51:18.479,26.8400,60
57100942153542,15:51:40.942,26.8400,100
57105030354789,15:51:45.030,26.8400,100
57111285536309,15:51:51.285,26.8400,100
57133768104434,15:52:13.768,26.8400,100
57133768104434,15:52:13.768,26.8300,63
57133769514414,15:52:13.769,26.8300,37
57133769514414,15:52:13.769,26.8300,63
57156789050649,15:52:36.789,26.8200,82
57156789050649,15:52:36.789,26.8200,18
57169316224086,15:52:49.316,26.8200,60
57170841527754,15:52:50.841,26.8200,10
57181840399550,15:53:01.840,26.8300,22
57181840481764,15:53:01.840,26.8300,2
57183755815642,15:53:03.755,26.8250,100
57249854198719,15:54:09.854,26.8200,12
57249854198719,15:54:09.854,26.8200,29
57250817157095,15:54:10.817,26.8250,100
57250817157095,15:54:10.817,26.8200,71
57250817157095,15:54:10.817,26.8200,4
57250817157095,15:54:10.817,26.8200,25
57277592839573,15:54:37.592,26.8200,29
57277592839573,15:54:37.592,26.8200,77
57277592984513,15:54:37.592,26.8200,23
57279014460202,15:54:39.014,26.8100,11
57281240595692,15:54:41.240,26.8100,100
57300055798829,15:55:00.055,26.7900,100
57300056157765,15:55:00.056,26.7900,100
57300056691773,15:55:00.056,26.7900,50
57300056691773,15:55:00.056,26.7900,50
57300056858030,15:55:00.056,26.7900,50
57300056858030,15:55:00.056,26.7900,100
57300057848043,15:55:00.057,26.7900,1
57300058108937,15:55:00.058,26.7900,99
57300058108937,15:55:00.058,26.7900,100
57300058108937,15:55:00.058,26.7900,101
57300178663206,15:55:00.178,26.7900,99
57319814083119,15:55:19.814,26.8200,100
57358488869429,15:55:58.488,26.8250,100
57384654963252,15:56:24.654,26.8300,10
57384654963252,15:56:24.654,26.8300,37
57384654963252,15:56:24.654,26.8300,100
57384656399543,15:56:24.656,26.8400,100
57411059347778,15:56:51.059,26.8650,1
57415803019998,15:56:55.803,26.8650,1
57418829516356,15:56:58.829,26.8650,100
57468837743087,15:57:48.837,26.8650,100
57468837743087,15:57:48.837,26.8600,100
57468838184643,15:57:48.838,26.8600,100
57499910189927,15:58:19.910,26.8400,100
57508357359265,15:58:28.357,26.8300,100
57508357359265,15:58:28.357,26.8300,100
57513251029665,15:58:33.251,26.8250,10
57525189931565,15:58:45.189,26.8300,10
57525189931565,15:58:45.189,26.8300,90
57525190459414,15:58:45.190,26.8300,1
57537004996896,15:58:57.004,26.8300,9
57540034043565,15:59:00.034,26.8300,100
57556385410260,15:59:16.385,26.8500,16
57566053901468,15:59:26.053,26.8700,100
57590122995271,15:59:50.122,26.8600,5
57600484603871,16:00:00.484,0.0000,0
