timestamp,time,price,volume
32437598793447,09:00:37.598,197.9400,1
32448402250258,09:00:48.402,197.9400,49
32448402250258,09:00:48.402,198.0000,1
34200776173175,09:30:00.776,0.0000,0
34234225320704,09:30:34.225,199.2200,100
34250215495750,09:30:50.215,198.9200,100
34303286522537,09:31:43.286,199.0000,100
34305034350576,09:31:45.034,199.0200,54
34305893938104,09:31:45.893,199.0100,46
34305893938104,09:31:45.893,199.0100,150
34305893938104,09:31:45.893,199.0200,4
34305893970997,09:31:45.893,199.0200,96
34305893970997,09:31:45.893,199.0200,77
34305893970997,09:31:45.893,199.0200,100
34305894052265,09:31:45.894,199.0200,100
34305894104946,09:31:45.894,199.0400,77
34305894104946,09:31:45.894,199.0400,23
34305894130106,09:31:45.894,199.0400,77
34305894130106,09:31:45.894,199.0400,23
34305894168446,09:31:45.894,199.0400,77
34305894168446,09:31:45.894,199.0400,23
34305894185890,09:31:45.894,199.0400,77
34305894185890,09:31:45.894,199.0400,23
34305894236617,09:31:45.894,199.0400,77
34305894590800,09:31:45.894,199.0400,55
34305894639568,09:31:45.894,199.0200,45
34305894667097,09:31:45.894,199.0200,43
34305894672561,09:31:45.894,199.0200,12
34305894903520,09:31:45.894,199.0400,45
34305895010539,09:31:45.895,199.0900,100
34305895475186,09:31:45.895,199.2000,65
34305898692582,09:31:45.898,199.0100,100
34305898975657,09:31:45.898,198.9000,40
34305899002492,09:31:45.899,198.9000,60
34305899372300,09:31:45.899,199.0200,100
34305900601209,09:31:45.900,199.0000,55
34305906302167,09:31:45.906,199.0400,245
34305913142247,09:31:45.913,199.0000,100
34305913878375,09:31:45.913,198.9500,10
34305995850450,09:31:45.995,198.9200,100
34314232609486,09:31:54.232,198.9700,47
34317738875454,09:31:57.738,198.9700,53
34317738875454,09:31:57.738,198.9700,100
34317738875454,09:31:57.738,198.9900,1
34317739085975,09:31:57.739,198.9900,99
34317739085975,09:31:57.739,198.9900,1
34317739093506,09:31:57.739,198.9900,100
34317739102385,09:31:57.739,198.9900,19
34317739102385,09:31:57.739,198.9900,100
34317739142975,09:31:57.739,199.0000,100
34317739172314,09:31:57.739,199.0000,100
34317739218824,09:31:57.739,199.0000,100
34317739230515,09:31:57.739,199.0000,100
34317740180697,09:31:57.740,199.0400,100
34317876864314,09:31:57.876,198.9800,100
34317889486335,09:31:57.889,198.9900,100
34332332355272,09:32:12.332,199.3100,100
34332333334073,09:32:12.333,199.2400,100
34337302061285,09:32:17.302,199.2400,100
34339528104114,09:32:19.528,199.2400,100
34340264340998,09:32:20.264,199.2400,70
34340264340998,09:32:20.264,199.2400,30
34340265111842,09:32:20.265,199.2400,70
34340265111842,09:32:20.265,199.2600,30
34342221228260,09:32:22.221,199.2600,70
34342221282076,09:32:22.221,199.3000,30
34342222472090,09:32:22.222,199.3000,70
34342222472090,09:32:22.222,199.3100,30
34342349895761,09:32:22.349,199.3100,70
34345933365191,09:32:25.933,199.4900,26
34345933372619,09:32:25.933,199.4900,74
34345933372619,09:32:25.933,199.4900,16
34350344587071,09:32:30.344,199.5500,100
34394420100856,09:33:14.420,199.9500,100
34395915421183,09:33:15.915,199.8600,100
34395915513153,09:33:15.915,199.8300,100
34395916436871,09:33:15.916,199.7500,100
34395916954855,09:33:15.916,199.8300,10
34402075760074,09:33:22.075,199.7300,100
34402075760074,09:33:22.075,199.7300,100
34402075782607,09:33:22.075,199.7000,100
34402075863166,09:33:22.075,199.5600,94
34402076621149,09:33:22.076,199.5000,100
34402076645700,09:33:22.076,199.5000,100
34420865826662,09:33:40.865,199.4800,100
34420866052479,09:33:40.866,199.4100,100
34420866052479,09:33:40.866,199.4100,100
34420866065783,09:33:40.866,199.4100,100
34420866846636,09:33:40.866,199.4100,100
34430444034096,09:33:50.444,199.5200,100
34430444034096,09:33:50.444,199.6400,4
34430444034096,09:33:50.444,199.6600,100
34430444034096,09:33:50.444,199.6900,96
34430444103500,09:33:50.444,199.6400,100
34430445293932,09:33:50.445,199.6900,4
34430445293932,09:33:50.445,199.6900,96
34430445324959,09:33:50.445,199.6900,4
34430445978443,09:33:50.445,199.7000,99
34430446004932,09:33:50.446,199.7000,1
34430446435582,09:33:50.446,199.7400,1
34430448632301,09:33:50.448,199.7400,99
34430448632301,09:33:50.448,199.7400,1
34447494022952,09:34:07.494,199.7800,66
34451360184498,09:34:11.360,199.7900,100
34451360723388,09:34:11.360,199.8400,100
34451360731858,09:34:11.360,199.8400,100
34477727749958,09:34:37.727,199.8700,100
34478039393477,09:34:38.039,199.8800,20
34478039393477,09:34:38.039,199.8900,80
34481211419910,09:34:41.211,199.8900,20
34513603720268,09:35:13.603,199.9000,7
34513603720268,09:35:13.603,199.9000,93
34541266723427,09:35:41.266,199.9000,7
34541266723427,09:35:41.266,199.9000,3
34541266723427,09:35:41.266,199.9000,65
34554322067589,09:35:54.322,199.6800,100
34554322111492,09:35:54.322,199.6600,100
34554322120796,09:35:54.322,199.6500,100
34554322900895,09:35:54.322,199.6100,100
34554366729325,09:35:54.366,199.5000,100
34554366830534,09:35:54.366,199.4900,100
34554366863893,09:35:54.366,199.5000,100
34559511159061,09:35:59.511,199.5500,11
34566323221063,09:36:06.323,199.5300,1
34585385389988,09:36:25.385,199.5250,100
34585385464639,09:36:25.385,199.6100,34
34585385464639,09:36:25.385,199.6100,35
34591678084407,09:36:31.678,199.5700,100
34591678160672,09:36:31.678,199.5700,100
34633140444976,09:37:13.140,199.5100,2
34641804903661,09:37:21.804,199.5550,100
34641907703948,09:37:21.907,199.6300,100
34641908147146,09:37:21.908,199.6300,100
34647908449483,09:37:27.908,199.4800,100
34647908503369,09:37:27.908,199.4800,100
34665430022924,09:37:45.430,199.3800,100
34667478159384,09:37:47.478,199.3900,100
34667478223813,09:37:47.478,199.3900,20
34688907947650,09:38:08.907,199.5000,100
34688907959950,09:38:08.907,199.5400,100
34688908755409,09:38:08.908,199.5600,100
34690773542306,09:38:10.773,199.6200,100
34706619697115,09:38:26.619,199.6800,10
34706625751607,09:38:26.625,199.6600,100
34706625770791,09:38:26.625,199.6600,100
34706626040514,09:38:26.626,199.6300,100
34706626457082,09:38:26.626,199.6100,5
34721359428733,09:38:41.359,199.5700,100
34721359428733,09:38:41.359,199.5700,35
34721359516114,09:38:41.359,199.5700,100
34721359684605,09:38:41.359,199.5200,100
34721359717391,09:38:41.359,199.5700,100
34721359972438,09:38:41.359,199.5500,100
34731622470751,09:38:51.622,199.4900,100
34731622470751,09:38:51.622,199.4600,79
34734064163208,09:38:54.064,199.5050,100
34737252990788,09:38:57.252,199.5700,100
34737252990788,09:38:57.252,199.5700,2
34737795843913,09:38:57.795,199.5500,100
34748284221692,09:39:08.284,199.5700,1
34748292218583,09:39:08.292,199.5700,1
34748324515037,09:39:08.324,199.5100,2
34748347410965,09:39:08.347,199.5400,100
34748347410965,09:39:08.347,199.5700,100
34749474133632,09:39:09.474,199.5800,100
34757640308807,09:39:17.640,199.6500,51
34770802026784,09:39:30.802,199.7900,96
34770802026784,09:39:30.802,199.8000,4
34770802419821,09:39:30.802,199.8000,96
34770803351322,09:39:30.803,199.8400,100
34790609992623,09:39:50.609,199.8700,100
34790609992623,09:39:50.609,199.8800,200
34797628475590,09:39:57.628,199.9500,100
34797628475590,09:39:57.628,199.9600,89
34797628475590,09:39:57.628,199.9600,100
34797629174218,09:39:57.629,200.0000,1
34797629174218,09:39:57.629,200.0000,43
34797629912271,09:39:57.629,200.0000,26
34797629912271,09:39:57.629,200.0000,74
34797629921151,09:39:57.629,200.0000,47
34797629921151,09:39:57.629,200.0000,2
34797632521876,09:39:57.632,200.1600,4
34797632521876,09:39:57.632,200.1800,96
34811252616595,09:40:11.252,200.1200,45
34811252693407,09:40:11.252,200.1000,100
34811253188072,09:40:11.253,200.0800,100
34811254165827,09:40:11.254,200.0700,100
34811254803848,09:40:11.254,200.0300,100
34811255534126,09:40:11.255,199.9700,100
34811407831057,09:40:11.407,199.9300,100
34828067461683,09:40:28.067,199.9900,100
34834663398474,09:40:34.663,199.8500,4
34842115973303,09:40:42.115,199.9500,100
34844435201040,09:40:44.435,199.9500,100
34886106185131,09:41:26.106,199.9400,2
34886106328026,09:41:26.106,199.9400,86
34886106683496,09:41:26.106,199.9400,14
34898684879151,09:41:38.684,199.8600,100
34898684882960,09:41:38.684,199.8600,100
34898684956285,09:41:38.684,199.8600,100
34898684960028,09:41:38.684,199.8600,10
34903286615930,09:41:43.286,199.8100,100
34903286615930,09:41:43.286,199.8100,100
34903286679940,09:41:43.286,199.8100,100
34903288724033,09:41:43.288,199.7800,100
34911686234610,09:41:51.686,199.7350,28
34922943229031,09:42:02.943,199.8100,2
34922943229031,09:42:02.943,199.8100,100
34922953560537,09:42:02.953,199.9200,100
34922953927029,09:42:02.953,199.9300,100
34929699013229,09:42:09.699,199.8600,4
34942127394405,09:42:22.127,199.7200,92
34942127903119,09:42:22.127,199.7200,8
34942127903119,09:42:22.127,199.7200,92
34942128288636,09:42:22.128,199.7200,8
34951284447385,09:42:31.284,199.8300,19
34973905414693,09:42:53.905,199.8600,100
34973919734872,09:42:53.919,199.8800,100
34992324769556,09:43:12.324,199.8300,2
34994621743786,09:43:14.621,199.9000,100
34994621764408,09:43:14.621,199.9500,100
34994713549577,09:43:14.713,199.9500,100
35004286772135,09:43:24.286,199.8200,100
35004286853962,09:43:24.286,199.8200,100
35004727066191,09:43:24.727,199.6500,80
35028948104897,09:43:48.948,199.6500,20
35028948757289,09:43:48.948,199.6400,62
35028949014968,09:43:48.949,199.6400,38
35029817290529,09:43:49.817,199.4800,100
35029817999447,09:43:49.817,199.4700,49
35029818048209,09:43:49.818,199.4700,51
35030794781760,09:43:50.794,199.4600,100
35038309257677,09:43:58.309,199.4800,100
35048731561530,09:44:08.731,199.4600,100
35053324460771,09:44:13.324,199.4100,2
35065049764720,09:44:25.049,199.4100,10
35065050102328,09:44:25.050,199.4100,5
35065050921527,09:44:25.050,199.4100,5
35070014274064,09:44:30.014,199.4100,5
35070014500884,09:44:30.014,199.4100,5
35070014520480,09:44:30.014,199.4100,5
35070014547473,09:44:30.014,199.4100,5
35075928656339,09:44:35.928,199.4100,21
35075928663292,09:44:35.928,199.4100,37
35075928663292,09:44:35.928,199.3500,45
35075928734918,09:44:35.928,199.3500,55
35075928734918,09:44:35.928,199.3500,3
35075928734918,09:44:35.928,199.3500,19
35075928898536,09:44:35.928,199.3500,81
35087189813291,09:44:47.189,199.0000,100
35114324816994,09:45:14.324,198.7350,5
35114325423431,09:45:14.325,198.7400,2
35114325423431,09:45:14.325,198.7400,3
35114325510670,09:45:14.325,198.7400,5
35130580192204,09:45:30.580,198.6300,8
35130580783458,09:45:30.580,198.6300,5
35130581064655,09:45:30.581,198.6300,5
35130581150237,09:45:30.581,198.6300,5
35130581277724,09:45:30.581,198.6300,5
35130581735816,09:45:30.581,198.6300,5
35131488422638,09:45:31.488,198.6300,5
35132376158244,09:45:32.376,198.6300,5
35133992125900,09:45:33.992,198.6300,5
35134522391397,09:45:34.522,198.6600,8
35134522665331,09:45:34.522,198.6600,7
35137246900825,09:45:37.246,198.6600,5
35140641163796,09:45:40.641,198.6300,100
35144047327719,09:45:44.047,198.6300,100
35144048312959,09:45:44.048,198.6100,100
35146620940022,09:45:46.620,198.4600,2
35149200610987,09:45:49.200,198.4500,2
35149200610987,09:45:49.200,198.4500,100
35149200634464,09:45:49.200,198.4500,100
35149200868080,09:45:49.200,198.4800,91
35149200880423,09:45:49.200,198.4800,9
35149201145160,09:45:49.201,198.4500,100
35149202789344,09:45:49.202,198.4800,100
35149222201279,09:45:49.222,198.4900,28
35201421827556,09:46:41.421,198.3800,5
35202124060721,09:46:42.124,198.4800,200
35202124060721,09:46:42.124,198.5100,91
35202124066084,09:46:42.124,198.5100,9
35202124066084,09:46:42.124,198.5200,33
35202124066084,09:46:42.124,198.5200,27
35202124301271,09:46:42.124,198.5200,73
35202124301271,09:46:42.124,198.5200,169
35202124411624,09:46:42.124,198.5200,31
35202124779180,09:46:42.124,198.5200,44
35202124843327,09:46:42.124,198.5200,56
35202124843327,09:46:42.124,198.5100,44
35202124989386,09:46:42.124,198.5300,100
35202125358974,09:46:42.125,198.5400,100
35202125358974,09:46:42.125,198.6000,100
35202125812985,09:46:42.125,198.6300,100
35203489897781,09:46:43.489,198.5000,5
35203489927891,09:46:43.489,198.5000,95
35204880026994,09:46:44.880,198.4100,5
35206435830882,09:46:46.435,198.4800,50
35206435830882,09:46:46.435,198.4900,50
35209426665881,09:46:49.426,198.5000,1
35209884221158,09:46:49.884,198.5500,50
35209884273999,09:46:49.884,198.5500,50
35214785668920,09:46:54.785,198.6400,100
35223665340500,09:47:03.665,198.6700,100
35223665371052,09:47:03.665,198.6700,28
35223665446693,09:47:03.665,198.6600,100
35235094037122,09:47:15.094,198.7300,1
35250555706428,09:47:30.555,198.7200,3
35270124255077,09:47:50.124,198.7400,2
35270124367948,09:47:50.124,198.7400,70
35270124733854,09:47:50.124,198.7400,30
35270125668225,09:47:50.125,198.7500,100
35270300999577,09:47:50.300,198.7500,100
35270301348657,09:47:50.301,198.7500,100
35270303153068,09:47:50.303,198.7900,100
35271467880087,09:47:51.467,198.7500,100
35271468049628,09:47:51.468,198.7500,100
35271468278968,09:47:51.468,198.7200,10
35271468838832,09:47:51.468,198.7000,100
35271473427598,09:47:51.473,198.6600,88
35272122838757,09:47:52.122,198.7000,10
35272122911477,09:47:52.122,198.7000,100
35272339562308,09:47:52.339,198.7300,2
35272339616373,09:47:52.339,198.7300,98
35272339616373,09:47:52.339,198.7300,2
35272339668793,09:47:52.339,198.7300,98
35309214479976,09:48:29.214,198.7200,100
35309214479976,09:48:29.214,198.7000,6
35309214510266,09:48:29.214,198.7000,94
35309214510266,09:48:29.214,198.7000,6
35309214510266,09:48:29.214,198.7000,6
35309214596403,09:48:29.214,198.7000,6
35309214663181,09:48:29.214,198.7000,88
35320122793906,09:48:40.122,198.6200,100
35320123339365,09:48:40.123,198.6100,24
35320123410014,09:48:40.123,198.6100,76
35320175285681,09:48:40.175,198.5300,100
35320175285681,09:48:40.175,198.4700,50
35320175285681,09:48:40.175,198.4600,100
35320175285681,09:48:40.175,198.4400,50
35330404322254,09:48:50.404,198.6600,100
35330640319746,09:48:50.640,198.6700,5
35330640350493,09:48:50.640,198.6700,5
35330640507610,09:48:50.640,198.6700,5
35330640745953,09:48:50.640,198.6700,5
35330644017939,09:48:50.644,198.6700,5
35330646365497,09:48:50.646,198.6700,5
35330648035541,09:48:50.648,198.6700,5
35330648383920,09:48:50.648,198.6700,5
35330648394649,09:48:50.648,198.6700,60
35330648394649,09:48:50.648,198.6600,5
35340828894743,09:49:00.828,198.7300,100
35340828982913,09:49:00.828,198.7300,100
35340829011849,09:49:00.829,198.7400,100
35340833626856,09:49:00.833,198.7700,100
35346531362719,09:49:06.531,198.8100,100
35350401919149,09:49:10.401,198.8000,39
35350918794454,09:49:10.918,198.8000,61
35350918794454,09:49:10.918,198.8000,100
35350918797531,09:49:10.918,198.8000,100
35392261036902,09:49:52.261,198.8400,100
35392261036902,09:49:52.261,198.8400,3
35392261080814,09:49:52.261,198.8600,100
35392261080814,09:49:52.261,198.8600,100
35392261080814,09:49:52.261,198.8700,100
35392261080814,09:49:52.261,198.8700,100
35392261116008,09:49:52.261,198.8400,100
35392261143419,09:49:52.261,198.8300,100
35393030157350,09:49:53.030,198.8700,100
35393030157350,09:49:53.030,198.8800,100
35393030199724,09:49:53.030,198.8800,100
35393031508013,09:49:53.031,198.8900,2
35393195289166,09:49:53.195,198.8900,43
35393195358161,09:49:53.195,198.8900,12
35393195393480,09:49:53.195,198.8900,31
35393200263180,09:49:53.200,198.8900,12
35393200272699,09:49:53.200,198.9000,100
35412431435157,09:50:12.431,198.9000,1
35412431435157,09:50:12.431,198.9000,100
35412431500183,09:50:12.431,198.9000,100
35412431880961,09:50:12.431,198.8800,3
35423878833736,09:50:23.878,198.9300,50
35423878833736,09:50:23.878,198.9300,50
35424681529908,09:50:24.681,198.9300,40
35453991572278,09:50:53.991,198.7900,13
35453991601633,09:50:53.991,198.7900,87
35453992900519,09:50:53.992,198.7800,100
35454438153565,09:50:54.438,198.8200,100
35480324278237,09:51:20.324,198.7800,2
35506643876751,09:51:46.643,198.7800,28
35506643876751,09:51:46.643,198.8600,73
35506643908470,09:51:46.643,198.8600,27
35506643908470,09:51:46.643,198.8600,1
35507871369764,09:51:47.871,198.9700,1
35507871485166,09:51:47.871,198.9700,61
35507871940822,09:51:47.871,199.0100,100
35507874237958,09:51:47.874,199.0100,200
35510232862376,09:51:50.232,199.0800,100
35510232862376,09:51:50.232,199.0800,100
35534234979408,09:52:14.234,199.1100,3
35535748933925,09:52:15.748,199.0600,100
35535748933925,09:52:15.748,199.0600,3
35535748954279,09:52:15.748,199.0600,97
35535748954279,09:52:15.748,199.0500,3
35549053644446,09:52:29.053,198.9600,100
35559477436841,09:52:39.477,199.0200,100
35624149992433,09:53:44.149,199.0700,1
35624149992433,09:53:44.149,199.0700,4
35625274160691,09:53:45.274,199.0200,1
35636621887132,09:53:56.621,199.1100,89
35636622744784,09:53:56.622,199.1400,2
35636623613887,09:53:56.623,199.1500,100
35636623613887,09:53:56.623,199.1500,100
35636625409556,09:53:56.625,199.2100,100
35636625768525,09:53:56.625,199.2200,100
35636626767122,09:53:56.626,199.2200,10
35636626767122,09:53:56.626,199.2400,100
35657095750426,09:54:17.095,199.1900,3
35695893340586,09:54:55.893,199.1300,1
35695893340586,09:54:55.893,199.1300,100
35695893436175,09:54:55.893,199.1300,100
35695893982460,09:54:55.893,199.1100,3
35733438277921,09:55:33.438,199.0100,2
35733438423450,09:55:33.438,198.9700,10
35733438805868,09:55:33.438,199.0100,10
35740489876040,09:55:40.489,199.0000,100
35740490782706,09:55:40.490,198.9700,100
35740490811033,09:55:40.490,198.9700,100
35740490943122,09:55:40.490,198.9600,40
35740490953464,09:55:40.490,198.9700,100
35749405534820,09:55:49.405,198.8400,100
35749405576860,09:55:49.405,198.8400,40
35749405880959,09:55:49.405,198.8400,40
35749406024061,09:55:49.406,198.8400,20
35749406466117,09:55:49.406,198.8300,100
35749406566305,09:55:49.406,198.8400,100
35771508470402,09:56:11.508,198.7550,28
35771508903902,09:56:11.508,198.6800,2
35771509212548,09:56:11.509,198.6800,98
35771509212548,09:56:11.509,198.6800,100
35771509848283,09:56:11.509,198.6600,3
35772434715655,09:56:12.434,198.7300,50
35772434715655,09:56:12.434,198.7300,50
35788987331468,09:56:28.987,198.6900,1
35788989053660,09:56:28.989,198.7500,100
35788989053660,09:56:28.989,198.7500,100
35788989086563,09:56:28.989,198.7500,100
35788989536554,09:56:28.989,198.7600,100
35788989623173,09:56:28.989,198.7600,100
35822151230793,09:57:02.151,198.6700,50
35822151230793,09:57:02.151,198.6600,50
35822514251284,09:57:02.514,198.6600,50
35822532547901,09:57:02.532,198.6200,100
35822532988848,09:57:02.532,198.5900,100
35829211687050,09:57:09.211,198.4900,3
35831251985418,09:57:11.251,198.3500,43
35831252421064,09:57:11.252,198.3500,43
35831252428663,09:57:11.252,198.3500,14
35838465162518,09:57:18.465,198.2100,50
35838465162518,09:57:18.465,198.2000,50
35842299958405,09:57:22.299,198.1900,100
35862900990594,09:57:42.900,198.0300,69
35862901031106,09:57:42.901,198.0300,31
35862901675174,09:57:42.901,198.0100,17
35862901675174,09:57:42.901,198.0000,17
35863597153366,09:57:43.597,197.9500,9
35863636835226,09:57:43.636,197.9100,77
35871551281601,09:57:51.551,197.7800,4
35871551281601,09:57:51.551,197.7800,17
35871551718547,09:57:51.551,197.7500,9
35872327335330,09:57:52.327,197.6600,2
35907324617948,09:58:27.324,197.6900,2
35907325163580,09:58:27.325,197.7700,100
35907325994701,09:58:27.325,197.8400,100
35935400149652,09:58:55.400,197.7700,95
35935400264882,09:58:55.400,197.7700,5
35935400264882,09:58:55.400,197.7700,100
35935400343421,09:58:55.400,197.7700,100
35941426863808,09:59:01.426,197.7400,18
35960894565486,09:59:20.894,197.8800,2
35960894565486,09:59:20.894,197.8800,100
35960894636255,09:59:20.894,197.8900,8
35960894664942,09:59:20.894,197.8900,92
35969803307242,09:59:29.803,197.9000,100
35969803892085,09:59:29.803,197.9000,28
35969804059886,09:59:29.804,197.8900,84
35969806696050,09:59:29.806,197.8900,100
35999617954832,09:59:59.617,197.8400,62
35999617957712,09:59:59.617,197.8400,38
35999617971560,09:59:59.617,197.8400,70
35999617971560,09:59:59.617,197.8200,30
35999617995379,09:59:59.617,197.8200,62
35999618511584,09:59:59.618,197.8200,8
36000023593664,10:00:00.023,197.7700,5
36000023593664,10:00:00.023,197.7500,100
36000023593664,10:00:00.023,197.7500,77
36000024419042,10:00:00.024,197.7500,23
36009895361294,10:00:09.895,197.9100,1
36009895424333,10:00:09.895,197.9300,50
36009895454956,10:00:09.895,197.9300,50
36009895454956,10:00:09.895,197.9300,100
36009896289169,10:00:09.896,197.9100,100
36009896352606,10:00:09.896,197.9900,39
36009896574631,10:00:09.896,197.9900,39
36009896752069,10:00:09.896,197.9600,22
36009896793190,10:00:09.896,197.9600,18
36009896826044,10:00:09.896,197.9600,22
36009897063338,10:00:09.897,197.9600,18
36009897067293,10:00:09.897,197.9600,18
36009897315256,10:00:09.897,197.9200,18
36009921936766,10:00:09.921,197.9000,150
36009921974762,10:00:09.921,197.9000,50
36009921985605,10:00:09.921,197.9000,42
36010197452103,10:00:10.197,197.8200,18
36010867120004,10:00:10.867,197.8400,18
36010868832854,10:00:10.868,197.8300,100
36010868871065,10:00:10.868,197.8300,18
36010868944750,10:00:10.868,197.8300,33
36010868955610,10:00:10.868,197.8300,49
36010869077019,10:00:10.869,197.8000,18
36014873252127,10:00:14.873,197.7300,100
36014873572406,10:00:14.873,197.7300,100
36016004464418,10:00:16.004,197.7900,21
36029456283676,10:00:29.456,197.8400,100
36029456549824,10:00:29.456,197.8700,100
36029456549824,10:00:29.456,197.8700,37
36029456670217,10:00:29.456,197.8700,63
36029457227463,10:00:29.457,197.8900,100
36029458293243,10:00:29.458,197.9200,2
36032567235919,10:00:32.567,197.9200,98
36032568150127,10:00:32.568,197.9500,100
36032569604514,10:00:32.569,197.9700,100
36032570127592,10:00:32.570,197.9700,21
36032571391786,10:00:32.571,197.9700,79
36032576469933,10:00:32.576,197.9700,18
36033065860130,10:00:33.065,197.9800,100
36033068968802,10:00:33.068,198.0300,100
36038261783757,10:00:38.261,198.0900,100
36071243958642,10:01:11.243,198.0700,100
36071244079830,10:01:11.244,198.0700,42
36071244630778,10:01:11.244,198.0700,18
36071244674007,10:01:11.244,198.0700,18
36071244688595,10:01:11.244,198.0700,22
36071244974195,10:01:11.244,198.0600,18
36071551575231,10:01:11.551,197.9700,100
36090847416310,10:01:30.847,197.8900,8
36090847464409,10:01:30.847,197.8900,7
36103135198884,10:01:43.135,197.7600,139
36103136297615,10:01:43.136,197.7600,25
36117275093235,10:01:57.275,197.7300,100
36121299016819,10:02:01.299,197.7400,5
36121307394027,10:02:01.307,197.7300,5
36121307451621,10:02:01.307,197.7300,5
36121307535305,10:02:01.307,197.7300,5
36121307546076,10:02:01.307,197.7300,5
36121307686730,10:02:01.307,197.7300,5
36121307839340,10:02:01.307,197.7300,5
36121307862655,10:02:01.307,197.7300,5
36121307900638,10:02:01.307,197.7300,5
36126769521229,10:02:06.769,197.7300,8
36126770042922,10:02:06.770,197.7300,7
36126770119260,10:02:06.770,197.7300,5
36129072146052,10:02:09.072,197.7400,42
36131962945644,10:02:11.962,197.7300,7
36131963017327,10:02:11.963,197.7300,8
36131963102978,10:02:11.963,197.7300,5
36131963252705,10:02:11.963,197.7300,15
36131963464893,10:02:11.963,197.7300,5
36131963699169,10:02:11.963,197.7300,10
36131963702332,10:02:11.963,197.7300,5
36131963739821,10:02:11.963,197.7300,5
36131963887825,10:02:11.963,197.7300,5
36131963926068,10:02:11.963,197.7300,10
36131964138145,10:02:11.964,197.7300,5
36131964244659,10:02:11.964,197.7300,16
36131964281721,10:02:11.964,197.7300,28
36131964343502,10:02:11.964,197.7300,16
36134306133912,10:02:14.306,197.6300,19
36146765683423,10:02:26.765,197.6800,100
36148985719570,10:02:28.985,197.7200,50
36148985719570,10:02:28.985,197.7200,50
36148985894203,10:02:28.985,197.7300,100
36160570068604,10:02:40.570,197.6300,7
36166687212183,10:02:46.687,197.5800,5
36166687389485,10:02:46.687,197.5800,14
36166687652115,10:02:46.687,197.5700,19
36166688010118,10:02:46.688,197.5400,100
36166709777809,10:02:46.709,197.3200,10
36166720587623,10:02:46.720,197.3600,5
36175076064066,10:02:55.076,197.3200,90
36175076064066,10:02:55.076,197.3100,10
36175728985618,10:02:55.728,197.3200,50
36175728985618,10:02:55.728,197.3200,50
36175728985618,10:02:55.728,197.3100,100
36177180118558,10:02:57.180,197.3200,50
36177180118558,10:02:57.180,197.3100,50
36188436493614,10:03:08.436,197.3000,100
36188436493614,10:03:08.436,197.3000,19
36188436493614,10:03:08.436,197.3000,100
36188436602034,10:03:08.436,197.3000,41
36188436688355,10:03:08.436,197.3000,59
36188436918596,10:03:08.436,197.3000,100
36188436918596,10:03:08.436,197.3000,1
36188436968834,10:03:08.436,197.3000,99
36188677485938,10:03:08.677,197.3600,4
36203952878987,10:03:23.952,197.4400,28
36203953011107,10:03:23.953,197.5300,200
36203953057991,10:03:23.953,197.5300,100
36203966652853,10:03:23.966,197.5500,16
36203966652853,10:03:23.966,197.5500,100
36203966708498,10:03:23.966,197.5800,10
36203966708498,10:03:23.966,197.6100,90
36203966752577,10:03:23.966,197.6100,10
36203966905689,10:03:23.966,197.5500,10
36206522309684,10:03:26.522,197.5600,11
36206522309684,10:03:26.522,197.5500,15
36206522309684,10:03:26.522,197.5500,20
36206522309684,10:03:26.522,197.5500,15
36206522309684,10:03:26.522,197.5500,11
36242498028992,10:04:02.498,197.4600,50
36242498028992,10:04:02.498,197.4500,50
36292230539814,10:04:52.230,197.4500,50
36292230539814,10:04:52.230,197.4500,50
36295185816850,10:04:55.185,197.4500,50
36295185816850,10:04:55.185,197.4500,50
36295185848937,10:04:55.185,197.4500,50
36295186614802,10:04:55.186,197.4100,100
36299213880143,10:04:59.213,197.4100,27
36307694968823,10:05:07.694,197.5700,100
36307695168227,10:05:07.695,197.5900,100
36307695196032,10:05:07.695,197.5900,100
36307804683455,10:05:07.804,197.5700,1
36311996852954,10:05:11.996,197.5100,50
36311996852954,10:05:11.996,197.5000,50
36322592056213,10:05:22.592,197.5100,20
36322592056213,10:05:22.592,197.5100,30
36322592056213,10:05:22.592,197.5100,50
36322679698342,10:05:22.679,197.5100,100
36344913513535,10:05:44.913,197.6300,7
36344913725683,10:05:44.913,197.6300,100
36344913879958,10:05:44.913,197.6300,7
36344913905166,10:05:44.913,197.6300,93
36344913905166,10:05:44.913,197.6300,7
36344913917318,10:05:44.913,197.6300,38
36344913957180,10:05:44.913,197.6300,55
36344913957180,10:05:44.913,197.6300,38
36344942648035,10:05:44.942,197.5600,100
36347620941860,10:05:47.620,197.5600,100
36352014353030,10:05:52.014,197.7000,96
36352014372661,10:05:52.014,197.7000,4
36352014372661,10:05:52.014,197.7200,32
36352014563596,10:05:52.014,197.7200,68
36352038053111,10:05:52.038,197.8300,100
36352038079786,10:05:52.038,197.8300,100
36355918236139,10:05:55.918,197.8900,100
36356319412274,10:05:56.319,197.8900,100
36356536453041,10:05:56.536,197.8800,100
36356573256434,10:05:56.573,197.8700,100
36356573324322,10:05:56.573,197.8700,36
36361362842247,10:06:01.362,197.7000,20
36361362842247,10:06:01.362,197.7000,70
36361362842247,10:06:01.362,197.7000,10
36363411751137,10:06:03.411,197.7300,120
36363411753102,10:06:03.411,197.7300,100
36363411942615,10:06:03.411,197.7300,80
36363411942615,10:06:03.411,197.7200,20
36363411955346,10:06:03.411,197.7200,80
36364575029254,10:06:04.575,197.7400,50
36364575029254,10:06:04.575,197.7300,50
36365399538524,10:06:05.399,197.7300,100
36367814878209,10:06:07.814,197.6900,100
36367850802697,10:06:07.850,197.7200,100
36367888891488,10:06:07.888,197.7200,100
36368975454068,10:06:08.975,197.8300,100
36368975454068,10:06:08.975,197.8600,50
36368975454068,10:06:08.975,197.8600,50
36368975454068,10:06:08.975,197.8700,9
36368975454068,10:06:08.975,197.8800,91
36375367094933,10:06:15.367,197.8400,100
36375367096229,10:06:15.367,197.8400,100
36375367452219,10:06:15.367,197.8300,100
36375367487076,10:06:15.367,197.8400,100
36375367487076,10:06:15.367,197.8400,30
36375367487076,10:06:15.367,197.8500,100
36375406865796,10:06:15.406,197.8300,100
36375445927092,10:06:15.445,197.8300,100
36375486738506,10:06:15.486,197.8300,100
36376553762034,10:06:16.553,197.8300,100
36386165816564,10:06:26.165,197.8000,5
36403853007699,10:06:43.853,197.9700,100
36403853087448,10:06:43.853,197.9700,100
36403853269306,10:06:43.853,197.9800,14
36403853434751,10:06:43.853,197.9800,86
36410488097582,10:06:50.488,198.1400,100
36410488108950,10:06:50.488,198.1500,100
36410493282290,10:06:50.493,198.1500,100
36410505678557,10:06:50.505,198.1500,100
36410505703100,10:06:50.505,198.1500,100
36416404181836,10:06:56.404,198.1300,100
36416404198071,10:06:56.404,198.1200,100
36416411261838,10:06:56.411,198.1000,100
36420299167543,10:07:00.299,198.1200,100
36445792823347,10:07:25.792,198.0500,100
36452785515322,10:07:32.785,198.0400,100
36457751445617,10:07:37.751,198.0400,100
36457751538083,10:07:37.751,198.0400,100
36457751933087,10:07:37.751,198.0400,100
36457751963571,10:07:37.751,198.0400,100
36457752021002,10:07:37.752,198.0400,100
36457752091397,10:07:37.752,198.0200,1
36457752211208,10:07:37.752,198.0400,100
36457752273456,10:07:37.752,198.0200,99
36472674367487,10:07:52.674,198.0400,100
36472674367487,10:07:52.674,198.0600,82
36472674369114,10:07:52.674,198.0600,18
36472674379444,10:07:52.674,198.0600,100
36472675767774,10:07:52.675,198.0600,100
36472676612725,10:07:52.676,198.0500,100
36472676661566,10:07:52.676,198.0500,100
36472676943110,10:07:52.676,198.0500,100
36490285286367,10:08:10.285,198.0500,100
36490287991107,10:08:10.287,198.0100,20
36490287991107,10:08:10.287,198.0100,80
36490288041132,10:08:10.288,198.0100,20
36490288041132,10:08:10.288,198.0100,80
36490288055232,10:08:10.288,198.0100,20
36490288055232,10:08:10.288,198.0100,80
36490288079902,10:08:10.288,198.0100,20
36490288079902,10:08:10.288,198.0100,80
36490288142030,10:08:10.288,198.0100,20
36492712823286,10:08:12.712,198.0000,100
36492712900424,10:08:12.712,198.0000,100
36492713147766,10:08:12.713,198.0000,100
36492713540493,10:08:12.713,197.9800,100
36500094624879,10:08:20.094,197.9600,100
36500798737948,10:08:20.798,197.9800,100
36509360776380,10:08:29.360,197.9100,100
36509360793292,10:08:29.360,197.9100,100
36509362254418,10:08:29.362,197.8600,100
36509362282559,10:08:29.362,197.8600,100
36509411782804,10:08:29.411,197.9200,100
36542852957121,10:09:02.852,197.9000,100
36564589815861,10:09:24.589,197.8700,100
36564589815861,10:09:24.589,197.8700,100
36565139921367,10:09:25.139,197.8400,45
36568113174249,10:09:28.113,197.7800,65
36600176477558,10:10:00.176,197.7600,100
36600176827341,10:10:00.176,197.7600,100
36600239837812,10:10:00.239,197.7400,20
36600239988489,10:10:00.239,197.7600,100
36615005144132,10:10:15.005,197.7800,50
36615005144132,10:10:15.005,197.7700,70
36626232514353,10:10:26.232,197.8400,100
36628024741987,10:10:28.024,197.8300,100
36628024840022,10:10:28.024,197.8300,100
36628024841521,10:10:28.024,197.8300,90
36628025027221,10:10:28.025,197.8300,100
36628025269073,10:10:28.025,197.8300,100
36628055517869,10:10:28.055,197.8300,34
36628205169884,10:10:28.205,197.8300,66
36628205169884,10:10:28.205,197.8300,34
36628308262412,10:10:28.308,197.8300,66
36628308262412,10:10:28.308,197.7800,34
36642397247005,10:10:42.397,197.9200,5
36642397275060,10:10:42.397,197.9200,95
36643679748879,10:10:43.679,197.9000,100
36653337789227,10:10:53.337,197.8500,50
36653337789227,10:10:53.337,197.8400,50
36654296001523,10:10:54.296,197.8100,100
36667817540851,10:11:07.817,197.9100,20
36667817540851,10:11:07.817,197.9100,80
36680911010686,10:11:20.911,197.9500,50
36680911010686,10:11:20.911,197.9600,50
36692857642911,10:11:32.857,197.9100,120
36692857862681,10:11:32.857,197.9000,100
36692857862681,10:11:32.857,197.9000,3
36692857883393,10:11:32.857,197.9000,17
36698461308469,10:11:38.461,197.9000,100
36698461308469,10:11:38.461,197.9000,100
36698461308469,10:11:38.461,197.9000,100
36698461676490,10:11:38.461,197.9000,100
36698461853069,10:11:38.461,197.8900,100
36698462003051,10:11:38.462,197.8900,51
36698462040876,10:11:38.462,197.8900,49
36698462307059,10:11:38.462,197.9000,51
36698462886279,10:11:38.462,197.8900,100
36708698545473,10:11:48.698,197.9700,100
36708698832367,10:11:48.698,197.9700,100
36740544330826,10:12:20.544,198.1100,46
36740544337106,10:12:20.544,198.1100,54
36740544365634,10:12:20.544,198.0300,100
36740544652982,10:12:20.544,198.1100,100
36740544775065,10:12:20.544,198.1100,100
36742572339975,10:12:22.572,198.0400,100
36742572412613,10:12:22.572,198.0400,100
36742572688139,10:12:22.572,198.0300,100
36743031594038,10:12:23.031,198.0000,100
36743031805285,10:12:23.031,197.9900,100
36743084394810,10:12:23.084,198.0000,100
36744367307417,10:12:24.367,197.9500,100
36744367642967,10:12:24.367,197.9400,100
36744367642967,10:12:24.367,197.9400,100
36744368034249,10:12:24.368,197.9300,100
36817325555944,10:13:37.325,197.8600,100
36837630820688,10:13:57.630,197.8700,1
36837763164914,10:13:57.763,197.7700,1
36837763164914,10:13:57.763,197.7700,100
36837763164914,10:13:57.763,197.7700,89
36837763185478,10:13:57.763,197.7700,11
36837763185478,10:13:57.763,197.7700,100
36837763448166,10:13:57.763,197.7600,100
36837763760162,10:13:57.763,197.7500,100
36838927093498,10:13:58.927,197.7100,50
36838927093498,10:13:58.927,197.7300,50
36838927093498,10:13:58.927,197.7400,200
36845155079995,10:14:05.155,197.6600,100
36845155261001,10:14:05.155,197.6600,100
36845159146540,10:14:05.159,197.6500,50
36845159146540,10:14:05.159,197.6600,50
36846160539347,10:14:06.160,197.6600,50
36859320513991,10:14:19.320,197.6900,100
36859320513991,10:14:19.320,197.6900,19
36859320513991,10:14:19.320,197.6900,100
36859324059475,10:14:19.324,197.7000,100
36859326235334,10:14:19.326,197.7400,100
36859326726834,10:14:19.326,197.7500,96
36859326767190,10:14:19.326,197.7500,4
36859327209570,10:14:19.327,197.7600,100
36859591726959,10:14:19.591,197.7800,50
36859591726959,10:14:19.591,197.7800,50
36867596015060,10:14:27.596,197.7300,100
36883535710522,10:14:43.535,197.8200,100
36958277627069,10:15:58.277,197.7200,50
36958277627069,10:15:58.277,197.7200,50
36979078079486,10:16:19.078,197.7200,1
36979078875691,10:16:19.078,197.7100,100
36979079202802,10:16:19.079,197.7100,100
36979079217347,10:16:19.079,197.7000,100
36979080262675,10:16:19.080,197.6800,50
36979082258650,10:16:19.082,197.6900,50
36979082258650,10:16:19.082,197.7200,100
37005015001539,10:16:45.015,197.7200,2
37014608537640,10:16:54.608,197.6900,100
37014609142798,10:16:54.609,197.6900,100
37039547879207,10:17:19.547,197.6500,100
37039547910193,10:17:19.547,197.6500,20
37039547977942,10:17:19.547,197.6500,80
37039547993443,10:17:19.547,197.6400,20
37040199707481,10:17:20.199,197.5700,100
37059281904585,10:17:39.281,197.5400,100
37059281904585,10:17:39.281,197.5400,50
37059281904585,10:17:39.281,197.5400,100
37059281936171,10:17:39.281,197.5500,100
37059281985992,10:17:39.281,197.5600,100
37059281985992,10:17:39.281,197.5600,100
37059283200817,10:17:39.283,197.5700,2
37059283225223,10:17:39.283,197.5700,98
37063716056976,10:17:43.716,197.5000,50
37063716056976,10:17:43.716,197.4800,100
37063716056976,10:17:43.716,197.4800,50
37065370733687,10:17:45.370,197.4800,50
37080153976669,10:18:00.153,197.5500,50
37080153976669,10:18:00.153,197.5600,50
37080154128335,10:18:00.154,197.5600,50
37087383460971,10:18:07.383,197.4800,100
37087386796752,10:18:07.386,197.4500,20
37092891690046,10:18:12.891,197.4400,100
37092891690046,10:18:12.891,197.4400,100
37092896570114,10:18:12.896,197.3000,74
37092898977570,10:18:12.898,197.3000,26
37092898977570,10:18:12.898,197.2900,50
37092898977570,10:18:12.898,197.2900,100
37092898977570,10:18:12.898,197.2900,74
37092916685202,10:18:12.916,197.4400,100
37108493170934,10:18:28.493,197.3000,8
37108493463511,10:18:28.493,197.2900,100
37121597516912,10:18:41.597,197.1900,8
37127477110856,10:18:47.477,197.2700,2
37152741637263,10:19:12.741,197.3400,100
37152742094214,10:19:12.742,197.3500,81
37152742120810,10:19:12.742,197.3500,119
37152743199034,10:19:12.743,197.3500,50
37152744258189,10:19:12.744,197.3500,50
37169116720024,10:19:29.116,197.4500,100
37169117048089,10:19:29.117,197.4500,100
37180212330991,10:19:40.212,197.5300,100
37180216610105,10:19:40.216,197.5700,100
37180217223974,10:19:40.217,197.5900,30
37180217580012,10:19:40.217,197.5900,30
37180217650196,10:19:40.217,197.5900,30
37180217814249,10:19:40.217,197.5900,10
37180254054540,10:19:40.254,197.5400,20
37180254236011,10:19:40.254,197.5400,20
37180254550337,10:19:40.254,197.5300,20
37189428755534,10:19:49.428,197.5000,100
37222619650024,10:20:22.619,197.6000,100
37228052904363,10:20:28.052,197.5600,1
37228053193845,10:20:28.053,197.5500,100
37228053193845,10:20:28.053,197.5500,9
37228053223441,10:20:28.053,197.5500,91
37228947688787,10:20:28.947,197.5200,100
37233550761547,10:20:33.550,197.4600,34
37234769747555,10:20:34.769,197.4600,66
37234769747555,10:20:34.769,197.4600,1
37236382329887,10:20:36.382,197.4600,99
37243941351349,10:20:43.941,197.3000,100
37243942259390,10:20:43.942,197.2700,100
37243942495837,10:20:43.942,197.2700,47
37244047291607,10:20:44.047,197.3000,2
37244201150198,10:20:44.201,197.2700,53
37244201150198,10:20:44.201,197.2700,47
37244577764217,10:20:44.577,197.3000,98
37244577764217,10:20:44.577,197.3000,2
37244578223953,10:20:44.578,197.2700,53
37244578445929,10:20:44.578,197.2700,98
37244578485425,10:20:44.578,197.2700,2
37244578889987,10:20:44.578,197.2700,100
37244579630060,10:20:44.579,197.2700,57
37245244771858,10:20:45.244,197.1900,100
37245244821481,10:20:45.244,197.1900,100
37245245497635,10:20:45.245,197.1900,100
37245245497635,10:20:45.245,197.1900,8
37245793669350,10:20:45.793,197.1600,50
37245793669350,10:20:45.793,197.1600,50
37247121036764,10:20:47.121,197.1200,100
37248531526125,10:20:48.531,197.1300,50
37248531526125,10:20:48.531,197.1200,8
37249248001084,10:20:49.248,197.0900,2
37249248001084,10:20:49.248,197.0900,13
37249248043571,10:20:49.248,197.0900,30
37251768995221,10:20:51.768,197.1250,100
37251825487127,10:20:51.825,197.1500,100
37252948755851,10:20:52.948,197.1600,100
37252948755851,10:20:52.948,197.1600,100
37252949200999,10:20:52.949,197.1800,5
37252949277029,10:20:52.949,197.1800,95
37252949277029,10:20:52.949,197.1800,5
37252949307365,10:20:52.949,197.1800,95
37252949307365,10:20:52.949,197.1800,100
37252949598074,10:20:52.949,197.1900,100
37252949832678,10:20:52.949,197.2000,2
37252949951050,10:20:52.949,197.2000,98
37252950542125,10:20:52.950,197.2000,10
37252951136490,10:20:52.951,197.2000,10
37252951725590,10:20:52.951,197.2000,10
37252952309239,10:20:52.952,197.2000,10
37252952898252,10:20:52.952,197.2000,10
37252953291836,10:20:52.953,197.1900,20
37252956509722,10:20:52.956,197.1800,20
37252956587026,10:20:52.956,197.2000,10
37252965292718,10:20:52.965,197.1800,40
37253051835119,10:20:53.051,197.1400,20
37253051835119,10:20:53.051,197.1400,80
37257727142813,10:20:57.727,197.0400,8
37257727142813,10:20:57.727,197.0400,16
37257727142813,10:20:57.727,197.0400,100
37257727142813,10:20:57.727,197.0400,176
37258404438765,10:20:58.404,197.0500,200
37268653165477,10:21:08.653,197.1000,100
37270109712088,10:21:10.109,197.0600,19
37270109741208,10:21:10.109,197.0600,81
37270109741208,10:21:10.109,197.0600,87
37270109755371,10:21:10.109,197.0600,13
37270109822015,10:21:10.109,197.0300,20
37270110422378,10:21:10.110,197.0000,100
37273311524772,10:21:13.311,196.9000,1
37273311596070,10:21:13.311,196.9000,99
37273409299913,10:21:13.409,196.9000,100
37273682579893,10:21:13.682,196.8800,50
37273682579893,10:21:13.682,196.8700,20
37273682579893,10:21:13.682,196.8600,30
37273682671796,10:21:13.682,196.8700,100
37277793468635,10:21:17.793,196.8500,20
37277793621569,10:21:17.793,196.8400,20
37277793709005,10:21:17.793,196.8300,20
37277793742934,10:21:17.793,196.8300,8
37277793777823,10:21:17.793,196.8200,11
37279413270029,10:21:19.413,196.9000,100
37279956093024,10:21:19.956,196.9700,100
37282781128043,10:21:22.781,196.9500,20
37282781128043,10:21:22.781,196.9300,100
37282781128043,10:21:22.781,196.9200,20
37282781128043,10:21:22.781,196.9200,60
37282781711708,10:21:22.781,196.9500,1
37282782490879,10:21:22.782,196.9500,99
37291431731139,10:21:31.431,197.0400,83
37291432138733,10:21:31.432,197.0400,17
37291432169950,10:21:31.432,197.0300,100
37316333554517,10:21:56.333,197.1300,100
37316333902352,10:21:56.333,197.1400,100
37322792206421,10:22:02.792,197.1200,100
37322792206421,10:22:02.792,197.1200,50
37322792206421,10:22:02.792,197.1100,20
37322792206421,10:22:02.792,197.1100,30
37323977009871,10:22:03.977,197.1200,50
37326040321580,10:22:06.040,197.1300,100
37326040321580,10:22:06.040,197.1300,100
37326040321580,10:22:06.040,197.1300,50
37326040321580,10:22:06.040,197.1200,100
37326040321580,10:22:06.040,197.1200,50
37326040321580,10:22:06.040,197.1200,100
37326040321580,10:22:06.040,197.1200,100
37326040511358,10:22:06.040,197.1100,70
37326040511358,10:22:06.040,197.1100,100
37326040511358,10:22:06.040,197.1100,30
37326040633276,10:22:06.040,197.1200,41
37326040675823,10:22:06.040,197.1200,59
37326040709799,10:22:06.040,197.1100,70
37326041216794,10:22:06.041,197.1100,100
37326041216794,10:22:06.041,197.1100,100
37327527871761,10:22:07.527,197.0600,20
37328603376134,10:22:08.603,197.0600,100
37333092456305,10:22:13.092,197.0200,20
37333092456305,10:22:13.092,197.0200,100
37333092456305,10:22:13.092,197.0200,80
37344037195041,10:22:24.037,197.0200,100
37344038967577,10:22:24.038,197.0000,20
37353488223045,10:22:33.488,196.9200,40
37353488223045,10:22:33.488,196.9200,28
37353488298994,10:22:33.488,196.9200,8
37353488564371,10:22:33.488,196.9200,8
37353488599934,10:22:33.488,196.9200,8
37353488610633,10:22:33.488,196.9200,48
37353488627192,10:22:33.488,196.9100,8
37353488627192,10:22:33.488,196.8900,12
37353488663652,10:22:33.488,196.8900,8
37365608377962,10:22:45.608,196.9200,2
37365608377962,10:22:45.608,196.9200,98
37365608533610,10:22:45.608,196.9200,2
37365609014331,10:22:45.609,196.9300,100
37365609135376,10:22:45.609,196.9500,100
37369972194525,10:22:49.972,196.9900,50
37369972194525,10:22:49.972,197.0000,50
37373988904364,10:22:53.988,196.8700,54
37373988904364,10:22:53.988,196.8700,46
37383020443145,10:23:03.020,197.0000,100
37383021122135,10:23:03.021,197.0200,100
37385734179117,10:23:05.734,197.0350,100
37430233939291,10:23:50.233,197.0700,100
37430233939291,10:23:50.233,197.1200,2
37430233942551,10:23:50.233,197.1200,100
37430287161782,10:23:50.287,197.1700,20
37432704518412,10:23:52.704,197.1200,20
37453691931615,10:24:13.691,197.0300,1
37453691931615,10:24:13.691,197.0300,100
37493260958519,10:24:53.260,197.0600,11
37493260958519,10:24:53.260,197.0700,2
37493261075512,10:24:53.261,197.0700,39
37493869712220,10:24:53.869,197.0100,100
37493869776101,10:24:53.869,197.0100,100
37493871200970,10:24:53.871,196.9800,100
37493903739116,10:24:53.903,197.0100,100
37495896926249,10:24:55.896,196.9000,8
37500144392763,10:25:00.144,196.9450,100
37500144392763,10:25:00.144,196.9700,50
37500144392763,10:25:00.144,197.0200,50
37508767595341,10:25:08.767,196.9100,5
37508767595341,10:25:08.767,196.8900,3
37515377121118,10:25:15.377,196.9000,25
37522481210367,10:25:22.481,196.9000,25
37533757025813,10:25:33.757,196.8900,25
37543133239345,10:25:43.133,197.0200,100
37544286539799,10:25:44.286,197.0300,100
37544287161685,10:25:44.287,197.0400,100
37544287164248,10:25:44.287,197.0500,100
37544366753245,10:25:44.366,197.0400,20
37544366758510,10:25:44.366,197.0400,20
37544366995480,10:25:44.366,197.0300,20
37552808979316,10:25:52.808,196.9800,20
37552808979316,10:25:52.808,196.9800,100
37552808979316,10:25:52.808,196.9800,80
37554034805548,10:25:54.034,196.9800,20
37554034905724,10:25:54.034,196.9700,60
37554035297725,10:25:54.035,196.9600,8
37554035297725,10:25:54.035,196.9600,95
37554035318764,10:25:54.035,196.9500,16
37554035333151,10:25:54.035,196.9400,20
37558842052343,10:25:58.842,196.9300,100
37558842094174,10:25:58.842,196.9200,20
37558856103354,10:25:58.856,196.9300,100
37558856103354,10:25:58.856,196.9300,100
37565123800064,10:26:05.123,196.9000,20
37565123829215,10:26:05.123,196.9100,100
37569125897831,10:26:09.125,196.8900,5
37569126220764,10:26:09.126,196.8900,10
37569126425507,10:26:09.126,196.8900,5
37569126837212,10:26:09.126,196.8900,5
37574155274874,10:26:14.155,196.8900,5
37574155515649,10:26:14.155,196.8900,5
37574155692217,10:26:14.155,196.8900,5
37575075058432,10:26:15.075,196.8900,60
37575075058432,10:26:15.075,196.8900,40
37575075099524,10:26:15.075,196.8900,11
37575075161105,10:26:15.075,196.8900,17
37575075393756,10:26:15.075,196.8900,11
37575075765503,10:26:15.075,196.8900,10
37575075800689,10:26:15.075,196.8900,1
37575075833165,10:26:15.075,196.8900,9
37575177790410,10:26:15.177,196.8900,1
37592233273876,10:26:32.233,196.8700,8
37593219027728,10:26:33.219,196.9100,50
37593221198976,10:26:33.221,196.9400,21
37595246462856,10:26:35.246,196.9500,100
37595246815260,10:26:35.246,196.9600,100
37595252667042,10:26:35.252,197.0000,100
37595253231964,10:26:35.253,197.0100,100
37595253371954,10:26:35.253,197.0100,100
37603861894004,10:26:43.861,196.9300,100
37605059907048,10:26:45.059,196.8800,50
37605059907048,10:26:45.059,196.8700,50
37605060090949,10:26:45.060,196.8700,100
37606381223712,10:26:46.381,196.8600,100
37606381223712,10:26:46.381,196.8500,100
37606381379261,10:26:46.381,196.8700,20
37606381379261,10:26:46.381,196.8700,100
37606381743771,10:26:46.381,196.8700,20
37606381779798,10:26:46.381,196.8700,80
37606381779798,10:26:46.381,196.8700,20
37606381793590,10:26:46.381,196.8700,80
37606381981040,10:26:46.381,196.8600,50
37606381981641,10:26:46.381,196.8700,50
37637648004467,10:27:17.648,196.8000,100
37654047628682,10:27:34.047,196.6900,100
37654047628682,10:27:34.047,196.6900,100
37654051040644,10:27:34.051,196.6700,8
37657164784809,10:27:37.164,196.7300,50
37657164784809,10:27:37.164,196.7300,50
37667226505783,10:27:47.226,196.6300,1
37668571476065,10:27:48.571,196.5600,8
37670802501935,10:27:50.802,196.6100,50
37670802501935,10:27:50.802,196.6100,49
37672666193592,10:27:52.666,196.6300,100
37672666193592,10:27:52.666,196.6300,32
37672666224901,10:27:52.666,196.6300,68
37672697039396,10:27:52.697,196.6400,100
37672697039396,10:27:52.697,196.6400,100
37672697618878,10:27:52.697,196.6500,100
37672850182710,10:27:52.850,196.6200,50
37672850182710,10:27:52.850,196.5900,50
37696742082135,10:28:16.742,196.6900,100
37696742082135,10:28:16.742,196.6900,100
37696743422073,10:28:16.743,196.7000,51
37696743450723,10:28:16.743,196.7000,49
37696748541013,10:28:16.748,196.6800,10
37696748541013,10:28:16.748,196.6800,20
37696844160209,10:28:16.844,196.6700,20
37697761602100,10:28:17.761,196.6700,100
37697761842177,10:28:17.761,196.6700,100
37697761891507,10:28:17.761,196.6700,29
37705052444578,10:28:25.052,196.6000,17
37707228714756,10:28:27.228,196.6000,83
37707228714756,10:28:27.228,196.5800,17
37707228747207,10:28:27.228,196.5800,83
37707228814920,10:28:27.228,196.5800,100
37707389908872,10:28:27.389,196.5800,100
37707389908872,10:28:27.389,196.5800,100
37707389908872,10:28:27.389,196.5800,100
37709085945384,10:28:29.085,196.6500,28
37709086047425,10:28:29.086,196.6500,72
37711588693800,10:28:31.588,196.7000,100
37714059153154,10:28:34.059,196.6300,20
37723050903759,10:28:43.050,196.6000,7
37723051049266,10:28:43.051,196.6000,20
37726377709491,10:28:46.377,196.6000,29
37727255844410,10:28:47.255,196.6000,44
37737097039329,10:28:57.097,196.5700,100
37740043431688,10:29:00.043,196.6300,50
37740043834985,10:29:00.043,196.6300,50
37740074270491,10:29:00.074,196.6400,100
37749337897095,10:29:09.337,196.7100,100
37752756344717,10:29:12.756,196.6900,100
37752756344717,10:29:12.756,196.6800,100
37752757801370,10:29:12.757,196.6600,25
37757682424427,10:29:17.682,196.6600,75
37772020753576,10:29:32.020,196.6900,100
37772020753576,10:29:32.020,196.6900,100
37788002150012,10:29:48.002,196.6500,50
37788002150012,10:29:48.002,196.6400,50
37793125475115,10:29:53.125,196.6500,5
37793126698640,10:29:53.126,196.6500,8
37793662362993,10:29:53.662,196.6400,50
37793663303714,10:29:53.663,196.6000,20
37798478072539,10:29:58.478,196.6000,7
37798478285254,10:29:58.478,196.5800,25
37798478372241,10:29:58.478,196.5800,75
37800887798427,10:30:00.887,196.6500,100
37800901847960,10:30:00.901,196.6400,10
37800901847960,10:30:00.901,196.6400,1
37800901847960,10:30:00.901,196.6100,10
37800901847960,10:30:00.901,196.5800,10
37800901847960,10:30:00.901,196.5700,100
37800901847960,10:30:00.901,196.5700,50
37800901847960,10:30:00.901,196.5700,100
37800901847960,10:30:00.901,196.5700,100
37800901847960,10:30:00.901,196.5700,50
37800902014106,10:30:00.902,196.5700,39
37800902060911,10:30:00.902,196.5700,11
37800902060911,10:30:00.902,196.5700,100
37802377196038,10:30:02.377,196.5000,7
37804026721989,10:30:04.026,196.4600,68
37809487172701,10:30:09.487,196.5500,20
37812261427563,10:30:12.261,196.4300,6
37812261427563,10:30:12.261,196.4300,100
37812261501150,10:30:12.261,196.4300,22
37812261504239,10:30:12.261,196.4300,78
37812261522466,10:30:12.261,196.4300,100
37812262063830,10:30:12.262,196.4200,100
37817593710234,10:30:17.593,196.3700,10
37818789029320,10:30:18.789,196.3800,20
37821204818169,10:30:21.204,196.4600,100
37821204892123,10:30:21.204,196.4100,10
37821206348900,10:30:21.206,196.4800,90
37821207063025,10:30:21.207,196.5200,10
37821207170192,10:30:21.207,196.5200,90
37821207170192,10:30:21.207,196.5200,10
37821207203811,10:30:21.207,196.5200,90
37821208057149,10:30:21.208,196.5200,100
37821214657524,10:30:21.214,196.5200,100
37823718569074,10:30:23.718,196.4800,10
37828206122588,10:30:28.206,196.4900,20
37828207167554,10:30:28.207,196.4900,100
37832814097555,10:30:32.814,196.5000,20
37832814097555,10:30:32.814,196.5000,100
37832814534400,10:30:32.814,196.4600,100
37837603593538,10:30:37.603,196.4300,50
37837603593538,10:30:37.603,196.4200,50
37839280286281,10:30:39.280,196.4100,100
37846378056810,10:30:46.378,196.4000,100
37846378056810,10:30:46.378,196.4000,20
37846378056810,10:30:46.378,196.4000,100
37846679303323,10:30:46.679,196.4100,50
37846679303323,10:30:46.679,196.4100,50
37846679303323,10:30:46.679,196.4200,100
37850576102387,10:30:50.576,196.6300,50
37850576102387,10:30:50.576,196.6400,200
37851342184538,10:30:51.342,196.5900,100
37862319258497,10:31:02.319,196.5600,100
37872437281538,10:31:12.437,196.5500,100
37872437286458,10:31:12.437,196.5500,100
37887119178849,10:31:27.119,196.4600,100
37887119504417,10:31:27.119,196.4600,100
37897147798927,10:31:37.147,196.3100,100
37897148357641,10:31:37.148,196.3000,200
37899389968152,10:31:39.389,196.3600,100
37899390037994,10:31:39.390,196.3600,100
37899390199478,10:31:39.390,196.3700,75
37899390258299,10:31:39.390,196.3700,25
37899390258299,10:31:39.390,196.3700,75
37899390265690,10:31:39.390,196.3700,25
37899392395378,10:31:39.392,196.3700,100
37899392524198,10:31:39.392,196.3700,100
37915809101842,10:31:55.809,196.3200,50
37915809101842,10:31:55.809,196.3200,50
37920132804037,10:32:00.132,196.3300,50
37920132804037,10:32:00.132,196.3300,50
37920133267118,10:32:00.133,196.3300,50
37920133267118,10:32:00.133,196.3300,50
37920133452741,10:32:00.133,196.3400,100
37920133540624,10:32:00.133,196.3400,100
37920133752335,10:32:00.133,196.3500,100
37921808758041,10:32:01.808,196.3300,20
37921808758041,10:32:01.808,196.3300,100
37921809271647,10:32:01.809,196.3200,20
37921810068552,10:32:01.810,196.3100,20
37922269651202,10:32:02.269,196.3000,100
37922289841114,10:32:02.289,196.3100,100
37922290850987,10:32:02.290,196.3400,100
37922290850987,10:32:02.290,196.3400,100
37923115525485,10:32:03.115,196.3100,100
37949247181526,10:32:29.247,196.3400,100
37952021600946,10:32:32.021,196.2700,50
37952021600946,10:32:32.021,196.2600,50
37952810357683,10:32:32.810,196.2600,50
37952810357683,10:32:32.810,196.2600,50
37953455095619,10:32:33.455,196.3300,100
37958180571066,10:32:38.180,196.3000,100
37958180571066,10:32:38.180,196.3400,100
37958180571066,10:32:38.180,196.3400,100
37958180571066,10:32:38.180,196.3400,3
37958180616247,10:32:38.180,196.3400,97
37958180616247,10:32:38.180,196.3400,100
37958181128862,10:32:38.181,196.3600,97
37958181161763,10:32:38.181,196.3600,3
37958182015976,10:32:38.182,196.3400,100
37958182328359,10:32:38.182,196.3900,3
37963083192028,10:32:43.083,196.3100,37
37963083270342,10:32:43.083,196.3100,37
37963083309252,10:32:43.083,196.3100,26
37971204514900,10:32:51.204,196.3000,100
37986299829419,10:33:06.299,196.3600,25
37986300035743,10:33:06.300,196.3700,75
37986300062569,10:33:06.300,196.3700,25
37986301842279,10:33:06.301,196.3700,100
37986317494229,10:33:06.317,196.3800,100
37989296667099,10:33:09.296,196.4300,100
37989296749585,10:33:09.296,196.4100,100
37989296979686,10:33:09.296,196.4100,100
37989297134364,10:33:09.297,196.4300,100
37989297155511,10:33:09.297,196.4100,90
37989298411580,10:33:09.298,196.4300,100
37989300269329,10:33:09.300,196.4300,100
37989901621833,10:33:09.901,196.4800,83
37989901945121,10:33:09.901,196.4800,17
37998791671867,10:33:18.791,196.4700,50
38002001636609,10:33:22.001,196.4000,100
38002001878036,10:33:22.001,196.4000,8
38018176566006,10:33:38.176,196.4900,100
38018176826855,10:33:38.176,196.4900,100
38018230419468,10:33:38.230,196.5700,100
38018230788628,10:33:38.230,196.5700,5
38018233477107,10:33:38.233,196.5700,95
38018233994530,10:33:38.233,196.5900,70
38018260985970,10:33:38.260,196.6100,10
38018260985970,10:33:38.260,196.6100,100
38018261490296,10:33:38.261,196.6200,100
38018261519953,10:33:38.261,196.6300,100
38018261519953,10:33:38.261,196.6300,100
38018278517244,10:33:38.278,196.6100,100
38018330179112,10:33:38.330,196.6900,50
38018330179112,10:33:38.330,196.7000,5
38018330179112,10:33:38.330,196.7000,45
38018330243377,10:33:38.330,196.7000,100
38018330839103,10:33:38.330,196.6900,33
38018331309006,10:33:38.331,196.7000,33
38018331474011,10:33:38.331,196.7100,100
38018762480896,10:33:38.762,196.6800,100
38021084393986,10:33:41.084,196.7600,100
38045953869892,10:34:05.953,196.7000,39
38046782667235,10:34:06.782,196.6900,6
38046782667235,10:34:06.782,196.6900,92
38046782862143,10:34:06.782,196.6800,100
38046783067277,10:34:06.783,196.6800,100
38046786375713,10:34:06.786,196.6900,100
38046786375713,10:34:06.786,196.6900,100
38046786375713,10:34:06.786,196.6900,10
38046799307444,10:34:06.799,196.7100,100
38048023360255,10:34:08.023,196.6800,12
38050021227834,10:34:10.021,196.6800,88
38050021227834,10:34:10.021,196.6800,12
38050021272579,10:34:10.021,196.6800,88
38050021947201,10:34:10.021,196.6800,100
38052086093584,10:34:12.086,196.6200,100
38052114111950,10:34:12.114,196.6200,100
38052117687146,10:34:12.117,196.6200,100
38052121646891,10:34:12.121,196.6200,100
38070279254527,10:34:30.279,196.3100,10
38073092717340,10:34:33.092,196.3200,50
38077096145431,10:34:37.096,196.2400,100
38077284438974,10:34:37.284,196.2400,100
38077284921995,10:34:37.284,196.2400,100
38090442345126,10:34:50.442,196.1800,100
38093026940336,10:34:53.026,196.1800,50
38093039237250,10:34:53.039,196.1800,50
38093039237250,10:34:53.039,196.1800,50
38093147305001,10:34:53.147,196.1700,50
38101729574329,10:35:01.729,196.1500,93
38101729813907,10:35:01.729,196.1500,7
38101729847105,10:35:01.729,196.1500,100
38103471522835,10:35:03.471,196.1500,100
38103500568736,10:35:03.500,196.1500,20
38103500582594,10:35:03.500,196.1500,10
38103500618359,10:35:03.500,196.1500,70
38103500618359,10:35:03.500,196.1500,30
38103503320521,10:35:03.503,196.1500,31
38104002606429,10:35:04.002,196.1400,19
38104002688222,10:35:04.002,196.1400,100
38107597699701,10:35:07.597,196.1400,100
38110795900595,10:35:10.795,196.1300,1
38110795977738,10:35:10.795,196.1300,100
38116368896727,10:35:16.368,196.1300,10
38116368898838,10:35:16.368,196.1300,50
38116369202577,10:35:16.369,196.1100,3
38121058830418,10:35:21.058,196.1100,97
38121059237978,10:35:21.059,196.0800,9
38121068401175,10:35:21.068,196.1300,40
38121068401175,10:35:21.068,196.1300,60
38129559579994,10:35:29.559,196.1000,100
38129858807874,10:35:29.858,196.1000,100
38129951122015,10:35:29.951,196.1000,100
38130762637300,10:35:30.762,196.0900,93
38131699920206,10:35:31.699,196.0600,30
38131701733029,10:35:31.701,196.0300,81
38139020064172,10:35:39.020,196.0200,100
38143088072798,10:35:43.088,195.9500,83
38143088114184,10:35:43.088,195.9500,17
38146642890151,10:35:46.642,195.8600,100
38146642918331,10:35:46.642,195.8600,100
38146665732705,10:35:46.665,195.8600,32
38146665740256,10:35:46.665,195.8600,68
38150728590781,10:35:50.728,195.8100,100
38150728590781,10:35:50.728,195.8100,100
38150728741239,10:35:50.728,195.8200,100
38150728888354,10:35:50.728,195.8200,100
38150729247929,10:35:50.729,195.8300,100
38150729247929,10:35:50.729,195.8300,15
38150729249567,10:35:50.729,195.8300,85
38150804945484,10:35:50.804,195.7700,100
38150804945484,10:35:50.804,195.7700,50
38150804945484,10:35:50.804,195.7600,100
38150804945484,10:35:50.804,195.7600,100
38150804945484,10:35:50.804,195.7500,19
38150805454321,10:35:50.805,195.7500,19
38150805567117,10:35:50.805,195.7400,19
38150805567117,10:35:50.805,195.7000,19
38150819561341,10:35:50.819,195.7700,50
38150819561341,10:35:50.819,195.7700,50
38151204928948,10:35:51.204,195.6900,300
38151204928948,10:35:51.204,195.6800,19
38151204928948,10:35:51.204,195.6800,81
38151205169892,10:35:51.205,195.6800,19
38151205169892,10:35:51.205,195.6800,81
38151205231413,10:35:51.205,195.6800,19
38151205231413,10:35:51.205,195.6800,40
38151205231413,10:35:51.205,195.6800,41
38151205306734,10:35:51.205,195.6800,100
38151205333140,10:35:51.205,195.6800,19
38151205335154,10:35:51.205,195.6800,40
38151205335154,10:35:51.205,195.6700,19
38151206067749,10:35:51.206,195.6600,100
38151206074985,10:35:51.206,195.6700,2
38151207174112,10:35:51.207,195.6600,2
38152005329362,10:35:52.005,195.6700,2
38152557906245,10:35:52.557,195.7600,200
38161514872258,10:36:01.514,195.8200,100
38163558159206,10:36:03.558,195.8400,100
38163558159206,10:36:03.558,195.8400,50
38163558159206,10:36:03.558,195.8500,50
38163558190808,10:36:03.558,195.8500,50
38166786384929,10:36:06.786,195.7300,20
38166786384929,10:36:06.786,195.7100,100
38166786384929,10:36:06.786,195.7100,80
38166786467670,10:36:06.786,195.7300,100
38166786653560,10:36:06.786,195.7100,20
38176578060856,10:36:16.578,195.6900,20
38181564410368,10:36:21.564,195.7900,100
38197272855098,10:36:37.272,195.7700,50
38197272855098,10:36:37.272,195.7800,50
38197272947518,10:36:37.272,195.7800,50
38197273085423,10:36:37.273,195.7800,100
38197273314992,10:36:37.273,195.8000,100
38219750267392,10:36:59.750,195.7900,100
38219751640925,10:36:59.751,195.8100,100
38219752245066,10:36:59.752,195.8100,100
38221237001849,10:37:01.237,195.7700,20
38221237001849,10:37:01.237,195.7700,80
38226485305728,10:37:06.485,195.7700,100
38226485399526,10:37:06.485,195.7600,100
38226485596682,10:37:06.485,195.7700,100
38226485973073,10:37:06.485,195.7700,10
38226794353468,10:37:06.794,195.7600,10
38226794631736,10:37:06.794,195.7000,100
38227056905136,10:37:07.056,195.7400,100
38231607779379,10:37:11.607,195.6100,100
38236730388893,10:37:16.730,195.4300,100
38250906019147,10:37:30.906,195.4800,100
38311522371840,10:38:31.522,195.3200,96
38311522390778,10:38:31.522,195.3200,4
38311522390778,10:38:31.522,195.3100,96
38311522420635,10:38:31.522,195.3100,4
38319391689627,10:38:39.391,195.3300,1
38319716071774,10:38:39.716,195.3200,100
38319716080799,10:38:39.716,195.3500,100
38319716080799,10:38:39.716,195.3500,69
38319716186345,10:38:39.716,195.3500,31
38319716207582,10:38:39.716,195.3500,31
38319716216171,10:38:39.716,195.3500,69
38319716512978,10:38:39.716,195.3600,31
38319716519000,10:38:39.716,195.3600,69
38319717489551,10:38:39.717,195.3600,100
38320913955921,10:38:40.913,195.3700,100
38321546656238,10:38:41.546,195.3600,19
38321547133775,10:38:41.547,195.3600,100
38321547212452,10:38:41.547,195.3400,86
38321547300047,10:38:41.547,195.3400,14
38321547323708,10:38:41.547,195.3400,14
38326031136886,10:38:46.031,195.4300,100
38326031136886,10:38:46.031,195.4300,100
38326031136886,10:38:46.031,195.4300,100
38329018393604,10:38:49.018,195.3900,100
38333936118908,10:38:53.936,195.4300,200
38333936118908,10:38:53.936,195.4300,100
38334546962829,10:38:54.546,195.4300,100
38334594953191,10:38:54.594,195.4300,100
38334629611247,10:38:54.629,195.4000,50
38335112274481,10:38:55.112,195.4000,50
38346210435968,10:39:06.210,195.3600,100
38346210554026,10:39:06.210,195.3600,100
38346210585730,10:39:06.210,195.3600,100
38346210974905,10:39:06.210,195.3500,100
38346674689989,10:39:06.674,195.4100,94
38346675068020,10:39:06.675,195.4100,6
38348255017748,10:39:08.255,195.4300,100
38348256149723,10:39:08.256,195.4400,100
38348256168298,10:39:08.256,195.4600,127
38348256518779,10:39:08.256,195.4600,100
38363831652552,10:39:23.831,195.4700,5
38363832305361,10:39:23.832,195.4650,200
38363832374005,10:39:23.832,195.4900,74
38363832431444,10:39:23.832,195.4650,100
38363832743722,10:39:23.832,195.4900,26
38363832743722,10:39:23.832,195.4900,74
38363832750633,10:39:23.832,195.4900,26
38377562004350,10:39:37.562,195.5000,100
38380586963752,10:39:40.586,195.5000,100
38383615944007,10:39:43.615,195.5000,100
38392598238620,10:39:52.598,195.5400,68
38392598293488,10:39:52.598,195.5400,32
38392601051772,10:39:52.601,195.5700,100
38395915957820,10:39:55.915,195.6200,33
38395916426101,10:39:55.916,195.6200,12
38395916426101,10:39:55.916,195.6200,95
38395917527898,10:39:55.917,195.6400,100
38396021845161,10:39:56.021,195.7200,100
38396021845161,10:39:56.021,195.7200,100
38396022300030,10:39:56.022,195.7300,100
38396027450267,10:39:56.027,195.7600,10
38402351789249,10:40:02.351,195.8500,100
38407049349529,10:40:07.049,195.8600,100
38408473133121,10:40:08.473,195.9600,100
38414230481808,10:40:14.230,195.9600,100
38415914982726,10:40:15.914,195.9600,100
38418459911965,10:40:18.459,196.0200,7
38423726687087,10:40:23.726,196.1000,50
38424021775640,10:40:24.021,196.1000,50
38424021775640,10:40:24.021,196.1000,50
38439948482870,10:40:39.948,196.1000,50
38439949777378,10:40:39.949,196.1100,100
38470911583403,10:41:10.911,196.2400,50
38470911583403,10:41:10.911,196.2500,50
38471278825777,10:41:11.278,196.2500,100
38501731025713,10:41:41.731,196.3700,100
38501731833548,10:41:41.731,196.3800,100
38501869096005,10:41:41.869,196.3800,100
38523723951172,10:42:03.723,196.4700,5
38523724140139,10:42:03.724,196.4700,45
38531247372727,10:42:11.247,196.5500,100
38534292293267,10:42:14.292,196.5500,100
38573024023968,10:42:53.024,196.5500,2
38591196300326,10:43:11.196,196.5100,1
38591196300326,10:43:11.196,196.5100,97
38601342854762,10:43:21.342,196.6000,50
38601342854762,10:43:21.342,196.6100,100
38601342854762,10:43:21.342,196.6100,50
38603661160929,10:43:23.661,196.5200,100
38614931990858,10:43:34.931,196.5100,3
38614932349791,10:43:34.932,196.5000,5
38614932431430,10:43:34.932,196.5000,5
38614932462453,10:43:34.932,196.5000,90
38615326030934,10:43:35.326,196.5200,100
38615326457488,10:43:35.326,196.5400,100
38615328163751,10:43:35.328,196.5700,100
38637930245033,10:43:57.930,196.5500,100
38638931249675,10:43:58.931,196.5500,100
38643311232405,10:44:03.311,196.6200,100
38643311332726,10:44:03.311,196.6300,100
38654579751827,10:44:14.579,196.7000,100
38656316499801,10:44:16.316,196.6100,18
38656316529747,10:44:16.316,196.6100,82
38656316529747,10:44:16.316,196.6100,100
38656316529747,10:44:16.316,196.6100,18
38656316582388,10:44:16.316,196.6100,100
38656316611881,10:44:16.316,196.6100,100
38656316670131,10:44:16.316,196.6100,82
38656335271111,10:44:16.335,196.6100,100
38656335276331,10:44:16.335,196.6200,100
38672613501174,10:44:32.613,196.5800,50
38672613530525,10:44:32.613,196.5800,50
38672613530525,10:44:32.613,196.5800,100
38672613530525,10:44:32.613,196.5800,50
38672613602427,10:44:32.613,196.5700,100
38672613632194,10:44:32.613,196.5700,50
38672613866412,10:44:32.613,196.5800,23
38672614989645,10:44:32.614,196.5400,100
38696427423949,10:44:56.427,196.5700,2
38696428046492,10:44:56.428,196.6200,100
38696428046492,10:44:56.428,196.6200,100
38732867680262,10:45:32.867,196.6800,200
38734790108385,10:45:34.790,196.6500,100
38734790651009,10:45:34.790,196.6500,68
38738616592636,10:45:38.616,196.6500,32
38750444305873,10:45:50.444,196.6500,100
38762047330164,10:46:02.047,196.6800,100
38762047330164,10:46:02.047,196.6800,100
38762047330164,10:46:02.047,196.6800,5
38762047330164,10:46:02.047,196.6800,100
38762048109652,10:46:02.048,196.7000,100
38762048109652,10:46:02.048,196.7000,100
38762048138211,10:46:02.048,196.7100,20
38762048255603,10:46:02.048,196.7100,20
38762048264469,10:46:02.048,196.7100,20
38762048267478,10:46:02.048,196.7100,20
38762049013479,10:46:02.049,196.6800,100
38762049057204,10:46:02.049,196.6800,20
38762051421604,10:46:02.051,196.6800,100
38762089349814,10:46:02.089,196.7000,100
38768281864317,10:46:08.281,196.6200,100
38768282296374,10:46:08.282,196.6200,100
38768282859394,10:46:08.282,196.6100,100
38768283642705,10:46:08.283,196.6000,100
38768283989675,10:46:08.283,196.5800,65
38772673777158,10:46:12.673,196.6000,50
38772673777158,10:46:12.673,196.5800,50
38772684089078,10:46:12.684,196.5800,50
38788723103229,10:46:28.723,196.5700,100
38788723332577,10:46:28.723,196.5700,100
38788723332577,10:46:28.723,196.5700,78
38788723681098,10:46:28.723,196.5700,22
38798027573936,10:46:38.027,196.5400,100
38801460768078,10:46:41.460,196.4900,100
38802562963742,10:46:42.562,196.4900,100
38820945056710,10:47:00.945,196.4100,100
38830380248697,10:47:10.380,196.3900,100
38874176387115,10:47:54.176,196.4600,100
38874176387115,10:47:54.176,196.4600,100
38874176387115,10:47:54.176,196.4600,100
38874176387115,10:47:54.176,196.4600,100
38874176472493,10:47:54.176,196.4700,100
38874176650780,10:47:54.176,196.4700,51
38874176657026,10:47:54.176,196.4700,49
38875681633162,10:47:55.681,196.4800,25
38895134739739,10:48:15.134,196.5100,100
38895134771480,10:48:15.134,196.5000,20
38908893612556,10:48:28.893,196.5600,3
38911646613787,10:48:31.646,196.6400,100
38911651912704,10:48:31.651,196.6900,100
38928129440759,10:48:48.129,196.6400,100
38928129609716,10:48:48.129,196.6400,100
38933270662231,10:48:53.270,196.6200,57
38933270849343,10:48:53.270,196.6200,43
38933270849343,10:48:53.270,196.6200,8
38933270860495,10:48:53.270,196.6200,92
38939803546275,10:48:59.803,196.6300,100
38946950809139,10:49:06.950,196.6300,100
38946951012452,10:49:06.951,196.6300,100
38946951019463,10:49:06.951,196.6300,100
38946951834513,10:49:06.951,196.6600,20
38959713096367,10:49:19.713,196.6500,58
38959728390111,10:49:19.728,196.6100,100
38962583217883,10:49:22.583,196.5800,100
38975117780167,10:49:35.117,196.5800,100
38975117780167,10:49:35.117,196.5800,100
38975279322976,10:49:35.279,196.5700,100
38975279756736,10:49:35.279,196.5600,100
38981940135072,10:49:41.940,196.5100,7
38984057317115,10:49:44.057,196.5000,100
38985848566437,10:49:45.848,196.4700,100
38985861828780,10:49:45.861,196.4700,100
38991627502435,10:49:51.627,196.4600,50
38991627502435,10:49:51.627,196.4700,50
39001852686398,10:50:01.852,196.4700,100
39002891993113,10:50:02.891,196.5100,58
39002892024753,10:50:02.892,196.5100,42
39002892028921,10:50:02.892,196.5200,58
39002892031333,10:50:02.892,196.5000,100
39002892036588,10:50:02.892,196.5200,42
39002892042113,10:50:02.892,196.5400,26
39002892453157,10:50:02.892,196.5400,74
39002892453157,10:50:02.892,196.5400,26
39002893001692,10:50:02.893,196.5400,74
39007906378977,10:50:07.906,196.5000,100
39007906378977,10:50:07.906,196.5000,100
39007930928697,10:50:07.930,196.4700,10
39030630252846,10:50:30.630,196.5950,100
39032742361662,10:50:32.742,196.5700,1
39032743639031,10:50:32.743,196.5600,100
39032846154169,10:50:32.846,196.5200,100
39042974568953,10:50:42.974,196.5000,100
39052976622050,10:50:52.976,196.4400,9
39052977140697,10:50:52.977,196.4400,100
39052985685734,10:50:52.985,196.4800,100
39059586701387,10:50:59.586,196.4500,100
39072123338745,10:51:12.123,196.5100,100
39072423216076,10:51:12.423,196.5200,100
39072423216076,10:51:12.423,196.5200,100
39072423216076,10:51:12.423,196.5200,100
39122926901353,10:52:02.926,196.5650,100
39147719070880,10:52:27.719,196.5100,100
39147719100702,10:52:27.719,196.5100,100
39147719100702,10:52:27.719,196.5100,100
39147719235946,10:52:27.719,196.5100,100
39147720493813,10:52:27.720,196.4600,70
39147720764238,10:52:27.720,196.4100,100
39153684156681,10:52:33.684,196.3600,17
39153684156681,10:52:33.684,196.3600,83
39157748119546,10:52:37.748,196.4500,100
39157748119546,10:52:37.748,196.4500,100
39157748504378,10:52:37.748,196.4600,27
39157748597626,10:52:37.748,196.4600,58
39157748637243,10:52:37.748,196.4600,15
39157748637243,10:52:37.748,196.4600,8
39157748698514,10:52:37.748,196.4600,80
39157748737224,10:52:37.748,196.4600,12
39162851557243,10:52:42.851,196.4200,50
39162940698619,10:52:42.940,196.4000,17
39162942389431,10:52:42.942,196.3600,58
39162942394325,10:52:42.942,196.3600,42
39169759462415,10:52:49.759,196.4000,50
39169759462415,10:52:49.759,196.4000,50
39174882100005,10:52:54.882,196.3700,100
39209128508520,10:53:29.128,196.3200,50
39209128508520,10:53:29.128,196.3300,50
39210959471437,10:53:30.959,196.2700,58
39210959509014,10:53:30.959,196.2700,42
39210959624202,10:53:30.959,196.2700,71
39210959669550,10:53:30.959,196.2700,29
39210963141001,10:53:30.963,196.2800,100
39228785561773,10:53:48.785,196.2500,100
39228785561773,10:53:48.785,196.2500,100
39235170392859,10:53:55.170,196.2300,100
39240011613169,10:54:00.011,196.2600,100
39240011832276,10:54:00.011,196.2600,100
39240012068674,10:54:00.012,196.2700,100
39240191561337,10:54:00.191,196.3200,5
39240191561337,10:54:00.191,196.3300,50
39240191561337,10:54:00.191,196.3300,45
39240210128771,10:54:00.210,196.3300,55
39279812247073,10:54:39.812,196.4700,100
39279812993803,10:54:39.812,196.4700,100
39279812993803,10:54:39.812,196.4900,100
39279813053146,10:54:39.813,196.4900,10
39279813083219,10:54:39.813,196.4900,3
39279813402204,10:54:39.813,196.4900,87
39283734820442,10:54:43.734,196.4500,100
39283734820442,10:54:43.734,196.4500,100
39283734832735,10:54:43.734,196.4500,100
39283735631606,10:54:43.735,196.4200,100
39283735859714,10:54:43.735,196.4200,42
39283735896225,10:54:43.735,196.4200,58
39290345492378,10:54:50.345,196.4400,100
39290345492378,10:54:50.345,196.4500,100
39291655769040,10:54:51.655,196.4500,100
39291656195652,10:54:51.656,196.4500,100
39291656469673,10:54:51.656,196.4900,100
39291656649949,10:54:51.656,196.4500,100
39293302148823,10:54:53.302,196.4400,100
39299174316338,10:54:59.174,196.4300,100
39304598785419,10:55:04.598,196.4550,100
39321759091615,10:55:21.759,196.4600,50
39323950470927,10:55:23.950,196.4600,100
39323950470927,10:55:23.950,196.4500,100
39330385363131,10:55:30.385,196.4700,100
39354206072570,10:55:54.206,196.4300,100
39354218129636,10:55:54.218,196.4300,100
39354218614242,10:55:54.218,196.4200,10
39354219636682,10:55:54.219,196.4300,10
39354219636682,10:55:54.219,196.4300,10
39354219636682,10:55:54.219,196.4300,10
39354219636682,10:55:54.219,196.4300,10
39354219636682,10:55:54.219,196.4300,10
39355803879723,10:55:55.803,196.4100,81
39355804354500,10:55:55.804,196.4100,19
39355805264235,10:55:55.805,196.4100,100
39370172744458,10:56:10.172,196.4900,20
39382290514059,10:56:22.290,196.4200,100
39382290583007,10:56:22.290,196.4100,15
39382290629536,10:56:22.290,196.4200,78
39390038388387,10:56:30.038,196.4200,100
39393189177000,10:56:33.189,196.3900,100
39406163245496,10:56:46.163,196.3400,2
39406581862239,10:56:46.581,196.3400,98
39406581862239,10:56:46.581,196.3400,2
39406581892748,10:56:46.581,196.3400,98
39417613587813,10:56:57.613,196.3100,19
39422298576067,10:57:02.298,196.3200,100
39422298718867,10:57:02.298,196.3600,26
39422298753759,10:57:02.298,196.3600,74
39422298753759,10:57:02.298,196.3600,26
39422298756698,10:57:02.298,196.3600,74
39422298756698,10:57:02.298,196.3600,26
39422298798945,10:57:02.298,196.3600,77
39422298798945,10:57:02.298,196.3600,48
39422298798945,10:57:02.298,196.3600,25
39422298827724,10:57:02.298,196.3600,75
39422298827724,10:57:02.298,196.3600,100
39422298827724,10:57:02.298,196.3600,200
39422381322810,10:57:02.381,196.3600,50
39422381322810,10:57:02.381,196.3700,50
39422381371104,10:57:02.381,196.3700,50
39422381419510,10:57:02.381,196.3700,50
39422381764840,10:57:02.381,196.3800,100
39423299693823,10:57:03.299,196.3700,100
39430069867002,10:57:10.069,196.3700,50
39432538716183,10:57:12.538,196.3700,50
39432538716183,10:57:12.538,196.3700,50
39432538985350,10:57:12.538,196.3700,50
39432538985350,10:57:12.538,196.3700,100
39439065795435,10:57:19.065,196.3500,100
39439065866792,10:57:19.065,196.3500,100
39475465393770,10:57:55.465,196.3750,100
39532494741092,10:58:52.494,196.3750,100
39533599259634,10:58:53.599,196.4000,50
39533599259634,10:58:53.599,196.4200,50
39534506264652,10:58:54.506,196.4100,50
39534506264652,10:58:54.506,196.4200,26
39536196757037,10:58:56.196,196.3800,100
39536196757037,10:58:56.196,196.4300,17
39536196873868,10:58:56.196,196.4300,96
39536197151824,10:58:56.197,196.4300,59
39536197977672,10:58:56.197,196.4400,100
39536200444147,10:58:56.200,196.4300,83
39538419259463,10:58:58.419,196.5100,100
39559640023742,10:59:19.640,196.5600,100
39559650562813,10:59:19.650,196.5700,100
39559656342083,10:59:19.656,196.5900,100
39559656342083,10:59:19.656,196.5900,100
39564792313873,10:59:24.792,196.5500,1
39564792703193,10:59:24.792,196.5500,100
39564792711403,10:59:24.792,196.5600,90
39564792717447,10:59:24.792,196.5600,10
39564792717447,10:59:24.792,196.5600,10
39564792931618,10:59:24.792,196.5500,10
39564792931618,10:59:24.792,196.5500,10
39564792931618,10:59:24.792,196.5500,10
39564792931618,10:59:24.792,196.5500,50
39564987457595,10:59:24.987,196.5400,75
39564987486046,10:59:24.987,196.5400,24
39570285080012,10:59:30.285,196.5600,10
39580311414235,10:59:40.311,196.6800,6
39595801137515,10:59:55.801,196.6500,10
39601274991315,11:00:01.274,196.7500,100
39601275019404,11:00:01.275,196.7500,100
39601275030645,11:00:01.275,196.7500,36
39601275097097,11:00:01.275,196.7500,36
39601275187676,11:00:01.275,196.7500,28
39601275225607,11:00:01.275,196.7600,36
39601275260406,11:00:01.275,196.7600,64
39601386596702,11:00:01.386,196.8000,100
39602387728661,11:00:02.387,196.8600,100
39602393356197,11:00:02.393,196.8900,100
39606153625455,11:00:06.153,196.9500,100
39611420513483,11:00:11.420,197.0200,100
39611420542190,11:00:11.420,197.0200,100
39611420742132,11:00:11.420,197.0100,50
39611420769299,11:00:11.420,197.0100,50
39611420769299,11:00:11.420,197.0100,50
39611420806316,11:00:11.420,197.0100,50
39611420824315,11:00:11.420,197.0100,100
39611420824790,11:00:11.420,197.0100,50
39611420988756,11:00:11.420,197.0100,50
39619163362325,11:00:19.163,196.9300,100
39619200745412,11:00:19.200,196.9300,45
39619200823180,11:00:19.200,196.9300,55
39619200823180,11:00:19.200,196.9300,100
39623705851572,11:00:23.705,196.8700,100
39623705935943,11:00:23.705,196.8700,100
39623724971269,11:00:23.724,196.8700,20
39628358027271,11:00:28.358,196.8700,80
39633090541486,11:00:33.090,196.8700,69
39645540718062,11:00:45.540,196.8500,100
39645541203959,11:00:45.541,196.8400,100
39646768241909,11:00:46.768,196.8100,2
39646768241909,11:00:46.768,196.8100,4
39657116695533,11:00:57.116,196.8700,100
39657116695533,11:00:57.116,196.8700,20
39660917430946,11:01:00.917,196.9100,20
39662917562188,11:01:02.917,197.0000,57
39662917728789,11:01:02.917,197.0000,43
39665353476025,11:01:05.353,197.2000,200
39666232154927,11:01:06.232,197.2000,100
39666296720926,11:01:06.296,197.1900,7
39666863571608,11:01:06.863,197.1500,5
39666864597710,11:01:06.864,197.1500,5
39666866835924,11:01:06.866,197.1500,20
39666888010776,11:01:06.888,197.1500,70
39666888010776,11:01:06.888,197.1100,30
39666888015586,11:01:06.888,197.1100,56
39666888059147,11:01:06.888,197.1100,14
39666888059147,11:01:06.888,197.1100,29
39667320630487,11:01:07.320,197.1000,1
39667320630487,11:01:07.320,197.1000,100
39667320630487,11:01:07.320,197.1000,3
39667320630487,11:01:07.320,197.1000,6
39667926034136,11:01:07.926,197.1000,20
39667926463093,11:01:07.926,197.1200,5
39669042975200,11:01:09.042,197.1100,15
39669043151679,11:01:09.043,197.1100,100
39669043155511,11:01:09.043,197.1100,31
39673403282889,11:01:13.403,197.0900,100
39673403282889,11:01:13.403,197.0900,100
39673403901100,11:01:13.403,197.0700,100
39692009088990,11:01:32.009,197.0000,26
39692010652357,11:01:32.010,197.0000,20
39694552266906,11:01:34.552,196.9800,100
39706267550015,11:01:46.267,196.8800,1
39708180972611,11:01:48.180,196.8800,100
39709010278950,11:01:49.010,196.9100,2
39709016480100,11:01:49.016,196.9500,100
39709016480100,11:01:49.016,196.9500,100
39709016480100,11:01:49.016,196.9500,100
39709016997526,11:01:49.016,196.9600,100
39728066509298,11:02:08.066,197.0700,17
39728066951415,11:02:08.066,197.0700,83
39728066975616,11:02:08.066,197.1000,20
39728066983847,11:02:08.066,197.1100,5
39728069912303,11:02:08.069,197.0700,100
39728069941184,11:02:08.069,197.0700,100
39737150150130,11:02:17.150,197.0900,5
39737150155215,11:02:17.150,197.0900,48
39737150386845,11:02:17.150,197.0900,47
39737150386845,11:02:17.150,197.0900,48
39737150853286,11:02:17.150,197.0900,52
39740951108729,11:02:20.951,197.0100,20
39746009344796,11:02:26.009,196.9700,100
39746032800807,11:02:26.032,196.9700,71
39746032840958,11:02:26.032,196.9700,8
39746032875039,11:02:26.032,196.9700,21
39749382877142,11:02:29.382,196.9100,85
39750468026405,11:02:30.468,196.9100,15
39750468026405,11:02:30.468,196.9100,85
39751119111821,11:02:31.119,196.9100,15
39753054079431,11:02:33.054,196.8400,54
39753618325377,11:02:33.618,196.8400,46
39759207811441,11:02:39.207,196.8000,2
39759207811441,11:02:39.207,196.8000,28
39759207877934,11:02:39.207,196.8100,100
39759208307549,11:02:39.208,196.8200,100
39759208307549,11:02:39.208,196.8200,100
39795080365048,11:03:15.080,197.0800,50
39795080365048,11:03:15.080,197.0800,30
39799475720590,11:03:19.475,196.9700,100
39799476152587,11:03:19.476,196.9500,100
39799495651166,11:03:19.495,196.9700,5
39799495814332,11:03:19.495,196.9700,95
39801550089669,11:03:21.550,196.9100,5
39801550345153,11:03:21.550,196.9100,20
39801550358148,11:03:21.550,196.9100,75
39802430506120,11:03:22.430,196.9400,20
39802430506120,11:03:22.430,196.9600,20
39802430506120,11:03:22.430,196.9600,82
39802430541320,11:03:22.430,196.9600,18
39802430601486,11:03:22.430,196.9700,100
39813020993143,11:03:33.020,197.0400,50
39813020993143,11:03:33.020,197.0500,50
39813021098403,11:03:33.021,197.0500,50
39813021379784,11:03:33.021,197.0500,100
39813021413554,11:03:33.021,197.0500,100
39813021436714,11:03:33.021,197.0500,20
39813021473840,11:03:33.021,197.0500,60
39813021515545,11:03:33.021,197.0500,20
39813021640730,11:03:33.021,197.0500,100
39813021678751,11:03:33.021,197.0500,80
39813021687386,11:03:33.021,197.0500,20
39813021860790,11:03:33.021,197.0500,100
39813022008506,11:03:33.022,197.0300,10
39813022095072,11:03:33.022,197.0500,10
39813022197725,11:03:33.022,197.0500,21
39813022254565,11:03:33.022,197.0500,21
39813022318891,11:03:33.022,197.0500,21
39813022383804,11:03:33.022,197.0500,21
39813022440114,11:03:33.022,197.0500,16
39813022440114,11:03:33.022,197.0500,1
39813022886476,11:03:33.022,197.0500,100
39813436622937,11:03:33.436,197.0700,50
39813436622937,11:03:33.436,197.0900,100
39830364959245,11:03:50.364,197.0100,100
39830364985427,11:03:50.364,197.0100,100
39830414540219,11:03:50.414,196.9000,100
39831847228898,11:03:51.847,196.9700,20
39831847228898,11:03:51.847,196.9700,3
39831847296243,11:03:51.847,196.9700,100
39837852109534,11:03:57.852,197.0000,49
39837852109534,11:03:57.852,197.0100,51
39838515369442,11:03:58.515,197.0100,49
39838515369442,11:03:58.515,197.0100,100
39838515387508,11:03:58.515,197.0400,20
39859763639744,11:04:19.763,197.0400,100
39860868899975,11:04:20.868,197.0200,100
39860868966875,11:04:20.868,197.0100,5
39861836960995,11:04:21.836,197.0100,95
39861837033724,11:04:21.837,197.0000,20
39861837061553,11:04:21.837,197.0000,67
39861837096009,11:04:21.837,197.0000,13
39861839959052,11:04:21.839,196.9800,5
39873022984120,11:04:33.022,197.0300,100
39895497048123,11:04:55.497,196.9100,100
39895722072343,11:04:55.722,196.9000,13
39896517092887,11:04:56.517,196.9000,87
39900049690923,11:05:00.049,196.8600,2
39901086428092,11:05:01.086,196.9300,100
39901086494687,11:05:01.086,196.9400,11
39901086545731,11:05:01.086,196.9400,89
39901659684587,11:05:01.659,196.9400,100
39901659767236,11:05:01.659,196.9400,100
39918231584477,11:05:18.231,196.9300,96
39918231595213,11:05:18.231,196.9300,4
39918231595213,11:05:18.231,196.9300,1
39920040814946,11:05:20.040,196.9300,99
39926617933235,11:05:26.617,196.8200,1
39927497542015,11:05:27.497,196.8100,99
39928001090544,11:05:28.001,196.8100,1
39928001090544,11:05:28.001,196.8100,17
39928001090544,11:05:28.001,196.8100,82
39939578315785,11:05:39.578,196.8300,100
39939659457001,11:05:39.659,196.8100,18
39939659457001,11:05:39.659,196.8100,82
39946654313647,11:05:46.654,196.7600,107
39946660009497,11:05:46.660,196.7600,12
39946936123586,11:05:46.936,196.7900,1
39946936659940,11:05:46.936,196.8000,100
39946936659940,11:05:46.936,196.8000,100
39946937077004,11:05:46.937,196.8100,100
39946937124909,11:05:46.937,196.8300,1
39947927013701,11:05:47.927,196.8500,100
39949002500932,11:05:49.002,196.8800,1
39952347463082,11:05:52.347,196.9250,100
39955938650710,11:05:55.938,196.9500,67
39955940675108,11:05:55.940,196.9800,100
39973751095910,11:06:13.751,196.9700,100
39983399329993,11:06:23.399,196.9500,2
39985349034907,11:06:25.349,196.9700,100
39989262841674,11:06:29.262,196.8900,100
39989262954373,11:06:29.262,196.8900,100
39989864470493,11:06:29.864,196.8400,100
39990816022604,11:06:30.816,196.7800,50
39990840551010,11:06:30.840,196.7700,100
39995344010154,11:06:35.344,196.7800,100
39995344010154,11:06:35.344,196.7800,100
39995344339864,11:06:35.344,196.8100,20
39995344649415,11:06:35.344,196.8100,48
39995345139245,11:06:35.345,196.8100,100
39995345361692,11:06:35.345,196.8100,52
39995345361692,11:06:35.345,196.8100,56
40008020234183,11:06:48.020,196.9200,20
40015818795665,11:06:55.818,196.9900,95
40024366104974,11:07:04.366,196.9300,100
40024366184234,11:07:04.366,196.9300,100
40042010488234,11:07:22.010,196.9350,200
40044889797758,11:07:24.889,196.9200,100
40044900831552,11:07:24.900,196.9300,100
40044901271319,11:07:24.901,196.9300,100
40044901271319,11:07:24.901,196.9300,20
40044901278724,11:07:24.901,196.9300,80
40044901278724,11:07:24.901,196.9300,20
40044901301006,11:07:24.901,196.9300,15
40044901348335,11:07:24.901,196.9300,85
40075911788560,11:07:55.911,196.8800,2
40078035918719,11:07:58.035,196.9000,100
40078035948301,11:07:58.035,196.9000,100
40078037505799,11:07:58.037,196.9000,100
40078037710382,11:07:58.037,196.9000,100
40087894856364,11:08:07.894,197.0200,20
40087894869555,11:08:07.894,197.0200,20
40087894873916,11:08:07.894,197.0200,60
40087894873916,11:08:07.894,197.0300,20
40119030931973,11:08:39.030,197.0100,100
40119386638541,11:08:39.386,197.0400,20
40140099799449,11:09:00.099,197.0500,2
40140099799449,11:09:00.099,197.0700,98
40168583064399,11:09:28.583,197.0700,100
40172850861189,11:09:32.850,197.0800,20
40172850861189,11:09:32.850,197.0800,100
40172850861189,11:09:32.850,197.0800,100
40172850861189,11:09:32.850,197.0800,100
40172850893705,11:09:32.850,197.0800,300
40172851117188,11:09:32.851,197.0900,9
40172852128531,11:09:32.852,197.0900,91
40181712837670,11:09:41.712,197.0500,1
40181712837670,11:09:41.712,197.0500,99
40181712851720,11:09:41.712,197.0500,1
40181712898189,11:09:41.712,197.0400,67
40181713039894,11:09:41.713,197.0400,33
40181718196837,11:09:41.718,197.0300,8
40181718225518,11:09:41.718,197.0300,12
40205361399353,11:10:05.361,197.0900,100
40205361399353,11:10:05.361,197.0900,17
40205361428272,11:10:05.361,197.0900,3
40214108468044,11:10:14.108,197.1800,20
40214108476172,11:10:14.108,197.1800,80
40214110025797,11:10:14.110,197.2100,100
40214110507588,11:10:14.110,197.2100,5
40214110507588,11:10:14.110,197.2100,20
40214116337177,11:10:14.116,197.2400,100
40214116493406,11:10:14.116,197.2500,15
40214116755054,11:10:14.116,197.2500,80
40214116795771,11:10:14.116,197.2500,5
40225669790456,11:10:25.669,197.3200,20
40225670055192,11:10:25.670,197.3300,20
40235393638553,11:10:35.393,197.2300,100
40235393668539,11:10:35.393,197.2300,55
40235393716903,11:10:35.393,197.2200,100
40235393732681,11:10:35.393,197.2200,45
40239983345211,11:10:39.983,197.1900,100
40239983345211,11:10:39.983,197.1900,100
40239983345211,11:10:39.983,197.1900,100
40247271528529,11:10:47.271,197.1900,20
40261979566825,11:11:01.979,197.2000,50
40261979566825,11:11:01.979,197.2100,50
40266618549474,11:11:06.618,197.2200,15
40266618697403,11:11:06.618,197.2200,20
40266626741577,11:11:06.626,197.1700,1
40266626789154,11:11:06.626,197.1700,99
40267236003942,11:11:07.236,197.1400,100
40267236063622,11:11:07.236,197.1400,100
40274686010415,11:11:14.686,197.1900,100
40274686116484,11:11:14.686,197.1900,72
40274686151589,11:11:14.686,197.1900,28
40286752655639,11:11:26.752,197.2500,100
40308873629095,11:11:48.873,197.2000,4
40308873777283,11:11:48.873,197.2000,96
40311854645068,11:11:51.854,197.1600,100
40311854645068,11:11:51.854,197.1600,100
40311855601735,11:11:51.855,197.1500,100
40313968726032,11:11:53.968,197.1100,100
40315337141825,11:11:55.337,197.0700,14
40317159202899,11:11:57.159,197.0000,100
40323860824995,11:12:03.860,197.0600,100
40332665426708,11:12:12.665,197.0900,100
40332665768213,11:12:12.665,197.1000,100
40336643490626,11:12:16.643,197.1400,100
40336650269687,11:12:16.650,197.1400,10
40401971976565,11:13:21.971,197.1500,100
40401971976565,11:13:21.971,197.1500,100
40401971976565,11:13:21.971,197.1500,100
40401971976565,11:13:21.971,197.1500,100
40401972446674,11:13:21.972,197.1200,100
40438963180950,11:13:58.963,197.0800,100
40438963180950,11:13:58.963,197.0800,100
40480567821719,11:14:40.567,197.0000,100
40480567821719,11:14:40.567,197.0000,100
40480567821719,11:14:40.567,197.0000,100
40480568815669,11:14:40.568,197.0100,7
40480570826290,11:14:40.570,197.0100,93
40480570826290,11:14:40.570,197.0100,7
40482624744914,11:14:42.624,197.0200,100
40484747487835,11:14:44.747,197.0400,1
40489369113940,11:14:49.369,197.0700,5
40489369115508,11:14:49.369,197.0700,5
40489379312929,11:14:49.379,197.0800,1
40502800422542,11:15:02.800,197.1800,100
40513877631676,11:15:13.877,197.1400,50
40513877631676,11:15:13.877,197.1300,100
40513877631676,11:15:13.877,197.1200,50
40513878094930,11:15:13.878,197.1200,50
40513878094930,11:15:13.878,197.1200,66
40513878300652,11:15:13.878,197.1200,34
40513878529880,11:15:13.878,197.1200,34
40513878574648,11:15:13.878,197.1200,66
40514477927250,11:15:14.477,197.1200,100
40525000673878,11:15:25.000,197.1500,100
40540844908087,11:15:40.844,197.2000,100
40552832471779,11:15:52.832,197.1700,100
40552875352782,11:15:52.875,197.2000,100
40590336792823,11:16:30.336,197.1500,100
40590336792823,11:16:30.336,197.1500,100
40590337464531,11:16:30.337,197.1300,100
40597633383519,11:16:37.633,197.0800,100
40597633425567,11:16:37.633,197.0800,16
40597633425567,11:16:37.633,197.0800,100
40616076499520,11:16:56.076,197.0200,21
40616076502686,11:16:56.076,197.0200,79
40616076502686,11:16:56.076,197.0000,21
40618383949010,11:16:58.383,197.0000,100
40618383949010,11:16:58.383,197.0000,100
40618383949010,11:16:58.383,197.0000,6
40618383980104,11:16:58.383,197.0000,94
40618384532091,11:16:58.384,197.0100,2
40618384582665,11:16:58.384,197.0100,98
40618384582665,11:16:58.384,197.0100,2
40618384652215,11:16:58.384,197.0100,98
40618386699311,11:16:58.386,197.0200,2
40629095583387,11:17:09.095,197.0500,100
40629096393503,11:17:09.096,197.0600,100
40632095480437,11:17:12.095,197.0900,100
40633048748146,11:17:13.048,197.1000,20
40633621112213,11:17:13.621,197.1000,20
40640174832959,11:17:20.174,197.1050,100
40640353085815,11:17:20.353,197.1100,100
40647800438559,11:17:27.800,197.0900,32
40647804142008,11:17:27.804,197.0900,68
40712950056407,11:18:32.950,197.0400,100
40720147868379,11:18:40.147,197.0400,100
40733577646545,11:18:53.577,197.0400,1
40745982805060,11:19:05.982,197.0500,26
40746705565693,11:19:06.705,197.0500,74
40746705565693,11:19:06.705,197.0500,26
40746705594720,11:19:06.705,197.0500,31
40746705631719,11:19:06.705,197.0500,43
40746899904256,11:19:06.899,197.0100,100
40746900668120,11:19:06.900,197.0100,100
40746907085219,11:19:06.907,197.0000,100
40789540281996,11:19:49.540,196.9400,100
40789540723521,11:19:49.540,196.9400,100
40789546225769,11:19:49.546,196.9400,200
40789633628504,11:19:49.633,196.9700,20
40796878896317,11:19:56.878,196.9300,100
40800532884997,11:20:00.532,196.9500,8
40801280078594,11:20:01.280,196.9500,92
40801283334386,11:20:01.283,196.9200,100
40817388933481,11:20:17.388,196.9500,52
40817389007596,11:20:17.389,196.9500,48
40817389007596,11:20:17.389,196.9500,100
40831114180181,11:20:31.114,196.9400,100
40831114180181,11:20:31.114,196.9400,100
40831114695763,11:20:31.114,196.9400,100
40835750397668,11:20:35.750,196.9100,90
40872580850173,11:21:12.580,196.8850,100
40872580850173,11:21:12.580,196.8600,1
40872580850173,11:21:12.580,196.8600,20
40872580867362,11:21:12.580,196.8600,80
40872580867362,11:21:12.580,196.8600,100
40872581625612,11:21:12.581,196.8600,100
40872977457804,11:21:12.977,196.8400,18
40878685410291,11:21:18.685,196.7900,100
40882606493328,11:21:22.606,196.7500,6
40897606826075,11:21:37.606,196.7500,94
40907997035819,11:21:47.997,196.7600,100
40908004205394,11:21:48.004,196.7900,100
40908004205394,11:21:48.004,196.7900,100
40908004205394,11:21:48.004,196.7900,100
40908005050154,11:21:48.005,196.8000,100
40913033107015,11:21:53.033,196.8300,46
40913033107015,11:21:53.033,196.8300,100
40913118356315,11:21:53.118,196.8300,100
40914508219717,11:21:54.508,196.8600,100
40917754393082,11:21:57.754,196.8600,100
40917754399990,11:21:57.754,196.8600,100
40923626732705,11:22:03.626,196.9300,100
40923626989295,11:22:03.626,196.9300,100
40928808538701,11:22:08.808,196.8800,100
40928809159187,11:22:08.809,196.8800,100
40928809159187,11:22:08.809,196.8800,92
40928809188720,11:22:08.809,196.8800,8
40928809201770,11:22:08.809,196.8800,8
40928809754867,11:22:08.809,196.8800,37
40928809789631,11:22:08.809,196.8800,18
40928809804626,11:22:08.809,196.8800,37
40937183641576,11:22:17.183,196.7500,90
40944177767081,11:22:24.177,196.8100,50
40944177767081,11:22:24.177,196.8200,50
40944178431817,11:22:24.178,196.8200,50
40960875956576,11:22:40.875,196.8700,31
40960876002337,11:22:40.876,196.8700,69
40969907210112,11:22:49.907,196.9000,100
40970306650630,11:22:50.306,196.9100,100
40970335746857,11:22:50.335,196.9200,100
40973609279860,11:22:53.609,196.9700,100
40973609279860,11:22:53.609,196.9700,100
40973611367675,11:22:53.611,196.9900,46
40973611796375,11:22:53.611,196.9900,54
40973903438706,11:22:53.903,196.9900,10
40973903438706,11:22:53.903,196.9900,20
40977248188919,11:22:57.248,197.0000,100
40982506028550,11:23:02.506,197.0200,100
40982506028550,11:23:02.506,197.0200,100
40987148634260,11:23:07.148,196.9900,100
41013369250231,11:23:33.369,196.9300,100
41013674619249,11:23:33.674,196.9650,100
41024541995445,11:23:44.541,196.9500,100
41024542063886,11:23:44.542,196.9700,5
41025066459827,11:23:45.066,196.9800,100
41025072649003,11:23:45.072,197.0100,100
41028282904988,11:23:48.282,197.0200,6
41028289029744,11:23:48.289,197.0200,6
41028296561193,11:23:48.296,197.0200,6
41035194654959,11:23:55.194,197.0200,100
41037161284740,11:23:57.161,197.0200,82
41038373381225,11:23:58.373,197.0100,100
41062062061420,11:24:22.062,197.0000,100
41069220187062,11:24:29.220,197.0100,1
41069220187062,11:24:29.220,197.0100,19
41069221109994,11:24:29.221,197.0100,5
41069221236104,11:24:29.221,197.0100,3
41069222575169,11:24:29.222,197.0100,20
41069222612098,11:24:29.222,197.0100,53
41078876897497,11:24:38.876,197.0300,53
41078879389249,11:24:38.879,197.0200,100
41078879389249,11:24:38.879,197.0300,47
41079958509702,11:24:39.958,197.0300,100
41088832364534,11:24:48.832,197.0200,100
41134634438094,11:25:34.634,197.0800,95
41134636452848,11:25:34.636,197.0800,5
41134636817437,11:25:34.636,197.0900,100
41135156976246,11:25:35.156,197.1000,2
41137615941699,11:25:37.615,197.1000,100
41137615941699,11:25:37.615,197.1000,100
41140039398363,11:25:40.039,197.1300,1
41140039398363,11:25:40.039,197.1500,99
41142074067449,11:25:42.074,197.1200,100
41151148921422,11:25:51.148,197.0800,3
41153413128789,11:25:53.413,197.0800,97
41153413128789,11:25:53.413,197.0800,100
41153413128789,11:25:53.413,197.0800,100
41158479750959,11:25:58.479,197.0900,50
41158479750959,11:25:58.479,197.0900,50
41158725049738,11:25:58.725,197.1000,100
41158725848670,11:25:58.725,197.1000,100
41164018940832,11:26:04.018,197.1000,100
41168793483779,11:26:08.793,197.0700,100
41168793569548,11:26:08.793,197.0600,100
41169008030978,11:26:09.008,197.0600,100
41170946159756,11:26:10.946,196.9200,20
41171932960978,11:26:11.932,196.9500,20
41171932960978,11:26:11.932,196.9500,80
41171933017353,11:26:11.933,196.9500,100
41171933039754,11:26:11.933,196.9500,13
41171933039754,11:26:11.933,196.9500,87
41171933055363,11:26:11.933,196.9500,13
41171933709328,11:26:11.933,196.9700,100
41171933839973,11:26:11.933,196.9700,100
41171934235124,11:26:11.934,196.9700,100
41171936426190,11:26:11.936,196.9800,100
41190596404060,11:26:30.596,197.0300,100
41190596404060,11:26:30.596,197.0400,2
41190612004553,11:26:30.612,197.0400,100
41199240112011,11:26:39.240,197.0900,100
41199240550382,11:26:39.240,197.0900,100
41199468229337,11:26:39.468,197.0700,99
41199468708268,11:26:39.468,197.0600,100
41199468710026,11:26:39.468,197.0600,90
41199547881625,11:26:39.547,197.0100,100
41199760348537,11:26:39.760,197.0100,100
41255969020149,11:27:35.969,196.9800,85
41255969020149,11:27:35.969,196.9600,15
41255969047395,11:27:35.969,196.9600,85
41255969047395,11:27:35.969,196.9600,100
41255969047395,11:27:35.969,196.9600,100
41255970397070,11:27:35.970,196.9300,20
41267012543795,11:27:47.012,196.8500,17
41268010184412,11:27:48.010,196.8300,2
41297512729770,11:28:17.512,196.7700,35
41297512757688,11:28:17.512,196.7700,65
41297616591076,11:28:17.616,196.7200,100
41297706041136,11:28:17.706,196.7300,100
41340070510253,11:29:00.070,196.7600,2
41340071123230,11:29:00.071,196.7800,100
41340071159498,11:29:00.071,196.7800,96
41357616863969,11:29:17.616,196.8100,100
41359836599804,11:29:19.836,196.8200,2
41359836599804,11:29:19.836,196.8200,100
41359836599804,11:29:19.836,196.8200,100
41359837529224,11:29:19.837,196.8300,100
41359837529224,11:29:19.837,196.8300,100
41359837559257,11:29:19.837,196.8300,100
41394078472774,11:29:54.078,196.8300,100
41394078502697,11:29:54.078,196.8300,100
41403924753269,11:30:03.924,196.8600,100
41424034721678,11:30:24.034,196.8400,100
41424034727203,11:30:24.034,196.8300,44
41424034785746,11:30:24.034,196.8300,56
41424045992105,11:30:24.045,196.8100,2
41424516755262,11:30:24.516,196.8100,98
41444530839914,11:30:44.530,196.7700,100
41450541942700,11:30:50.541,196.7900,2
41470897028265,11:31:10.897,196.8000,2
41480651082751,11:31:20.651,196.8500,100
41480651817032,11:31:20.651,196.8600,100
41480652445191,11:31:20.652,196.8700,5
41501703053035,11:31:41.703,196.9200,100
41501703053035,11:31:41.703,196.9200,60
41501703083198,11:31:41.703,196.9200,40
41504086792883,11:31:44.086,196.8900,98
41504086872281,11:31:44.086,196.8800,100
41504086900854,11:31:44.086,196.8700,62
41504086940125,11:31:44.086,196.8700,38
41505891328954,11:31:45.891,196.8900,100
41517587518996,11:31:57.587,196.8600,1
41521140787123,11:32:01.140,196.8500,100
41521140892301,11:32:01.140,196.8500,100
41523139864629,11:32:03.139,196.8500,100
41523140156570,11:32:03.140,196.8600,100
41524908078125,11:32:04.908,196.8500,20
41525020038099,11:32:05.020,196.8600,100
41527174496802,11:32:07.174,196.8400,100
41527174496802,11:32:07.174,196.8400,100
41527175114196,11:32:07.175,196.8300,100
41534753771679,11:32:14.753,196.8100,20
41544663587570,11:32:24.663,196.8000,100
41547093038177,11:32:27.093,196.8100,100
41565222692947,11:32:45.222,196.7500,100
41565222692947,11:32:45.222,196.7500,100
41565222692947,11:32:45.222,196.7500,100
41565222758484,11:32:45.222,196.7500,100
41565224468926,11:32:45.224,196.7500,100
41565551432581,11:32:45.551,196.7300,100
41565885250013,11:32:45.885,196.6900,20
41569249814220,11:32:49.249,196.7100,100
41591021554271,11:33:11.021,196.7100,100
41592991226440,11:33:12.991,196.7200,100
41631538767329,11:33:51.538,196.7100,100
41631538767329,11:33:51.538,196.7100,2
41638079598239,11:33:58.079,196.7100,100
41655294930287,11:34:15.294,196.7200,2
41655295458456,11:34:15.295,196.7500,100
41655295458456,11:34:15.295,196.7500,100
41655295458456,11:34:15.295,196.7500,200
41655305574885,11:34:15.305,196.7600,100
41700803989732,11:35:00.803,196.7700,2
41700804083514,11:35:00.804,196.7500,2
41700804183551,11:35:00.804,196.7700,2
41702426874617,11:35:02.426,196.7700,100
41703369422728,11:35:03.369,196.7900,100
41703369424099,11:35:03.369,196.7900,100
41703370142266,11:35:03.370,196.8000,100
41703370142266,11:35:03.370,196.8000,15
41703370230852,11:35:03.370,196.8000,64
41703370265552,11:35:03.370,196.8000,15
41703370265552,11:35:03.370,196.8000,36
41703370301700,11:35:03.370,196.8000,13
41703370335600,11:35:03.370,196.8000,38
41703370562128,11:35:03.370,196.8000,13
41703371195781,11:35:03.371,196.8100,100
41720573276679,11:35:20.573,196.7600,100
41720573619103,11:35:20.573,196.7500,100
41720574121279,11:35:20.574,196.7400,100
41723973304910,11:35:23.973,196.6500,400
41723973304910,11:35:23.973,196.6500,100
41723973304910,11:35:23.973,196.6500,100
41723973774459,11:35:23.973,196.6500,400
41723974297933,11:35:23.974,196.6500,200
41723974732498,11:35:23.974,196.6500,100
41723977495612,11:35:23.977,196.6500,100
41723977495612,11:35:23.977,196.6500,400
41736378350191,11:35:36.378,196.5800,100
41736378519579,11:35:36.378,196.5800,100
41736379147944,11:35:36.379,196.5700,100
41737741454074,11:35:37.741,196.5200,100
41737772811178,11:35:37.772,196.5200,75
41737773015466,11:35:37.773,196.5200,102
41737773042194,11:35:37.773,196.5200,23
41738755866821,11:35:38.755,196.5000,100
41739252118227,11:35:39.252,196.5000,2
41739252694855,11:35:39.252,196.5200,100
41747770028133,11:35:47.770,196.4300,1
41747770684519,11:35:47.770,196.4000,20
41747795843090,11:35:47.795,196.4300,1
41751542162495,11:35:51.542,196.4200,200
41751542162495,11:35:51.542,196.4300,100
41751542818248,11:35:51.542,196.4400,100
41751548501692,11:35:51.548,196.4400,100
41754366219697,11:35:54.366,196.4300,12
41759533934205,11:35:59.533,196.5100,100
41759534252431,11:35:59.534,196.5200,62
41759534469664,11:35:59.534,196.5200,38
41760235175356,11:36:00.235,196.4800,40
41760239510537,11:36:00.239,196.4400,100
41760239510537,11:36:00.239,196.4400,100
41760239575003,11:36:00.239,196.4400,100
41760240029440,11:36:00.240,196.4300,100
41760278952354,11:36:00.278,196.4200,100
41760278952354,11:36:00.278,196.4200,100
41762967570273,11:36:02.967,196.3600,100
41767212132855,11:36:07.212,196.3500,17
41767212199590,11:36:07.212,196.3500,83
41767212199590,11:36:07.212,196.3500,100
41772231484526,11:36:12.231,196.3200,50
41772231484526,11:36:12.231,196.3200,50
41781395757077,11:36:21.395,196.2500,100
41783366909258,11:36:23.366,196.1000,39
41783366909258,11:36:23.366,196.0900,20
41783372324950,11:36:23.372,196.1500,100
41783372324950,11:36:23.372,196.1600,10
41783372324950,11:36:23.372,196.1600,100
41783372356944,11:36:23.372,196.1600,100
41783372447875,11:36:23.372,196.1600,100
41783372518751,11:36:23.372,196.1600,100
41783372518751,11:36:23.372,196.1600,90
41783372741025,11:36:23.372,196.1600,10
41783747920153,11:36:23.747,196.1700,70
41783747993858,11:36:23.747,196.1700,20
41783748145393,11:36:23.748,196.1800,100
41783773980271,11:36:23.773,196.2200,100
41785502650535,11:36:25.502,196.2200,30
41807236592999,11:36:47.236,196.1300,20
41813212232353,11:36:53.212,196.1700,50
41813212232353,11:36:53.212,196.1800,1
41813212434321,11:36:53.212,196.1900,100
41813212434321,11:36:53.212,196.1900,100
41816105928302,11:36:56.105,196.2400,100
41816105928302,11:36:56.105,196.2600,100
41822806589516,11:37:02.806,196.2700,100
41822806589516,11:37:02.806,196.2700,100
41822806858131,11:37:02.806,196.2700,100
41828513228543,11:37:08.513,196.3200,17
41828513299040,11:37:08.513,196.3200,100
41828532664444,11:37:08.532,196.3200,83
41828543329687,11:37:08.543,196.3500,100
41828543666187,11:37:08.543,196.3600,16
41828543763625,11:37:08.543,196.3600,84
41828544331978,11:37:08.544,196.3600,10
41828544335626,11:37:08.544,196.3600,10
