timestamp,time,price,volume
34200639439377,09:30:00.639,28.5600,1581
34714000108961,09:38:34.000,28.8700,5
34798101250035,09:39:58.101,28.8700,5
34878296482626,09:41:18.296,28.8700,5
34918518276513,09:41:58.518,28.8600,5
34918666880819,09:41:58.666,28.8600,1
34918666880819,09:41:58.666,28.8500,24
34918666944687,09:41:58.666,28.8500,50
34918667018391,09:41:58.667,28.8500,12
34918667105737,09:41:58.667,28.8500,8
34918667105737,09:41:58.667,28.8500,5
34918668171918,09:41:58.668,28.8600,90
34918668171918,09:41:58.668,28.8500,15
34918668171918,09:41:58.668,28.8500,89
34918670225698,09:41:58.670,28.8300,100
34924078057438,09:42:04.078,28.8300,10
34924078057438,09:42:04.078,28.8100,100
34924098303529,09:42:04.098,28.8000,2
34924098309315,09:42:04.098,28.8000,198
34924098309315,09:42:04.098,28.8000,100
35264439897648,09:47:44.439,28.5600,100
35264439933856,09:47:44.439,28.5600,92
35264439940943,09:47:44.439,28.5600,8
35264440017191,09:47:44.440,28.5500,8
35295246200780,09:48:15.246,28.4700,100
35432179740001,09:50:32.179,28.4400,74
35442576330840,09:50:42.576,28.4300,100
35580592278319,09:53:00.592,28.4000,19
35580592280847,09:53:00.592,28.4000,1
35825902152308,09:57:05.902,28.3000,24
35900944933868,09:58:20.944,28.1000,5
35981132050448,09:59:41.132,28.1000,5
36329189362133,10:05:29.189,28.1700,100
36363398617296,10:06:03.398,28.2100,69
36363398617296,10:06:03.398,28.2100,31
36363399745130,10:06:03.399,28.2600,100
36461817982226,10:07:41.817,28.2700,100
36462745784482,10:07:42.745,28.3000,100
36462746397673,10:07:42.746,28.3100,100
36464096536703,10:07:44.096,28.3700,100
36464096536703,10:07:44.096,28.3800,100
36531424159711,10:08:51.424,28.4000,33
36560998898651,10:09:20.998,28.4600,100
36560999095184,10:09:20.999,28.4600,100
36560999124859,10:09:20.999,28.4600,100
36560999200556,10:09:20.999,28.4600,100
36560999282199,10:09:20.999,28.4600,45
36560999304055,10:09:20.999,28.4600,55
36560999304055,10:09:20.999,28.4600,45
36560999310426,10:09:20.999,28.4600,100
36560999333489,10:09:20.999,28.4600,55
36560999366325,10:09:20.999,28.4600,45
36560999420072,10:09:20.999,28.4600,45
36560999441129,10:09:20.999,28.4600,55
36560999441129,10:09:20.999,28.4600,45
36560999497432,10:09:20.999,28.4600,45
36560999553061,10:09:20.999,28.4600,10
36560999578923,10:09:20.999,28.4600,35
36560999611594,10:09:20.999,28.4600,10
36560999644130,10:09:20.999,28.4600,35
36560999656120,10:09:20.999,28.4600,65
36560999656120,10:09:20.999,28.4600,35
36560999672137,10:09:20.999,28.4600,10
36560999722446,10:09:20.999,28.4600,45
36560999758102,10:09:20.999,28.4600,55
36560999758102,10:09:20.999,28.4600,45
36560999798512,10:09:20.999,28.4600,45
36560999801171,10:09:20.999,28.4600,55
36560999801171,10:09:20.999,28.4600,140
36560999857522,10:09:20.999,28.4600,100
36560999878770,10:09:20.999,28.4600,45
36560999933112,10:09:20.999,28.4600,45
36560999989516,10:09:20.999,28.4600,10
36561000011893,10:09:21.000,28.4600,35
36561000708515,10:09:21.000,28.4600,10
36561000708515,10:09:21.000,28.4600,45
36561000756007,10:09:21.000,28.4600,55
36561000756007,10:09:21.000,28.4600,227
36561000867321,10:09:21.000,28.4600,100
36561000867321,10:09:21.000,28.4600,208
37073810785675,10:17:53.810,28.5900,100
37073810785675,10:17:53.810,28.5900,100
37073810785675,10:17:53.810,28.5900,200
37073810785675,10:17:53.810,28.5900,100
37132998989318,10:18:52.998,28.5000,100
37352766529561,10:22:32.766,28.5600,100
37352766529561,10:22:32.766,28.5500,10
37418911088867,10:23:38.911,28.5600,100
37418911105685,10:23:38.911,28.5800,100
37418911165426,10:23:38.911,28.5800,90
37418911509366,10:23:38.911,28.5800,100
37418911509366,10:23:38.911,28.5800,100
37561789752918,10:26:01.789,28.6000,1000
37612598338983,10:26:52.598,28.6600,10
37674856882884,10:27:54.856,28.6400,100
37674856947610,10:27:54.856,28.6400,47
37674856947610,10:27:54.856,28.6400,53
37674856971916,10:27:54.856,28.6400,47
37674856971916,10:27:54.856,28.6400,45
37800056528884,10:30:00.056,28.6100,100
37822208670594,10:30:22.208,28.6000,17
37822208670594,10:30:22.208,28.6000,30
37925653633228,10:32:05.653,28.6300,25
37925653671078,10:32:05.653,28.6200,100
37925653671078,10:32:05.653,28.6200,200
37994576538775,10:33:14.576,28.6300,3
38039869161464,10:33:59.869,28.6100,18
38135602949098,10:35:35.602,28.6700,11
38213783575476,10:36:53.783,28.6300,100
38255179479854,10:37:35.179,28.7000,100
38255179479854,10:37:35.179,28.7100,100
38256081005325,10:37:36.081,28.7100,10
38286517827088,10:38:06.517,28.6300,30
38286518117871,10:38:06.518,28.6300,4
38286518117871,10:38:06.518,28.6300,73
38286518117871,10:38:06.518,28.6300,17
38286518117871,10:38:06.518,28.6300,100
38286519073006,10:38:06.519,28.6200,100
38286519142996,10:38:06.519,28.6200,100
38286519265367,10:38:06.519,28.6200,5
38286519497238,10:38:06.519,28.6200,9
38286519497238,10:38:06.519,28.6000,17
38286519497238,10:38:06.519,28.6000,49
38570615011673,10:42:50.615,28.6900,19
38703648534492,10:45:03.648,28.6400,34
38703649678298,10:45:03.649,28.6400,82
38703649735010,10:45:03.649,28.6300,100
38703650154230,10:45:03.650,28.6200,22
38703651716234,10:45:03.651,28.6000,100
38703655861426,10:45:03.655,28.6000,35
38703655861426,10:45:03.655,28.5800,100
38703655861426,10:45:03.655,28.5700,65
38703659846896,10:45:03.659,28.5700,35
38703659846896,10:45:03.659,28.5700,65
38705674005697,10:45:05.674,28.5700,35
38705674005697,10:45:05.674,28.5700,200
38778727289798,10:46:18.727,28.5600,37
38778728315447,10:46:18.728,28.5300,100
38926212859668,10:48:46.212,28.4800,100
38926212859668,10:48:46.212,28.4800,42
38926212859668,10:48:46.212,28.4800,100
38926213417625,10:48:46.213,28.4600,17
38926213417625,10:48:46.213,28.4600,100
38926224958205,10:48:46.224,28.4500,100
38926225065133,10:48:46.225,28.4500,100
38926237154071,10:48:46.237,28.4500,100
38998397408539,10:49:58.397,28.4700,34
38998397408539,10:49:58.397,28.4700,100
38999034789367,10:49:59.034,28.5700,8
39334621197187,10:55:34.621,28.5800,9
39431765319770,10:57:11.765,28.5400,34
39497620865060,10:58:17.620,28.6000,9
39528230482895,10:58:48.230,28.5300,100
39528230600094,10:58:48.230,28.5200,33
39529965422443,10:58:49.965,28.5000,100
39529965504921,10:58:49.965,28.5000,100
39529966766445,10:58:49.966,28.4600,100
39722760206306,11:02:02.760,28.4900,100
39756029484374,11:02:36.029,28.4900,100
39756029484374,11:02:36.029,28.4900,47
39790590394777,11:03:10.590,28.4800,47
39790590394777,11:03:10.590,28.4800,100
39790590843677,11:03:10.590,28.4800,100
39790591126587,11:03:10.591,28.4800,100
39790591126587,11:03:10.591,28.4800,100
39790622554724,11:03:10.622,28.4500,100
39790625828234,11:03:10.625,28.4500,100
39790627933149,11:03:10.627,28.4500,22
39790627933149,11:03:10.627,28.4500,78
39791696085011,11:03:11.696,28.4500,22
39791696085011,11:03:11.696,28.4500,100
39791696453377,11:03:11.696,28.4500,100
39791696528814,11:03:11.696,28.4500,100
39791697420109,11:03:11.697,28.4500,100
40050362258833,11:07:30.362,28.4500,100
40050362258833,11:07:30.362,28.4500,100
40050362320459,11:07:30.362,28.4500,100
40050362320459,11:07:30.362,28.4500,51
40050362320459,11:07:30.362,28.4500,49
40050362375847,11:07:30.362,28.4500,18
40050362419719,11:07:30.362,28.4500,33
40050362419719,11:07:30.362,28.4500,100
40050362419719,11:07:30.362,28.4500,100
40050362419719,11:07:30.362,28.4500,118
40050362506886,11:07:30.362,28.4500,18
40050362568712,11:07:30.362,28.4500,51
40050362589745,11:07:30.362,28.4500,18
40050362703846,11:07:30.362,28.4500,13
40050362703846,11:07:30.362,28.4500,87
40050362740209,11:07:30.362,28.4500,13
40050362740209,11:07:30.362,28.4500,5
40050362769987,11:07:30.362,28.4500,49
40050362806365,11:07:30.362,28.4500,18
40050362819746,11:07:30.362,28.4500,28
40050362819746,11:07:30.362,28.4500,100
40050362819746,11:07:30.362,28.4500,72
40050362855588,11:07:30.362,28.4500,18
40050363131303,11:07:30.363,28.4500,10
40050363131303,11:07:30.363,28.4500,8
40050363202859,11:07:30.363,28.4500,18
40050363296190,11:07:30.363,28.4500,74
40050363296190,11:07:30.363,28.4500,100
40050363296190,11:07:30.363,28.4500,126
40050363389881,11:07:30.363,28.4500,18
40050364042501,11:07:30.364,28.4500,82
40050364042501,11:07:30.364,28.4500,100
40050364042501,11:07:30.364,28.4500,1518
40050698744350,11:07:30.698,28.4500,100
40050698842104,11:07:30.698,28.4500,18
40050708416150,11:07:30.708,28.4500,82
40050708416150,11:07:30.708,28.4500,100
40050708416150,11:07:30.708,28.4500,218
40052048711666,11:07:32.048,28.4500,100
40052048711666,11:07:32.048,28.4500,1
40052048711666,11:07:32.048,28.4500,99
40052050680079,11:07:32.050,28.4500,100
40063140943545,11:07:43.140,28.4500,100
40063141026858,11:07:43.141,28.4500,100
40063143539442,11:07:43.143,28.4500,100
40064943085170,11:07:44.943,28.4500,100
40064943173981,11:07:44.943,28.4500,18
40064945327026,11:07:44.945,28.4700,100
40089911450627,11:08:09.911,28.4800,100
40089911561262,11:08:09.911,28.4800,30
40089911576018,11:08:09.911,28.4800,70
40089911576018,11:08:09.911,28.4800,30
40089911838924,11:08:09.911,28.4800,100
40089911906106,11:08:09.911,28.4800,100
40089911956396,11:08:09.911,28.4800,70
40089913346205,11:08:09.913,28.4800,100
40095002929677,11:08:15.002,28.4600,182
40223822635622,11:10:23.822,28.4600,100
40223853410383,11:10:23.853,28.5000,100
40232570521594,11:10:32.570,28.4600,100
40372803050122,11:12:52.803,28.4600,100
40378526835902,11:12:58.526,28.4500,82
40378526835902,11:12:58.526,28.4500,100
40378526835902,11:12:58.526,28.4500,18
40378526879222,11:12:58.526,28.4500,18
40378526880793,11:12:58.526,28.4500,64
40378526880793,11:12:58.526,28.4500,100
40378526880793,11:12:58.526,28.4500,21
40378526880793,11:12:58.526,28.4500,15
40378526921592,11:12:58.526,28.4500,200
40378526947861,11:12:58.526,28.4500,85
40379632293667,11:12:59.632,28.4200,100
40379632293667,11:12:59.632,28.4100,98
40379632397871,11:12:59.632,28.4500,100
40379634532688,11:12:59.634,28.4300,100
40379634532688,11:12:59.634,28.4300,100
40379650369481,11:12:59.650,28.4300,100
40392434410244,11:13:12.434,28.4000,200
40408199213960,11:13:28.199,28.3700,300
40410027872129,11:13:30.027,28.3700,100
40410031593036,11:13:30.031,28.3800,24
40510154020701,11:15:10.154,28.4400,100
40510154020701,11:15:10.154,28.4400,100
40510154020701,11:15:10.154,28.4400,30
40510154020701,11:15:10.154,28.4400,70
40510156031073,11:15:10.156,28.4400,30
40510157216778,11:15:10.157,28.4400,42
40511089274582,11:15:11.089,28.4400,58
40599164748610,11:16:39.164,28.4300,187
40686405476807,11:18:06.405,28.4200,200
40686405509945,11:18:06.405,28.4200,195
40686405527185,11:18:06.405,28.4200,5
40686405527185,11:18:06.405,28.4200,37
40686405532720,11:18:06.405,28.4200,63
40686405532720,11:18:06.405,28.4200,37
40686405545197,11:18:06.405,28.4200,62
40686405554175,11:18:06.405,28.4200,105
40686405564720,11:18:06.405,28.4200,63
40686405567610,11:18:06.405,28.4200,33
40686405610330,11:18:06.405,28.4100,4
40686405904007,11:18:06.405,28.4100,96
40686405904007,11:18:06.405,28.4100,100
40686405904007,11:18:06.405,28.4100,100
40686405991991,11:18:06.405,28.4100,100
40686406015626,11:18:06.406,28.4100,100
40686406066961,11:18:06.406,28.4100,100
40686406171309,11:18:06.406,28.4100,100
40686406248570,11:18:06.406,28.4100,100
40686406326884,11:18:06.406,28.4100,100
40686406402028,11:18:06.406,28.4100,100
40686406475756,11:18:06.406,28.4100,100
40686406629305,11:18:06.406,28.4100,18
40686406654577,11:18:06.406,28.4100,82
40686406705224,11:18:06.406,28.4100,100
40686406782535,11:18:06.406,28.4100,100
40686406857414,11:18:06.406,28.4100,100
40686406955340,11:18:06.406,28.4100,100
40686407029901,11:18:06.407,28.4100,100
40686407103410,11:18:06.407,28.4100,100
40686407299875,11:18:06.407,28.4100,80
40687735190521,11:18:07.735,28.4100,20
40687735190521,11:18:07.735,28.4100,100
40687735190521,11:18:07.735,28.4100,80
40687736053198,11:18:07.736,28.4100,100
40687736147529,11:18:07.736,28.4100,100
40687736245646,11:18:07.736,28.4100,100
40687736250505,11:18:07.736,28.4100,200
40687736349666,11:18:07.736,28.4100,100
40687736358597,11:18:07.736,28.4100,200
40687737077694,11:18:07.737,28.4100,100
40687737077694,11:18:07.737,28.4100,1120
40690584076468,11:18:10.584,28.4400,100
40710821046490,11:18:30.821,28.4300,24
40714137836303,11:18:34.137,28.4300,76
40714137836303,11:18:34.137,28.4300,100
40714137836303,11:18:34.137,28.4300,2
40714137965547,11:18:34.137,28.4300,100
40714138074300,11:18:34.138,28.4300,100
40715495492897,11:18:35.495,28.4300,200
40942790759857,11:22:22.790,28.3800,100
40942790852193,11:22:22.790,28.3800,100
40942790852193,11:22:22.790,28.3800,100
40942791185105,11:22:22.791,28.3800,100
40942791297235,11:22:22.791,28.3800,100
40943509134621,11:22:23.509,28.3700,100
40943510644950,11:22:23.510,28.3600,100
40943513183845,11:22:23.513,28.3400,100
40943547714816,11:22:23.547,28.3400,100
41232410541413,11:27:12.410,28.4100,100
41232410602998,11:27:12.410,28.4100,6
41232410602998,11:27:12.410,28.4100,100
41232411077754,11:27:12.411,28.4100,100
41232411171743,11:27:12.411,28.4100,100
41232411172988,11:27:12.411,28.4100,100
41232411369466,11:27:12.411,28.4100,100
41232651937750,11:27:12.651,28.4300,2
41232651937750,11:27:12.651,28.4300,100
41232663190747,11:27:12.663,28.4600,100
41232663190747,11:27:12.663,28.4600,100
41232663190747,11:27:12.663,28.4700,100
41232663190747,11:27:12.663,28.4800,100
41479960331280,11:31:19.960,28.4300,100
41479960331280,11:31:19.960,28.4300,100
41479960668455,11:31:19.960,28.4300,100
41479960959695,11:31:19.960,28.4300,100
41479960959695,11:31:19.960,28.4300,100
41480078491207,11:31:20.078,28.4200,12
41480081061934,11:31:20.081,28.3800,100
41483328185401,11:31:23.328,28.3800,100
41490428655973,11:31:30.428,28.3800,13
41762913336250,11:36:02.913,28.3800,35
41862672736323,11:37:42.672,28.3700,100
41862672736323,11:37:42.672,28.3700,87
41862672736323,11:37:42.672,28.3700,13
41862672780806,11:37:42.672,28.3700,51
41862672810768,11:37:42.672,28.3700,36
41965024471409,11:39:25.024,28.3100,10
41965024471409,11:39:25.024,28.3200,2
42000642580548,11:40:00.642,28.3000,10
42078153844044,11:41:18.153,28.3000,1
42129478606930,11:42:09.478,28.3100,100
42129478606930,11:42:09.478,28.3100,100
42129478636264,11:42:09.478,28.3100,200
42129478639698,11:42:09.478,28.3100,100
42130088401227,11:42:10.088,28.3800,100
42130088401227,11:42:10.088,28.3900,100
42130088401227,11:42:10.088,28.3900,100
42331446054739,11:45:31.446,28.3800,1
42370007427235,11:46:10.007,28.3800,100
42370212576402,11:46:10.212,28.3700,100
42370212667200,11:46:10.212,28.3700,100
42370212672129,11:46:10.212,28.3700,100
42387159110565,11:46:27.159,28.3800,100
42421124613627,11:47:01.124,28.3200,100
42421124613627,11:47:01.124,28.3200,23
42424555348852,11:47:04.555,28.3000,100
42471418568944,11:47:51.418,28.3500,100
42471418667076,11:47:51.418,28.3500,100
42471419104505,11:47:51.419,28.3100,191
42471421131805,11:47:51.421,28.3100,109
42506917420424,11:48:26.917,28.2900,100
42577799248616,11:49:37.799,28.2500,100
42577802147962,11:49:37.802,28.2500,100
42577802147962,11:49:37.802,28.2500,100
42604181002528,11:50:04.181,28.3100,100
42719934789396,11:51:59.934,28.2500,25
42719934789396,11:51:59.934,28.2400,100
42719934789396,11:51:59.934,28.2400,75
42719934898853,11:51:59.934,28.2400,25
42719934898853,11:51:59.934,28.2400,100
42799070229211,11:53:19.070,28.2800,2
42799083359615,11:53:19.083,28.2900,100
42799083359615,11:53:19.083,28.2900,2
42799083359615,11:53:19.083,28.2900,98
42799083445928,11:53:19.083,28.2900,2
42799083722330,11:53:19.083,28.2900,100
42799083837919,11:53:19.083,28.2900,100
42811013763550,11:53:31.013,28.2600,100
42811013763550,11:53:31.013,28.2600,50
42811015653029,11:53:31.015,28.2800,100
42811028937156,11:53:31.028,28.2900,100
42814829716709,11:53:34.829,28.2600,100
42814831844807,11:53:34.831,28.2200,100
42815132051481,11:53:35.132,28.2200,100
42815132051481,11:53:35.132,28.2200,100
42845826854819,11:54:05.826,28.2100,89
42845826929862,11:54:05.826,28.2100,11
42981110699141,11:56:21.110,28.2300,1
42981111281272,11:56:21.111,28.2400,100
43022112976722,11:57:02.112,28.2500,200
43035957671695,11:57:15.957,28.2400,100
43035957671695,11:57:15.957,28.2300,99
43042321142162,11:57:22.321,28.2300,1
43042321142162,11:57:22.321,28.2300,99
43054011524762,11:57:34.011,28.2300,100
43061714412255,11:57:41.714,28.2200,100
43073078563535,11:57:53.078,28.2000,52
43103628693703,11:58:23.628,28.1800,48
43104818559527,11:58:24.818,28.1800,52
43104819206481,11:58:24.819,28.1800,31
43104819213197,11:58:24.819,28.1800,17
43104819215018,11:58:24.819,28.1700,100
43104819215018,11:58:24.819,28.1700,100
43104819215018,11:58:24.819,28.1700,80
43104833085987,11:58:24.833,28.1800,100
43108660086258,11:58:28.660,28.1600,100
43149136461085,11:59:09.136,28.1600,70
43206244340811,12:00:06.244,28.2100,28
43206244340811,12:00:06.244,28.2100,72
43293970512353,12:01:33.970,28.1300,100
43293970512353,12:01:33.970,28.1300,100
43293970610097,12:01:33.970,28.1300,100
43293970814407,12:01:33.970,28.1300,62
43294947930252,12:01:34.947,28.1100,100
43294948251482,12:01:34.948,28.0900,91
43512162941098,12:05:12.162,28.1500,32
43629148658650,12:07:09.148,28.2100,1
43651527174331,12:07:31.527,28.1300,100
43906249531255,12:11:46.249,28.1700,100
43906249531255,12:11:46.249,28.1700,200
43906249531255,12:11:46.249,28.1700,28
43912872006604,12:11:52.872,28.2000,100
43912872006604,12:11:52.872,28.2000,100
43950118047303,12:12:30.118,28.1600,100
43950118047303,12:12:30.118,28.1600,100
44097685465044,12:14:57.685,28.1600,1
44097685976716,12:14:57.685,28.1700,100
44097685976716,12:14:57.685,28.1700,24
44097685976716,12:14:57.685,28.1700,46
44098006386334,12:14:58.006,28.1900,100
44098008397489,12:14:58.008,28.2000,46
44231893103562,12:17:11.893,28.1500,100
44231893668047,12:17:11.893,28.1500,100
44231893668047,12:17:11.893,28.1500,100
44231893706097,12:17:11.893,28.1500,100
44231893708293,12:17:11.893,28.1500,100
44231893723891,12:17:11.893,28.1500,100
44231894256362,12:17:11.894,28.1500,100
44231904209505,12:17:11.904,28.1700,100
44231922059625,12:17:11.922,28.1700,100
44231923508691,12:17:11.923,28.1500,100
44231933754881,12:17:11.933,28.1300,100
44231933754881,12:17:11.933,28.1200,100
44231933754881,12:17:11.933,28.1100,3
44231933754881,12:17:11.933,28.1000,100
44421219212720,12:20:21.219,28.1700,47
44421219317053,12:20:21.219,28.1700,100
44421220042977,12:20:21.220,28.1700,100
44424019731263,12:20:24.019,28.1500,100
44424019796725,12:20:24.019,28.1500,31
44438751961839,12:20:38.751,28.1700,100
44438751961839,12:20:38.751,28.1700,100
44438751961839,12:20:38.751,28.1700,1
44476769489467,12:21:16.769,28.2000,100
44508054075281,12:21:48.054,28.2100,100
44539219581351,12:22:19.219,28.2150,100
44623135655095,12:23:43.135,28.3000,38
44806609911087,12:26:46.609,28.2900,27
44806614039512,12:26:46.614,28.3200,100
44806614039512,12:26:46.614,28.3200,100
44836387750709,12:27:16.387,28.3200,100
44836393904498,12:27:16.393,28.3100,100
44836416430075,12:27:16.416,28.2950,100
44836416566752,12:27:16.416,28.2700,100
44836418708080,12:27:16.418,28.2600,100
44836502771617,12:27:16.502,28.2500,100
44889288166848,12:28:09.288,28.2400,13
44952440603774,12:29:12.440,28.2800,100
44958254974257,12:29:18.254,28.2900,100
45425919999531,12:37:05.919,28.3600,1
45435880515761,12:37:15.880,28.3550,100
45435880515761,12:37:15.880,28.3200,100
45435880515761,12:37:15.880,28.3200,100
45435880515761,12:37:15.880,28.3200,26
45437683722913,12:37:17.683,28.3700,100
45437933292911,12:37:17.933,28.4000,100
45456678881148,12:37:36.678,28.4000,5
45504433449143,12:38:24.433,28.4100,100
45539135904759,12:38:59.135,28.3850,100
45545714704593,12:39:05.714,28.3600,100
45545714778343,12:39:05.714,28.3500,13
45545715117320,12:39:05.715,28.3600,100
45601272994364,12:40:01.272,28.3500,100
45601272994364,12:40:01.272,28.3400,100
45694002596042,12:41:34.002,28.3600,100
45694707945825,12:41:34.707,28.3400,100
45786113460019,12:43:06.113,28.3600,1
45802356071430,12:43:22.356,28.3700,27
45802356071430,12:43:22.356,28.3700,28
45863311050863,12:44:23.311,28.3650,100
45864813217952,12:44:24.813,28.3500,100
45864813309610,12:44:24.813,28.3400,100
45864813309610,12:44:24.813,28.3400,100
45864813309610,12:44:24.813,28.3400,100
45864818399541,12:44:24.818,28.3200,100
45864820140166,12:44:24.820,28.3100,100
45865122595340,12:44:25.122,28.3600,100
45865122595340,12:44:25.122,28.3600,100
45865125022974,12:44:25.125,28.3300,18
46026059887833,12:47:06.059,28.3700,6
46026060175111,12:47:06.060,28.3700,39
46096580266096,12:48:16.580,28.4000,100
46096580307825,12:48:16.580,28.4000,6
46096580890620,12:48:16.580,28.4000,100
46100314194101,12:48:20.314,28.4100,100
46101104432411,12:48:21.104,28.4100,100
46103550234175,12:48:23.550,28.4100,100
46103550234175,12:48:23.550,28.4100,100
46104219345263,12:48:24.219,28.4100,100
46104272131109,12:48:24.272,28.4000,47
46112513023907,12:48:32.513,28.4000,100
46119938150830,12:48:39.938,28.4000,100
46134453811739,12:48:54.453,28.4000,100
46142108767975,12:49:02.108,28.4100,100
46149256875683,12:49:09.256,28.4100,27
46149256875683,12:49:09.256,28.4100,73
46171817038394,12:49:31.817,28.4200,100
46172895115290,12:49:32.895,28.4200,100
46172895115290,12:49:32.895,28.4400,100
46207587910811,12:50:07.587,28.4000,100
46207607926062,12:50:07.607,28.4100,100
46212348527552,12:50:12.348,28.4000,100
46260382692848,12:51:00.382,28.4300,1
46260382692848,12:51:00.382,28.4300,99
46260382736148,12:51:00.382,28.4300,1
46264231198376,12:51:04.231,28.4500,100
46273951442698,12:51:13.951,28.4100,43
46273951487778,12:51:13.951,28.4200,100
46326152032661,12:52:06.152,28.4300,100
46326152167896,12:52:06.152,28.4300,100
46379052870809,12:52:59.052,28.4300,18
46505149962681,12:55:05.149,28.4800,1
46535022109585,12:55:35.022,28.4850,100
46597206966582,12:56:37.206,28.4850,100
46597207060038,12:56:37.207,28.4600,47
46597207060038,12:56:37.207,28.4600,100
46597207060038,12:56:37.207,28.4600,100
46597207060038,12:56:37.207,28.4600,100
46597440168157,12:56:37.440,28.4400,100
46597442341398,12:56:37.442,28.4300,100
46597442341398,12:56:37.442,28.4300,20
46597444956070,12:56:37.444,28.4600,100
46597445557369,12:56:37.445,28.4400,100
46597446555059,12:56:37.446,28.4300,100
46597449339841,12:56:37.449,28.4400,100
46597746529824,12:56:37.746,28.4300,100
46833777380347,13:00:33.777,28.4650,100
46833777380347,13:00:33.777,28.4500,100
46833777380347,13:00:33.777,28.4500,100
46833777670028,13:00:33.777,28.4500,10
46833779927975,13:00:33.779,28.4500,90
46850476465281,13:00:50.476,28.4400,100
47161592353057,13:06:01.592,28.4400,100
47161592427905,13:06:01.592,28.4300,34
47161592427905,13:06:01.592,28.4300,100
47161592427905,13:06:01.592,28.4300,15
47254351083173,13:07:34.351,28.4100,2
47291088453835,13:08:11.088,28.4150,100
47307576746913,13:08:27.576,28.3900,100
47307578024313,13:08:27.578,28.3800,100
47307578107033,13:08:27.578,28.3800,20
47307578107033,13:08:27.578,28.3800,80
47316086561093,13:08:36.086,28.3700,50
47316086561093,13:08:36.086,28.3700,50
47316086561093,13:08:36.086,28.3700,35
47316086561093,13:08:36.086,28.3700,100
47316086561093,13:08:36.086,28.3700,100
47316086561093,13:08:36.086,28.3700,34
47327935401398,13:08:47.935,28.3500,10
47327935401398,13:08:47.935,28.3500,70
47327935502886,13:08:47.935,28.3500,30
47327935502886,13:08:47.935,28.3500,100
47328003804568,13:08:48.003,28.3400,10
47328003804568,13:08:48.003,28.3400,90
47331058481059,13:08:51.058,28.3300,100
47331058481059,13:08:51.058,28.3300,31
47402056667214,13:10:02.056,28.3700,1
47402056667214,13:10:02.056,28.3700,100
47402056667214,13:10:02.056,28.3700,14
47402056667214,13:10:02.056,28.3700,2
47402056667214,13:10:02.056,28.3700,45
47689693901003,13:14:49.693,28.4150,100
47689693901003,13:14:49.693,28.4000,100
47689693901003,13:14:49.693,28.3900,100
47689693931841,13:14:49.693,28.3900,200
47689722281274,13:14:49.722,28.3700,100
47689722344861,13:14:49.722,28.3400,100
47719748137116,13:15:19.748,28.3800,100
47719751459645,13:15:19.751,28.3900,100
47724258859671,13:15:24.258,28.4100,100
47827847944336,13:17:07.847,28.3800,100
47827847944336,13:17:07.847,28.3800,34
47827847944336,13:17:07.847,28.3800,100
47827847944336,13:17:07.847,28.3800,100
47828149907567,13:17:08.149,28.4000,100
47828152745580,13:17:08.152,28.3800,100
47830391925081,13:17:10.391,28.3700,100
47922579987494,13:18:42.579,28.4000,27
47983012309076,13:19:43.012,28.4500,60
48049538080187,13:20:49.538,28.4200,100
48145201095103,13:22:25.201,28.4300,27
48169969107344,13:22:49.969,28.4200,100
48169969107344,13:22:49.969,28.4000,100
48169969170661,13:22:49.969,28.4000,100
48169999869394,13:22:49.999,28.3800,100
48170002133181,13:22:50.002,28.3800,100
48170004839980,13:22:50.004,28.3600,100
48170004839980,13:22:50.004,28.3600,39
48170030490832,13:22:50.030,28.3600,100
48170030490832,13:22:50.030,28.3600,100
48192985487285,13:23:12.985,28.3500,72
48192989104617,13:23:12.989,28.3800,100
48275653019250,13:24:35.653,28.3900,1
48275653019250,13:24:35.653,28.3900,1
48307736869950,13:25:07.736,28.4000,27
48379200208208,13:26:19.200,28.4150,100
48433959062665,13:27:13.959,28.4000,100
48433959062665,13:27:13.959,28.4000,34
48433959062665,13:27:13.959,28.4000,100
48435784907331,13:27:15.784,28.3800,100
48435784907331,13:27:15.784,28.3700,100
48435786434035,13:27:15.786,28.3600,100
48436004541116,13:27:16.004,28.3700,100
48580834173207,13:29:40.834,28.3500,100
48580834173207,13:29:40.834,28.3500,100
48580834736632,13:29:40.834,28.3400,100
48580834736632,13:29:40.834,28.3400,100
48585880000050,13:29:45.880,28.3600,100
48685003540060,13:31:25.003,28.4100,100
48695006071251,13:31:35.006,28.4050,100
48757538732114,13:32:37.538,28.4150,100
48791009231249,13:33:11.009,28.4000,34
48791009231249,13:33:11.009,28.4000,100
48791013211258,13:33:11.013,28.3900,100
48791366010858,13:33:11.366,28.4200,100
48851017981187,13:34:11.017,28.3800,100
48858040475326,13:34:18.040,28.3800,100
48876525085542,13:34:36.525,28.3600,100
49029467988290,13:37:09.467,28.3800,1
49029467988290,13:37:09.467,28.3800,3
49068466329634,13:37:48.466,28.4100,100
49074795614801,13:37:54.795,28.4100,46
49082162210747,13:38:02.162,28.4100,100
49082164955078,13:38:02.164,28.4100,100
49199035025325,13:39:59.035,28.4000,100
49199035025325,13:39:59.035,28.4000,100
49210832924865,13:40:10.832,28.3800,100
49210832924865,13:40:10.832,28.3800,47
49210834140180,13:40:10.834,28.3700,100
49210837150247,13:40:10.837,28.3600,100
49210839489275,13:40:10.839,28.3900,200
49210839489275,13:40:10.839,28.3900,30
49223223945723,13:40:23.223,28.3900,100
49224568664581,13:40:24.568,28.4100,100
49479037568031,13:44:39.037,28.3800,100
49479037568031,13:44:39.037,28.3800,100
49508163320915,13:45:08.163,28.3800,100
49514485774049,13:45:14.485,28.3600,100
49514485860398,13:45:14.485,28.3600,100
49514485866230,13:45:14.485,28.3600,100
49514485866230,13:45:14.485,28.3600,100
49517970128464,13:45:17.970,28.3500,100
49523994764812,13:45:23.994,28.3500,100
49523994764812,13:45:23.994,28.3400,10
49523997483750,13:45:23.997,28.3600,100
49524000002495,13:45:24.000,28.3400,100
49524000002495,13:45:24.000,28.3400,100
49524000002495,13:45:24.000,28.3400,100
49701753751695,13:48:21.753,28.3600,100
49735156902593,13:48:55.156,28.3500,51
49735157292311,13:48:55.157,28.3500,25
49735157292311,13:48:55.157,28.3400,75
49735157375360,13:48:55.157,28.3400,25
49738132017020,13:48:58.132,28.3300,100
49738132017020,13:48:58.132,28.3300,4
49738132943214,13:48:58.132,28.3300,96
49903052149612,13:51:43.052,28.3450,100
49903052149612,13:51:43.052,28.3300,100
49983174456154,13:53:03.174,28.3200,100
49983174614737,13:53:03.174,28.3100,2
49983174614737,13:53:03.174,28.3100,98
49983174614737,13:53:03.174,28.3100,100
49983174614737,13:53:03.174,28.3100,100
49983179601718,13:53:03.179,28.3200,100
49983181762363,13:53:03.181,28.3000,100
49983183915820,13:53:03.183,28.3200,100
49983186993999,13:53:03.186,28.3100,100
49983703102686,13:53:03.703,28.3000,100
50050500353762,13:54:10.500,28.3100,2
50156061243160,13:55:56.061,28.3000,100
50183589987428,13:56:23.589,28.3200,1
50183590565560,13:56:23.590,28.3200,100
50183641241684,13:56:23.641,28.3200,100
50185651386724,13:56:25.651,28.3300,1
50185651386724,13:56:25.651,28.3300,99
50208586083961,13:56:48.586,28.3100,100
50208590668109,13:56:48.590,28.3000,100
50208590751395,13:56:48.590,28.2900,10
50208594027547,13:56:48.594,28.3100,93
50208594530329,13:56:48.594,28.3100,7
50208596811778,13:56:48.596,28.3100,100
50209306938321,13:56:49.306,28.3000,7
50209306991252,13:56:49.306,28.3000,7
50209626894763,13:56:49.626,28.3000,7
50209626948550,13:56:49.626,28.3000,7
50209678804335,13:56:49.678,28.3000,7
50209678854874,13:56:49.678,28.3000,7
50209979712025,13:56:49.979,28.3000,7
50209979763514,13:56:49.979,28.3000,7
50210280577137,13:56:50.280,28.3000,7
50210280630746,13:56:50.280,28.3000,7
50210331432086,13:56:50.331,28.3000,7
50210331483199,13:56:50.331,28.3000,7
50210634860227,13:56:50.634,28.3000,7
50210634913308,13:56:50.634,28.3000,7
50210935804531,13:56:50.935,28.3000,7
50210935856273,13:56:50.935,28.3000,7
50211236672814,13:56:51.236,28.3000,7
50211236726317,13:56:51.236,28.3000,7
50211537568650,13:56:51.537,28.3000,7
50211537628769,13:56:51.537,28.3000,7
50211537664705,13:56:51.537,28.2900,100
50211602951186,13:56:51.602,28.3000,7
50211603004900,13:56:51.603,28.3000,7
50213832171983,13:56:53.832,28.3000,7
50213832242734,13:56:53.832,28.3000,7
50213884090481,13:56:53.884,28.3000,7
50213884141469,13:56:53.884,28.3000,7
50214186472323,13:56:54.186,28.3000,7
50214186522682,13:56:54.186,28.3000,7
50214237340213,13:56:54.237,28.3000,7
50214237405988,13:56:54.237,28.3000,7
50214288206799,13:56:54.288,28.3000,7
50214288258111,13:56:54.288,28.3000,7
50214339472461,13:56:54.339,28.3000,7
50214339524991,13:56:54.339,28.3000,7
50214390306832,13:56:54.390,28.3000,7
50214390356810,13:56:54.390,28.3000,7
50214441194084,13:56:54.441,28.3000,7
50214441247518,13:56:54.441,28.3000,7
50214492065357,13:56:54.492,28.3000,7
50214492119417,13:56:54.492,28.3000,7
50214543234765,13:56:54.543,28.3000,7
50214543288782,13:56:54.543,28.3000,7
50214844446624,13:56:54.844,28.3000,7
50214844500928,13:56:54.844,28.3000,7
50214895670607,13:56:54.895,28.3000,7
50214895723893,13:56:54.895,28.3000,7
50225196753029,13:57:05.196,28.2900,100
50225196753029,13:57:05.196,28.2900,100
50225197890000,13:57:05.197,28.2900,100
50242787099143,13:57:22.787,28.2900,7
50264180579183,13:57:44.180,28.3100,45
50264185049184,13:57:44.185,28.3100,18
50264185049184,13:57:44.185,28.3100,100
50264187474513,13:57:44.187,28.3100,100
50264189194734,13:57:44.189,28.3100,100
50294044644963,13:58:14.044,28.3100,100
50402802733244,14:00:02.802,28.2900,100
50402813545257,14:00:02.813,28.2800,82
50402813545257,14:00:02.813,28.2800,18
50402814421088,14:00:02.814,28.3000,100
50402814421088,14:00:02.814,28.3000,100
50403169609535,14:00:03.169,28.3100,100
50403174941260,14:00:03.174,28.3100,100
50403174941260,14:00:03.174,28.3100,14
50403176197552,14:00:03.176,28.3100,100
50403176909963,14:00:03.176,28.3000,100
50403211891642,14:00:03.211,28.3000,100
50403233098414,14:00:03.233,28.3000,100
50409870353175,14:00:09.870,28.2900,100
50422971188038,14:00:22.971,28.3200,100
50422973335179,14:00:22.973,28.3000,100
50423176256296,14:00:23.176,28.2900,5
50423326324979,14:00:23.326,28.2800,100
50423345911126,14:00:23.345,28.2700,20
50434870843633,14:00:34.870,28.3000,100
50441049644936,14:00:41.049,28.3000,53
50441049652367,14:00:41.049,28.3000,41
50441049656536,14:00:41.049,28.3000,6
50441349327693,14:00:41.349,28.2900,2
50446528323770,14:00:46.528,28.2600,1
50446528323770,14:00:46.528,28.2600,30
50446528323770,14:00:46.528,28.2600,69
50446528384312,14:00:46.528,28.2600,100
50446528407990,14:00:46.528,28.2600,100
50446528456012,14:00:46.528,28.2600,100
50460493885316,14:01:00.493,28.3000,2
50465671692073,14:01:05.671,28.3100,81
50465671709257,14:01:05.671,28.3100,19
50465671709257,14:01:05.671,28.3300,3
50465671709257,14:01:05.671,28.3300,2
50465671710344,14:01:05.671,28.3300,24
50465671763807,14:01:05.671,28.3300,76
50520058539870,14:02:00.058,28.3500,100
50657697519532,14:04:17.697,28.3700,1
50657697519532,14:04:17.697,28.3700,7
50664486405692,14:04:24.486,28.3800,100
50664486773411,14:04:24.486,28.3800,4
50665333595740,14:04:25.333,28.3800,100
50915793484437,14:08:35.793,28.4400,100
50915812107219,14:08:35.812,28.4100,25
50919050653947,14:08:39.050,28.4000,30
50919050653947,14:08:39.050,28.4000,100
50920906971674,14:08:40.906,28.4000,60
50920907080549,14:08:40.907,28.3900,100
50920907080549,14:08:40.907,28.3900,23
50920907117763,14:08:40.907,28.3900,77
50920907117763,14:08:40.907,28.3900,30
50920907119252,14:08:40.907,28.3900,70
50922271581325,14:08:42.271,28.4000,100
50962422949333,14:09:22.422,28.3300,100
50962422949333,14:09:22.422,28.3200,100
51063022479468,14:11:03.022,28.3400,1
51063053837539,14:11:03.053,28.3400,77
51063053837539,14:11:03.053,28.3600,100
51063053837539,14:11:03.053,28.3600,23
51065034650628,14:11:05.034,28.3600,77
51092145804450,14:11:32.145,28.3900,1
51095429834078,14:11:35.429,28.3950,100
51154555000507,14:12:34.555,28.4100,100
51161021286034,14:12:41.021,28.4200,100
51161863384294,14:12:41.863,28.4500,100
51161863384294,14:12:41.863,28.4500,100
51291072769893,14:14:51.072,28.5250,100
51300218177137,14:15:00.218,28.4900,25
51300218177137,14:15:00.218,28.4900,85
51300218191552,14:15:00.218,28.4900,15
51300248856945,14:15:00.248,28.4700,100
51301850789502,14:15:01.850,28.4500,100
51303049586554,14:15:03.049,28.4300,80
51303049667082,14:15:03.049,28.4300,20
51303049667082,14:15:03.049,28.4300,74
51333122681157,14:15:33.122,28.4400,100
51400192073307,14:16:40.192,28.4500,100
51400195132519,14:16:40.195,28.4600,100
51437440570298,14:17:17.440,28.4400,100
51437440607733,14:17:17.440,28.4300,10
51524229793554,14:18:44.229,28.4100,100
51524229793554,14:18:44.229,28.4100,100
51524229793554,14:18:44.229,28.4000,100
51546871354744,14:19:06.871,28.3650,100
51547080368673,14:19:07.080,28.4000,1
51554391888600,14:19:14.391,28.4200,5
51749095895145,14:22:29.095,28.3900,25
51775020893616,14:22:55.020,28.4050,100
51807630443437,14:23:27.630,28.4100,100
51807630443437,14:23:27.630,28.3900,100
51808361217532,14:23:28.361,28.3900,30
51808361217532,14:23:28.361,28.4000,32
51834258225828,14:23:54.258,28.4200,100
51834753543603,14:23:54.753,28.4300,100
51894482649797,14:24:54.482,28.4150,100
51894482714167,14:24:54.482,28.4000,1
51894482714167,14:24:54.482,28.4000,100
51894483507599,14:24:54.483,28.3800,5
51906839862039,14:25:06.839,28.4100,100
51906839862039,14:25:06.839,28.4100,100
51906839869605,14:25:06.839,28.4200,100
51906839869605,14:25:06.839,28.4200,100
51906839869605,14:25:06.839,28.4300,87
51906844531277,14:25:06.844,28.4300,13
52002766418472,14:26:42.766,28.3900,180
52003758119101,14:26:43.758,28.3800,95
52003758478744,14:26:43.758,28.3900,100
52003758534804,14:26:43.758,28.3900,100
52003762472094,14:26:43.762,28.4000,100
52003762907091,14:26:43.762,28.4200,2
52003762907091,14:26:43.762,28.4200,100
52003762907091,14:26:43.762,28.4200,100
52005795024332,14:26:45.795,28.4500,100
52005795055426,14:26:45.795,28.4500,100
52006901748497,14:26:46.901,28.4600,100
52007170953886,14:26:47.170,28.4400,100
52007171315181,14:26:47.171,28.4300,100
52007191109623,14:26:47.191,28.4200,100
52007191495572,14:26:47.191,28.4300,82
52007191507982,14:26:47.191,28.4300,18
52032988658623,14:27:12.988,28.3900,100
52032989754648,14:27:12.989,28.3800,100
52063757659567,14:27:43.757,28.3800,41
52063757676124,14:27:43.757,28.3800,59
52063760696696,14:27:43.760,28.3700,100
52065784501566,14:27:45.784,28.3900,100
52084299007263,14:28:04.299,28.3600,100
52084299007263,14:28:04.299,28.3600,100
52260969845067,14:31:00.969,28.3600,1
52261034403991,14:31:01.034,28.3700,16
52261034750548,14:31:01.034,28.3700,100
52303969803329,14:31:43.969,28.3500,16
52303972649223,14:31:43.972,28.3600,100
52310128869832,14:31:50.128,28.3400,100
52310128869832,14:31:50.128,28.3200,100
52310128942466,14:31:50.128,28.3200,100
52310130615779,14:31:50.130,28.3000,100
52331078552711,14:32:11.078,28.3000,100
52331079543542,14:32:11.079,28.2800,100
52331079543542,14:32:11.079,28.2700,100
52331080392838,14:32:11.080,28.2600,100
52331080812235,14:32:11.080,28.2500,29
52331080827920,14:32:11.080,28.2500,71
52398686205899,14:33:18.686,28.2550,100
52456662799151,14:34:16.662,28.2500,100
52456662799151,14:34:16.662,28.2700,4
52456662883444,14:34:16.662,28.2700,96
52456662883444,14:34:16.662,28.2700,14
52456662885560,14:34:16.662,28.2700,86
52456678782164,14:34:16.678,28.2800,46
52497163699279,14:34:57.163,28.2800,54
52497163699279,14:34:57.163,28.2800,1
52520726898252,14:35:20.726,28.2900,100
52564473434792,14:36:04.473,28.2650,100
52564475785051,14:36:04.475,28.2400,6
52564475785051,14:36:04.475,28.2400,70
52564478017081,14:36:04.478,28.2300,100
52564479030909,14:36:04.479,28.2300,100
52564479030909,14:36:04.479,28.2300,100
52564479067360,14:36:04.479,28.2300,50
52564488992160,14:36:04.488,28.2500,100
52564488992160,14:36:04.488,28.2500,100
52566477665003,14:36:06.477,28.2100,100
52566477665003,14:36:06.477,28.2100,100
52566477665003,14:36:06.477,28.2100,100
52587231484795,14:36:27.231,28.2300,100
52627535258532,14:37:07.535,28.2200,100
52627535258532,14:37:07.535,28.2100,48
52627535258532,14:37:07.535,28.2100,101
52627535258532,14:37:07.535,28.2100,100
52627536831167,14:37:07.536,28.2200,100
52627537826492,14:37:07.537,28.2100,100
52627538857818,14:37:07.538,28.2000,100
52627539367827,14:37:07.539,28.2100,85
52627539839187,14:37:07.539,28.2000,15
52627539839187,14:37:07.539,28.1900,100
52627539839187,14:37:07.539,28.1900,100
52627541863653,14:37:07.541,28.1700,100
52627545491830,14:37:07.545,28.1700,100
52627545581990,14:37:07.545,28.1700,300
52627545841867,14:37:07.545,28.1700,38
52627545852587,14:37:07.545,28.1700,62
52627545852587,14:37:07.545,28.1700,38
52627549052332,14:37:07.549,28.1700,100
52627549437064,14:37:07.549,28.1600,50
52627551069966,14:37:07.551,28.1600,100
52627555951333,14:37:07.555,28.1300,100
52627557797126,14:37:07.557,28.1200,100
52628326182849,14:37:08.326,28.1400,100
52628326275531,14:37:08.326,28.1400,15
52632019896115,14:37:12.019,28.1700,300
52632021620849,14:37:12.021,28.1400,15
52632021620849,14:37:12.021,28.1300,85
52633426794427,14:37:13.426,28.1700,200
52633426794427,14:37:13.426,28.1700,100
52646983344727,14:37:26.983,28.1700,200
52646983344727,14:37:26.983,28.1700,100
52646983344727,14:37:26.983,28.1700,100
52656568117164,14:37:36.568,28.1900,15
52656568117164,14:37:36.568,28.1900,85
52656569183091,14:37:36.569,28.1900,75
52657539901622,14:37:37.539,28.1800,58
52657539901622,14:37:37.539,28.1800,100
52657539901622,14:37:37.539,28.1800,100
52657539901622,14:37:37.539,28.1800,42
52689563342455,14:38:09.563,28.1800,100
52710340632731,14:38:30.340,28.1300,100
52798099191676,14:39:58.099,28.1200,100
52798100109398,14:39:58.100,28.1200,400
52798100109398,14:39:58.100,28.1200,100
52798101290313,14:39:58.101,28.1250,100
52798540168515,14:39:58.540,28.1200,100
52799539680956,14:39:59.539,28.1100,100
52799542126261,14:39:59.542,28.1000,100
52799542126261,14:39:59.542,28.1000,100
52800539163577,14:40:00.539,28.0900,100
52804715796718,14:40:04.715,28.1100,100
52815631941941,14:40:15.631,28.1100,100
52815631941941,14:40:15.631,28.1100,2
52815631941941,14:40:15.631,28.1100,95
52819555954727,14:40:19.555,28.1100,5
52819857061292,14:40:19.857,28.1200,100
52819858862258,14:40:19.858,28.1300,100
52822745876862,14:40:22.745,28.0900,100
52822745876862,14:40:22.745,28.0800,100
52822746097633,14:40:22.746,28.0800,100
52822747053624,14:40:22.747,28.0700,5
52822747053624,14:40:22.747,28.0700,95
52822747230156,14:40:22.747,28.0800,100
52822747901593,14:40:22.747,28.0600,22
52822747901593,14:40:22.747,28.0600,78
52822748332030,14:40:22.748,28.0400,72
52822748386017,14:40:22.748,28.0400,27
52822748780725,14:40:22.748,28.0400,1
52822749183613,14:40:22.749,28.0300,100
52822749571317,14:40:22.749,28.0200,12
52823591096359,14:40:23.591,28.0000,30
52823591096359,14:40:23.591,28.0000,20
52823591096359,14:40:23.591,28.0000,2
52844177543050,14:40:44.177,28.0000,25
52939584969884,14:42:19.584,28.0200,1
52939584969884,14:42:19.584,28.0300,27
52939585334629,14:42:19.585,28.0300,73
52939585334629,14:42:19.585,28.0300,100
52939654687967,14:42:19.654,28.0400,100
52939654687967,14:42:19.654,28.0400,100
52939654687967,14:42:19.654,28.0400,100
53152229012594,14:45:52.229,28.0700,20
53157579255488,14:45:57.579,28.1000,1
53157781037397,14:45:57.781,28.1100,24
53160196661282,14:46:00.196,28.1200,100
53160196661282,14:46:00.196,28.1200,100
53160196661282,14:46:00.196,28.1200,100
53160199864953,14:46:00.199,28.1150,100
53160201723914,14:46:00.201,28.1000,100
53187252043345,14:46:27.252,28.1200,100
53187252923505,14:46:27.252,28.1200,100
53187252923505,14:46:27.252,28.1200,100
53187252923505,14:46:27.252,28.1200,58
53187253000464,14:46:27.253,28.1200,42
53188837349655,14:46:28.837,28.1300,100
53189265462363,14:46:29.265,28.1400,100
53189285699671,14:46:29.285,28.1500,1
53189285700222,14:46:29.285,28.1500,2
53189285700695,14:46:29.285,28.1500,1
53189285701947,14:46:29.285,28.1500,1
53189285719464,14:46:29.285,28.1500,1
53212621649757,14:46:52.621,28.1500,100
53212874959562,14:46:52.874,28.1600,100
53214275255136,14:46:54.275,28.1400,100
53216220535326,14:46:56.220,28.1600,2
53216220535326,14:46:56.220,28.1600,98
53216220633875,14:46:56.220,28.1600,2
53217263084707,14:46:57.263,28.1600,100
53240700133067,14:47:20.700,28.2200,99
53241471860459,14:47:21.471,28.2200,100
53293782290234,14:48:13.782,28.1950,100
53293785597590,14:48:13.785,28.1700,100
53293785597590,14:48:13.785,28.1700,100
53293785597590,14:48:13.785,28.1700,80
53293785597590,14:48:13.785,28.1700,100
53293785597590,14:48:13.785,28.1700,100
53293785597590,14:48:13.785,28.1700,100
53299528704751,14:48:19.528,28.1500,100
53299528704751,14:48:19.528,28.1500,100
53299528745852,14:48:19.528,28.1500,100
53299528745852,14:48:19.528,28.1400,48
53299528796505,14:48:19.528,28.1400,52
53538435509721,14:52:18.435,28.1600,45
53538435509721,14:52:18.435,28.1600,14
53538900192296,14:52:18.900,28.1700,30
53539201010569,14:52:19.201,28.1650,100
53539201010569,14:52:19.201,28.1800,100
53539201010569,14:52:19.201,28.1800,51
53539201396406,14:52:19.201,28.1800,49
53539201396406,14:52:19.201,28.1800,51
53543714989816,14:52:23.714,28.2000,89
53543715029664,14:52:23.715,28.2000,11
53543715029664,14:52:23.715,28.2000,63
53543715455659,14:52:23.715,28.2000,1
53543715459094,14:52:23.715,28.2000,2
53543715459702,14:52:23.715,28.2000,4
53543715460374,14:52:23.715,28.2000,1
53543715461783,14:52:23.715,28.2000,2
53543715464362,14:52:23.715,28.2000,2
53543715465648,14:52:23.715,28.2000,2
53543715469558,14:52:23.715,28.2000,1
53543715472339,14:52:23.715,28.2000,2
53544876141219,14:52:24.876,28.1800,100
53551098301362,14:52:31.098,28.2000,20
53551098301362,14:52:31.098,28.2000,80
53552661550280,14:52:32.661,28.1850,100
53552661914983,14:52:32.661,28.1600,100
53596149648925,14:53:16.149,28.1700,100
53611908867293,14:53:31.908,28.2100,3
53611908869083,14:53:31.908,28.2100,3
53611908870621,14:53:31.908,28.2100,4
53611908872417,14:53:31.908,28.2100,1
53611908872933,14:53:31.908,28.2100,4
53611909235386,14:53:31.909,28.2000,1
53631715398891,14:53:51.715,28.1500,100
53631719541769,14:53:51.719,28.1300,100
53639369055332,14:53:59.369,28.1400,100
53640261555508,14:54:00.261,28.1500,100
53650691800752,14:54:10.691,28.1500,100
53650691800752,14:54:10.691,28.1500,100
53650691800752,14:54:10.691,28.1500,100
53650694559109,14:54:10.694,28.1400,100
53650761680600,14:54:10.761,28.1400,100
53650808198114,14:54:10.808,28.1500,100
53698544184040,14:54:58.544,28.1200,50
53698544184040,14:54:58.544,28.1200,50
53700596618127,14:55:00.596,28.1500,100
53700596618127,14:55:00.596,28.1500,100
53700596618127,14:55:00.596,28.1500,100
53700596633370,14:55:00.596,28.1600,1
53700596633370,14:55:00.596,28.1600,82
53707225143261,14:55:07.225,28.1600,118
53707225143261,14:55:07.225,28.1600,200
53716071057689,14:55:16.071,28.1400,100
53716095980560,14:55:16.095,28.1400,100
53716397117916,14:55:16.397,28.1200,50
53716398091409,14:55:16.398,28.1100,100
53716401599899,14:55:16.401,28.1000,100
53716401668788,14:55:16.401,28.0900,100
53716543106990,14:55:16.543,28.0900,100
53716543106990,14:55:16.543,28.0900,38
53716544182794,14:55:16.544,28.0800,100
53735544057331,14:55:35.544,28.0700,100
53735544057331,14:55:35.544,28.0700,100
53741674724138,14:55:41.674,28.0600,2
53741674724138,14:55:41.674,28.0600,3
53741674724138,14:55:41.674,28.0600,93
53769120962040,14:56:09.120,28.0600,7
53769121107200,14:56:09.121,28.0600,100
53769545313671,14:56:09.545,28.0500,100
53769545313671,14:56:09.545,28.0500,100
53779022559657,14:56:19.022,28.0500,100
53802088028152,14:56:42.088,28.0800,2
53803913568496,14:56:43.913,28.0700,98
53841840011064,14:57:21.840,28.0800,98
53841847967935,14:57:21.847,28.0750,100
53841847967935,14:57:21.847,28.0800,100
53884039221984,14:58:04.039,28.0900,100
53884039221984,14:58:04.039,28.0900,100
53884039221984,14:58:04.039,28.0900,100
53884039697822,14:58:04.039,28.1000,3
53884039703340,14:58:04.039,28.1000,3
53884039705203,14:58:04.039,28.1000,1
53884039706685,14:58:04.039,28.1000,1
53884039709525,14:58:04.039,28.1000,2
53884039714421,14:58:04.039,28.1000,3
53884069835879,14:58:04.069,28.1000,87
53884069835879,14:58:04.069,28.1000,200
53940128807807,14:59:00.128,28.1200,10
54039759033080,15:00:39.759,28.1000,100
54039759033080,15:00:39.759,28.0800,100
54039759033080,15:00:39.759,28.0800,200
54039759033080,15:00:39.759,28.0800,100
54039759033080,15:00:39.759,28.0800,9
54039759077808,15:00:39.759,28.0800,91
54039759077808,15:00:39.759,28.0800,9
54039760262017,15:00:39.760,28.0800,100
54039760764121,15:00:39.760,28.0800,100
54039761934715,15:00:39.761,28.0700,100
54091091269231,15:01:31.091,28.0750,100
54091091269231,15:01:31.091,28.0600,200
54113912492723,15:01:53.912,28.0700,100
54118209823633,15:01:58.209,28.0800,93
54129510863353,15:02:09.510,28.0800,100
54129510863353,15:02:09.510,28.0800,100
54129511314372,15:02:09.511,28.0900,11
54129511319171,15:02:09.511,28.0900,10
54129511319689,15:02:09.511,28.0900,1
54129511322120,15:02:09.511,28.0900,1
54129511322621,15:02:09.511,28.0900,6
54129511327401,15:02:09.511,28.0900,2
54129511333251,15:02:09.511,28.0900,10
54129511333792,15:02:09.511,28.0900,9
54129511336695,15:02:09.511,28.0900,2
54129511338313,15:02:09.511,28.0900,8
54129511339783,15:02:09.511,28.0900,6
54129512416445,15:02:09.512,28.0900,34
54129512416445,15:02:09.512,28.0900,100
54129534623089,15:02:09.534,28.1000,100
54129534623089,15:02:09.534,28.1000,21
54129543435468,15:02:09.543,28.1000,100
54129543499139,15:02:09.543,28.1000,100
54129543570003,15:02:09.543,28.1000,100
54129543570003,15:02:09.543,28.1000,100
54133591876087,15:02:13.591,28.1000,1
54133592506759,15:02:13.592,28.1100,9
54139322103734,15:02:19.322,28.1100,91
54139322214973,15:02:19.322,28.1200,100
54171456005836,15:02:51.456,28.1250,100
54171456055600,15:02:51.456,28.1400,21
54199450032734,15:03:19.450,28.1450,100
54213781035949,15:03:33.781,28.1450,100
54240016810349,15:04:00.016,28.1500,300
54240017568163,15:04:00.017,28.1600,45
54240020129801,15:04:00.020,28.1650,100
54243401988477,15:04:03.401,28.1500,100
54243402350695,15:04:03.402,28.1500,100
54243402771100,15:04:03.402,28.1500,100
54243404121456,15:04:03.404,28.1500,100
54277594242518,15:04:37.594,28.1650,7
54277594242518,15:04:37.594,28.1650,2
54277594242518,15:04:37.594,28.1650,4
54277594242518,15:04:37.594,28.1650,6
54277594242518,15:04:37.594,28.1650,8
54277594242518,15:04:37.594,28.1650,2
54277594242518,15:04:37.594,28.1650,2
54277594242518,15:04:37.594,28.1650,4
54277594242518,15:04:37.594,28.1650,2
54277594242518,15:04:37.594,28.1650,1
54277594242518,15:04:37.594,28.1650,2
54277594242518,15:04:37.594,28.1650,1
54277594242518,15:04:37.594,28.1650,10
54277594242518,15:04:37.594,28.1650,100
54277594242518,15:04:37.594,28.1650,2
54277594242518,15:04:37.594,28.1650,2
54373105762324,15:06:13.105,28.1650,1
54373105762324,15:06:13.105,28.1650,6
54373105762324,15:06:13.105,28.1650,3
54373105795012,15:06:13.105,28.1650,100
54373105795012,15:06:13.105,28.1500,100
54373105795012,15:06:13.105,28.1500,47
54373105857047,15:06:13.105,28.1500,100
54373107209320,15:06:13.107,28.1400,100
54373993591362,15:06:13.993,28.1300,100
54373996266902,15:06:13.996,28.1500,100
54389747704546,15:06:29.747,28.1700,100
54389748105788,15:06:29.748,28.1700,100
54389748105788,15:06:29.748,28.1700,100
54389748148511,15:06:29.748,28.1800,100
54389748148511,15:06:29.748,28.1800,42
54389748174512,15:06:29.748,28.1800,1
54389748278101,15:06:29.748,28.1800,11
54389748278101,15:06:29.748,28.1800,22
54389748428489,15:06:29.748,28.1800,78
54390748936641,15:06:30.748,28.1900,1
54435490138027,15:07:15.490,28.1900,99
54435490138027,15:07:15.490,28.1900,100
54435490138027,15:07:15.490,28.1900,17
54435490175915,15:07:15.490,28.1900,83
54435490175915,15:07:15.490,28.1900,17
54435490178963,15:07:15.490,28.1900,30
54435490178963,15:07:15.490,28.1900,74
54435490186105,15:07:15.490,28.1900,26
54435490843288,15:07:15.490,28.1900,45
54435491072862,15:07:15.491,28.1900,45
54435495846596,15:07:15.495,28.1800,100
54438539399203,15:07:18.539,28.1600,100
54438539399203,15:07:18.539,28.1600,43
54438541096397,15:07:18.541,28.1400,100
54452283080143,15:07:32.283,28.1300,20
54457474935562,15:07:37.474,28.1200,10
54490808970557,15:08:10.808,28.1250,100
54491002710228,15:08:11.002,28.1500,100
54491002710228,15:08:11.002,28.1500,100
54491002710228,15:08:11.002,28.1500,1
54491002712140,15:08:11.002,28.1500,200
54491002929273,15:08:11.002,28.1600,100
54491003937223,15:08:11.003,28.1500,46
54518835580557,15:08:38.835,28.1400,2
54601020920017,15:10:01.020,28.1700,100
54602504902146,15:10:02.504,28.1700,200
54602504902146,15:10:02.504,28.1700,100
54602504988409,15:10:02.504,28.1800,13
54622505215341,15:10:22.505,28.1700,70
54641740861296,15:10:41.740,28.1600,100
54641740898017,15:10:41.740,28.1600,100
54641740904163,15:10:41.740,28.1600,45
54641740910455,15:10:41.740,28.1600,34
54641740916207,15:10:41.740,28.1600,21
54641827601272,15:10:41.827,28.1400,100
54645022343484,15:10:45.022,28.1400,300
54645024709493,15:10:45.024,28.1400,100
54670895888754,15:11:10.895,28.1500,100
54671969519824,15:11:11.969,28.1400,100
54672272368087,15:11:12.272,28.1600,100
54672276917147,15:11:12.276,28.1400,100
54738074344798,15:12:18.074,28.1300,100
54738074344798,15:12:18.074,28.1300,100
54738075585336,15:12:18.075,28.1200,100
54738078025119,15:12:18.078,28.1200,100
54738078025119,15:12:18.078,28.1200,100
54793222271353,15:13:13.222,28.1500,2
54793222276912,15:13:13.222,28.1500,1
54804168792246,15:13:24.168,28.1350,100
54804168792246,15:13:24.168,28.1500,97
54804168792246,15:13:24.168,28.1500,41
54804168792246,15:13:24.168,28.1500,28
54804168846814,15:13:24.168,28.1500,100
54807002328213,15:13:27.002,28.1600,1
54807002329629,15:13:27.002,28.1600,1
54810269182722,15:13:30.269,28.1500,100
54811534052265,15:13:31.534,28.1300,100
54811535334953,15:13:31.535,28.1100,10
54811535334953,15:13:31.535,28.1100,90
54823285525187,15:13:43.285,28.1500,2
54823285528892,15:13:43.285,28.1500,2
54823285529492,15:13:43.285,28.1500,2
54823285530177,15:13:43.285,28.1500,1
54823285532309,15:13:43.285,28.1500,2
54823285533800,15:13:43.285,28.1500,1
54874088586924,15:14:34.088,28.1600,100
54874088586924,15:14:34.088,28.1600,100
54912944046995,15:15:12.944,28.1550,100
54912944046995,15:15:12.944,28.1400,100
54912954795759,15:15:12.954,28.1400,100
54960098494746,15:16:00.098,28.1800,1
54960098495300,15:16:00.098,28.1800,2
54960098495900,15:16:00.098,28.1800,1
54960098500134,15:16:00.098,28.1800,1
54960098500605,15:16:00.098,28.1800,1
54960098502245,15:16:00.098,28.1800,1
54971484193733,15:16:11.484,28.1700,11
54972402896185,15:16:12.402,28.1800,100
55043037312177,15:17:23.037,28.1500,100
55043037743454,15:17:23.037,28.1500,100
55043037743454,15:17:23.037,28.1500,34
55043037743454,15:17:23.037,28.1500,100
55043037743454,15:17:23.037,28.1500,3
55068742864499,15:17:48.742,28.1200,50
55068745257775,15:17:48.745,28.1100,100
55076252389904,15:17:56.252,28.1250,100
55076252389904,15:17:56.252,28.1400,100
55076252389904,15:17:56.252,28.1400,41
55076253172998,15:17:56.253,28.1400,59
55076253172998,15:17:56.253,28.1400,41
55076255989247,15:17:56.255,28.1500,100
55117004737592,15:18:37.004,28.1300,100
55117004737592,15:18:37.004,28.1300,100
55117004737592,15:18:37.004,28.1300,100
55117005432567,15:18:37.005,28.1300,100
55117005690180,15:18:37.005,28.1300,100
55141525646616,15:19:01.525,28.1300,1
55141525646616,15:19:01.525,28.1300,14
55141527019541,15:19:01.527,28.1400,100
55170026601808,15:19:30.026,28.1100,20
55185265687272,15:19:45.265,28.1400,100
55200000731076,15:20:00.000,28.1700,52
55200880064684,15:20:00.880,28.1700,48
55211187643242,15:20:11.187,28.1900,100
55211614466371,15:20:11.614,28.2100,82
55211614466371,15:20:11.614,28.2100,18
55261354123237,15:21:01.354,28.1700,100
55331902367876,15:22:11.902,28.1700,25
55331902367876,15:22:11.902,28.1700,75
55331902407727,15:22:11.902,28.1700,25
55331902407727,15:22:11.902,28.1700,75
55331902409428,15:22:11.902,28.1700,25
55331903950269,15:22:11.903,28.1500,37
55331903950269,15:22:11.903,28.1500,13
55331903950269,15:22:11.903,28.1500,100
55331903950269,15:22:11.903,28.1500,50
55332203741182,15:22:12.203,28.1500,50
55332203741182,15:22:12.203,28.1500,100
55338583478774,15:22:18.583,28.1400,27
55338584564093,15:22:18.584,28.1200,100
55346280363737,15:22:26.280,28.1300,100
55359110129238,15:22:39.110,28.1500,50
55407036147414,15:23:27.036,28.1400,26
55407038612678,15:23:27.038,28.1500,100
55424285265733,15:23:44.285,28.1200,34
55424285265733,15:23:44.285,28.1200,3
55433889465270,15:23:53.889,28.1100,100
55443024955756,15:24:03.024,28.1100,100
55443025096029,15:24:03.025,28.1100,100
55443141007793,15:24:03.141,28.1000,20
55443141007793,15:24:03.141,28.1000,80
55509538810279,15:25:09.538,28.1200,100
55509540379109,15:25:09.540,28.1300,100
55509540379109,15:25:09.540,28.1300,100
55512545463721,15:25:12.545,28.1300,48
55599342926043,15:26:39.342,28.1400,59
55602470257493,15:26:42.470,28.1400,8
55602470257493,15:26:42.470,28.1400,100
55607316632449,15:26:47.316,28.1400,6
55648191491094,15:27:28.191,28.1100,100
55648191491094,15:27:28.191,28.1100,100
55648586326255,15:27:28.586,28.1000,30
55648586326255,15:27:28.586,28.1000,100
55648590591887,15:27:28.590,28.0900,100
55648590591887,15:27:28.590,28.0900,100
55657336836936,15:27:37.336,28.1000,100
55657336836936,15:27:37.336,28.1200,9
55657345172365,15:27:37.345,28.1200,100
55657347582168,15:27:37.347,28.1100,100
55657347582168,15:27:37.347,28.1100,200
55676482839736,15:27:56.482,28.1400,5
55676556267706,15:27:56.556,28.1500,50
55735736118699,15:28:55.736,28.1400,100
55735736118699,15:28:55.736,28.1400,100
55735736118699,15:28:55.736,28.1400,165
55735736118699,15:28:55.736,28.1400,32
55735736118699,15:28:55.736,28.1400,100
55735737126649,15:28:55.737,28.1100,100
55735741704099,15:28:55.741,28.1000,48
55750792958578,15:29:10.792,28.1400,100
55800264930754,15:30:00.264,28.1400,100
55800264930754,15:30:00.264,28.1400,10
55800270262858,15:30:00.270,28.1500,100
55800270262858,15:30:00.270,28.1500,44
55800270262858,15:30:00.270,28.1500,56
55821700915280,15:30:21.700,28.1300,34
55821700915280,15:30:21.700,28.1300,66
55821701019327,15:30:21.701,28.1300,34
55821701019327,15:30:21.701,28.1300,100
55821716850331,15:30:21.716,28.1300,100
55821721010073,15:30:21.721,28.1300,47
55822767139304,15:30:22.767,28.1300,100
55827936837030,15:30:27.936,28.1500,100
55832823347295,15:30:32.823,28.1700,37
55832992566830,15:30:32.992,28.1700,163
55840742379760,15:30:40.742,28.1700,30
55840742379760,15:30:40.742,28.1900,66
55840745352600,15:30:40.745,28.1900,34
55840745352600,15:30:40.745,28.1900,1
55892876704633,15:31:32.876,28.1600,6
55927661911433,15:32:07.661,28.1500,100
55927661911433,15:32:07.661,28.1500,100
55927661911433,15:32:07.661,28.1500,30
55927661911433,15:32:07.661,28.1500,16
55927662025559,15:32:07.662,28.1500,6
55930643978707,15:32:10.643,28.1400,61
55930643978707,15:32:10.643,28.1400,37
55930643978707,15:32:10.643,28.1400,2
55930644026346,15:32:10.644,28.1400,98
55930644026346,15:32:10.644,28.1400,17
55930644031991,15:32:10.644,28.1400,13
55930644031991,15:32:10.644,28.1400,16
55930644032838,15:32:10.644,28.1400,60
55930679034858,15:32:10.679,28.1400,24
55930680481919,15:32:10.680,28.1400,24
55935859371818,15:32:15.859,28.1300,100
55971884867892,15:32:51.884,28.1200,45
55977794499933,15:32:57.794,28.1100,100
55977796188264,15:32:57.796,28.0900,100
55977802127755,15:32:57.802,28.0800,10
55977802127755,15:32:57.802,28.0800,39
55977802127755,15:32:57.802,28.0800,15
55977802127755,15:32:57.802,28.0800,36
56009307656011,15:33:29.307,28.1100,5
56020451776010,15:33:40.451,28.1100,100
56028509273704,15:33:48.509,28.1300,100
56032169729538,15:33:52.169,28.1200,100
56032172075367,15:33:52.172,28.1300,28
56034689625482,15:33:54.689,28.1150,5
56047916805373,15:34:07.916,28.1150,9
56047916805373,15:34:07.916,28.1100,30
56050222321778,15:34:10.222,28.1200,100
56059969362152,15:34:19.969,28.1000,5
56064701134758,15:34:24.701,28.1000,95
56064701134758,15:34:24.701,28.1000,100
56064701134758,15:34:24.701,28.1000,32
56064701380320,15:34:24.701,28.1000,40
56064966920075,15:34:24.966,28.1000,100
56064969409910,15:34:24.969,28.1000,100
56064971035300,15:34:24.971,28.1000,100
56065078678286,15:34:25.078,28.1000,100
56065078678286,15:34:25.078,28.1000,100
56065080301379,15:34:25.080,28.1000,100
56065082233411,15:34:25.082,28.1000,100
56065084081943,15:34:25.084,28.1000,100
56065087153468,15:34:25.087,28.1000,100
56065088065071,15:34:25.088,28.0900,100
56071143916781,15:34:31.143,28.0900,100
56071143962305,15:34:31.143,28.0900,53
56071144024773,15:34:31.144,28.0900,26
56071169419244,15:34:31.169,28.0900,21
56071170705382,15:34:31.170,28.0900,100
56071172925746,15:34:31.172,28.0900,100
56071175347304,15:34:31.175,28.0900,100
56072430922189,15:34:32.430,28.0900,100
56072430922189,15:34:32.430,28.0900,100
56072433245473,15:34:32.433,28.0900,100
56086427111292,15:34:46.427,28.0900,100
56088779146044,15:34:48.779,28.0800,100
56088780261975,15:34:48.780,28.0700,100
56097190959740,15:34:57.190,28.0600,100
56097190959740,15:34:57.190,28.0600,100
56097190959740,15:34:57.190,28.0600,100
56097281534931,15:34:57.281,28.0400,5
56112038275724,15:35:12.038,28.0600,100
56146106535302,15:35:46.106,28.0700,12
56146106535302,15:35:46.106,28.0700,100
56149939736789,15:35:49.939,28.0900,100
56153913888580,15:35:53.913,28.0800,34
56155554223961,15:35:55.554,28.0600,100
56218597952573,15:36:58.597,28.0600,40
56218597952573,15:36:58.597,28.0600,60
56239322452657,15:37:19.322,28.0600,6
56239322539559,15:37:19.322,28.0600,34
56239859134429,15:37:19.859,28.0400,95
56239859134429,15:37:19.859,28.0400,100
56250475269769,15:37:30.475,28.0300,30
56277344671571,15:37:57.344,28.0300,6
56315936481670,15:38:35.936,28.0300,5
56344628330668,15:39:04.628,28.0300,6
56372357672712,15:39:32.357,28.0200,5
56398413724315,15:39:58.413,28.0200,5
56403359013218,15:40:03.359,28.0200,2
56425351900860,15:40:25.351,28.0350,100
56425610292026,15:40:25.610,28.0300,100
56425610292026,15:40:25.610,28.0300,17
56425610292026,15:40:25.610,28.0300,2
56425610292026,15:40:25.610,28.0300,100
56427075825102,15:40:27.075,28.0200,5
56427421774565,15:40:27.421,28.0200,93
56427421774565,15:40:27.421,28.0200,51
56427422149280,15:40:27.422,28.0200,49
56427422149280,15:40:27.422,28.0200,56
56427422184994,15:40:27.422,28.0200,39
56427422188449,15:40:27.422,28.0200,5
56427422188449,15:40:27.422,28.0200,55
56427422218165,15:40:27.422,28.0200,45
56427422218165,15:40:27.422,28.0200,21
56433495343484,15:40:33.495,28.0100,100
56433495343484,15:40:33.495,28.0100,100
56439374131567,15:40:39.374,28.0200,100
56439374684255,15:40:39.374,28.0200,99
56441364961775,15:40:41.364,28.0200,100
56441364961775,15:40:41.364,28.0300,100
56441364961775,15:40:41.364,28.0300,100
56442214225580,15:40:42.214,28.0300,100
56442214225580,15:40:42.214,28.0300,25
56466577606416,15:41:06.577,28.0100,40
56469420278042,15:41:09.420,28.0200,100
56488126245763,15:41:28.126,28.0000,12
56493974866748,15:41:33.974,28.0000,88
56493974866748,15:41:33.974,28.0000,12
56493974911854,15:41:33.974,28.0000,60
56503193000818,15:41:43.193,28.0000,2
56506282604623,15:41:46.282,28.0000,16
56506282604623,15:41:46.282,28.0000,47
56509984541082,15:41:49.984,28.0000,100
56519286958842,15:41:59.286,28.0000,2
56519290313399,15:41:59.290,28.0000,100
56538822901354,15:42:18.822,28.0100,100
56538822901354,15:42:18.822,28.0100,1
56538822901354,15:42:18.822,28.0100,99
56538823311560,15:42:18.823,28.0100,1
56538823311560,15:42:18.823,28.0100,12
56538823570121,15:42:18.823,28.0100,64
56550992416395,15:42:30.992,28.0000,100
56550992416395,15:42:30.992,28.0000,60
56550993194938,15:42:30.993,28.0000,40
56550994662061,15:42:30.994,28.0000,40
56550997756808,15:42:30.997,28.0000,60
56550999751250,15:42:30.999,28.0000,200
56554844506495,15:42:34.844,28.0000,100
56554844506495,15:42:34.844,28.0000,100
56554845596796,15:42:34.845,27.9900,100
56554845596796,15:42:34.845,27.9900,79
56570050699336,15:42:50.050,28.0100,6
56574423647349,15:42:54.423,28.0200,100
56574423647349,15:42:54.423,28.0200,100
56575334202307,15:42:55.334,28.0100,100
56629595497582,15:43:49.595,28.0000,5
56656251814075,15:44:16.251,28.0000,5
56679009331461,15:44:39.009,28.0000,36
56679009408123,15:44:39.009,28.0100,100
56679009408123,15:44:39.009,28.0000,19
56679009419013,15:44:39.009,28.0000,29
56679009421454,15:44:39.009,28.0000,6
56679009421454,15:44:39.009,28.0000,69
56679009789208,15:44:39.009,28.0000,31
56679009789208,15:44:39.009,28.0000,40
56679572778546,15:44:39.572,28.0000,39
56679572778546,15:44:39.572,28.0000,61
56686899465293,15:44:46.899,27.9900,5
56687051092315,15:44:47.051,27.9900,95
56687051092315,15:44:47.051,27.9900,5
56687053585256,15:44:47.053,27.9900,95
56688426056553,15:44:48.426,27.9800,2
56689491077132,15:44:49.491,27.9800,98
56689491077132,15:44:49.491,27.9800,100
56696560467721,15:44:56.560,27.9700,20
56696560467721,15:44:56.560,27.9700,40
56696622859443,15:44:56.622,27.9600,10
56696622859443,15:44:56.622,27.9600,10
56696624070371,15:44:56.624,27.9500,40
56696626224105,15:44:56.626,27.9500,20
56699973941356,15:44:59.973,27.9500,100
56699973941356,15:44:59.973,27.9500,100
56716841730934,15:45:16.841,27.9500,5
56736643443879,15:45:36.643,27.9700,100
56736643443879,15:45:36.643,27.9700,100
56742102738560,15:45:42.102,27.9800,89
56742102779287,15:45:42.102,27.9800,11
56742102779287,15:45:42.102,27.9800,78
56742102789983,15:45:42.102,27.9800,22
56744966137519,15:45:44.966,27.9700,100
56756158566053,15:45:56.158,27.9900,100
56757044869538,15:45:57.044,27.9900,95
56757557413852,15:45:57.557,28.0000,139
56757557413852,15:45:57.557,28.0000,2
56764261320180,15:46:04.261,27.9900,100
56788382372913,15:46:28.382,27.9900,100
56788382372913,15:46:28.382,27.9800,100
56788382372913,15:46:28.382,27.9800,100
56788382372913,15:46:28.382,27.9800,100
56788382998303,15:46:28.382,27.9800,100
56788396827757,15:46:28.396,27.9800,29
56788437496997,15:46:28.437,27.9700,22
56788495867689,15:46:28.495,27.9700,18
56788499753760,15:46:28.499,27.9500,100
56788517696478,15:46:28.517,27.9500,10
56788517696478,15:46:28.517,27.9400,20
56788517696478,15:46:28.517,27.9300,19
56788517696478,15:46:28.517,27.9300,1
56788517696478,15:46:28.517,27.9300,100
56788517696478,15:46:28.517,27.9300,50
56788537800349,15:46:28.537,27.9300,50
56788537800349,15:46:28.537,27.9200,50
56788920780059,15:46:28.920,27.9200,50
56791288921170,15:46:31.288,27.9300,1
56792304488171,15:46:32.304,27.9200,100
56792304488171,15:46:32.304,27.9200,100
56793308027285,15:46:33.308,27.9500,200
56829546671396,15:47:09.546,27.9600,5
56829547612322,15:47:09.547,27.9600,95
56829547612322,15:47:09.547,27.9600,91
56829547612322,15:47:09.547,27.9600,100
56829547612322,15:47:09.547,27.9600,100
56832680872956,15:47:12.680,27.9500,100
56832680872956,15:47:12.680,27.9500,100
56850982573872,15:47:30.982,27.9100,5
56883576490961,15:48:03.576,27.9100,5
56893136479436,15:48:13.136,27.9200,51
56897459725621,15:48:17.459,27.9150,100
56897459725621,15:48:17.459,27.9300,8
56897459981713,15:48:17.459,27.9300,92
56897459981713,15:48:17.459,27.9300,8
56897764634094,15:48:17.764,27.9400,200
56897764634094,15:48:17.764,27.9400,200
56897767185801,15:48:17.767,27.9300,100
56953261259339,15:49:13.261,27.9100,10
56958120903650,15:49:18.120,27.9200,100
56958134589175,15:49:18.134,27.9100,90
56958134589175,15:49:18.134,27.9100,100
56958134589175,15:49:18.134,27.9100,37
57003008746910,15:50:03.008,27.9200,100
57003008746910,15:50:03.008,27.9100,100
57003008746910,15:50:03.008,27.9100,100
57003008746910,15:50:03.008,27.9100,100
57003009421204,15:50:03.009,27.9200,100
57003009421204,15:50:03.009,27.9200,200
57003011216476,15:50:03.011,27.9300,100
57003011216476,15:50:03.011,27.9300,100
57003011216476,15:50:03.011,27.9300,100
57003011216476,15:50:03.011,27.9300,100
57003011216476,15:50:03.011,27.9300,10
57003012017776,15:50:03.012,27.9300,100
57003027271933,15:50:03.027,27.9300,87
57003027271933,15:50:03.027,27.9300,13
57010518268913,15:50:10.518,27.9300,187
57010518268913,15:50:10.518,27.9300,100
57011189332815,15:50:11.189,27.9100,100
57011189332815,15:50:11.189,27.9100,100
57011693851521,15:50:11.693,27.9200,54
57011698253164,15:50:11.698,27.9300,100
57011716712936,15:50:11.716,27.9300,5
57015928272572,15:50:15.928,27.9100,2
57041586642289,15:50:41.586,27.9350,100
57051513354606,15:50:51.513,27.9350,100
57073964464785,15:51:13.964,27.9300,6
57078458249290,15:51:18.458,27.9300,100
57078460885474,15:51:18.460,27.9300,94
57078460885474,15:51:18.460,27.9300,6
57078463049106,15:51:18.463,27.9300,34
57078463049106,15:51:18.463,27.9300,48
57083578992389,15:51:23.578,27.9100,20
57083578992389,15:51:23.578,27.9100,200
57083578992389,15:51:23.578,27.9100,100
57083578992389,15:51:23.578,27.9100,100
57083578992389,15:51:23.578,27.9100,100
57083578992389,15:51:23.578,27.9100,10
57095054810074,15:51:35.054,27.9200,1
57104543370533,15:51:44.543,27.9200,20
57105006387932,15:51:45.006,27.9250,100
57105006387932,15:51:45.006,27.9200,200
57105010333267,15:51:45.010,27.9200,79
57105010333267,15:51:45.010,27.9200,21
57109472502318,15:51:49.472,27.9200,6
57113986292872,15:51:53.986,27.9200,73
57113986292872,15:51:53.986,27.9200,27
57129770568096,15:52:09.770,27.9200,6
57131178942530,15:52:11.178,27.9250,100
57146041975241,15:52:26.041,27.9250,100
57146041975241,15:52:26.041,27.9250,100
57146041975241,15:52:26.041,27.9300,100
57146041975241,15:52:26.041,27.9300,100
57146041975241,15:52:26.041,27.9300,50
57146063066924,15:52:26.063,27.9300,100
57146063473974,15:52:26.063,27.9300,50
57146063473974,15:52:26.063,27.9300,44
57146063473974,15:52:26.063,27.9300,6
57174379980957,15:52:54.379,27.9350,100
57175029512498,15:52:55.029,27.9300,1
57185031693123,15:53:05.031,27.9300,93
57185031693123,15:53:05.031,27.9300,100
57185031693123,15:53:05.031,27.9300,100
57185031693123,15:53:05.031,27.9300,200
57185031693123,15:53:05.031,27.9300,7
57185031740554,15:53:05.031,27.9300,36
57186636417760,15:53:06.636,27.9300,6
57204059155091,15:53:24.059,27.9350,100
57204381106902,15:53:24.381,27.9300,31
57204381106902,15:53:24.381,27.9300,100
57204381106902,15:53:24.381,27.9300,100
57205982810891,15:53:25.982,27.9300,100
57205982810891,15:53:25.982,27.9300,100
57216813713899,15:53:36.813,27.9400,100
57216813713899,15:53:36.813,27.9400,100
57216813713899,15:53:36.813,27.9400,6
57216813713899,15:53:36.813,27.9400,94
57216813810359,15:53:36.813,27.9400,6
57216814045878,15:53:36.814,27.9500,2
57218766261231,15:53:38.766,27.9500,12
57240034895142,15:54:00.034,27.9550,100
57257584277793,15:54:17.584,27.9550,100
57273976053557,15:54:33.976,27.9500,4
57273976064420,15:54:33.976,27.9500,60
57273976075232,15:54:33.976,27.9500,24
57273976075232,15:54:33.976,27.9500,65
57273976272893,15:54:33.976,27.9500,30
57274073438495,15:54:34.073,27.9500,5
57274073438495,15:54:34.073,27.9500,95
57279161525158,15:54:39.161,27.9500,9
57284166939333,15:54:44.166,27.9550,100
57290333021237,15:54:50.333,27.9500,29
57290333079217,15:54:50.333,27.9550,100
57290333079217,15:54:50.333,27.9500,71
57290333079217,15:54:50.333,27.9500,100
57290333079217,15:54:50.333,27.9500,100
57290333079217,15:54:50.333,27.9500,100
57290333119082,15:54:50.333,27.9500,30
57290333121856,15:54:50.333,27.9500,30
57290333344110,15:54:50.333,27.9500,40
57300067192426,15:55:00.067,27.9450,100
57300067192426,15:55:00.067,27.9450,100
57300067192426,15:55:00.067,27.9500,129
57300067192426,15:55:00.067,27.9500,100
57300067192426,15:55:00.067,27.9600,2
57300067192426,15:55:00.067,27.9600,100
57300067192426,15:55:00.067,27.9700,1
57300067192426,15:55:00.067,27.9700,68
57300067195366,15:55:00.067,27.9700,2
57300067195366,15:55:00.067,27.9800,100
57300068171798,15:55:00.068,27.9500,71
57300068195513,15:55:00.068,27.9500,29
57301139616563,15:55:01.139,28.0100,100
57301140378426,15:55:01.140,28.0200,100
57303653079166,15:55:03.653,28.0300,100
57334999902653,15:55:34.999,28.0700,60
57339993833062,15:55:39.993,28.0650,100
57339993833062,15:55:39.993,28.0700,141
57345017828286,15:55:45.017,28.0700,99
57345017828286,15:55:45.017,28.0700,118
57345017871364,15:55:45.017,28.0700,11
57345017871364,15:55:45.017,28.0700,12
57345017871364,15:55:45.017,28.0700,67
57345017922199,15:55:45.017,28.0700,33
57345017922199,15:55:45.017,28.0700,100
57345017922199,15:55:45.017,28.0700,84
57345017963087,15:55:45.017,28.0700,16
57345018023645,15:55:45.018,28.0800,217
57345018322611,15:55:45.018,28.0700,88
57345018342088,15:55:45.018,28.0800,83
57347129830196,15:55:47.129,28.0700,100
57347129830196,15:55:47.129,28.0700,100
57347132311627,15:55:47.132,28.0650,100
57348021779565,15:55:48.021,28.0550,100
57349993540834,15:55:49.993,28.0600,96
57349994579660,15:55:49.994,28.0600,4
57349994579660,15:55:49.994,28.0600,42
57355002166663,15:55:55.002,28.0800,6
57360640840676,15:56:00.640,28.0800,100
57372295246519,15:56:12.295,28.1000,15
57378185561382,15:56:18.185,28.1000,85
57378185561382,15:56:18.185,28.1000,15
57378187981322,15:56:18.187,28.1000,85
57378187981322,15:56:18.187,28.1000,15
57378188334657,15:56:18.188,28.1000,58
57378188418061,15:56:18.188,28.1000,14
57378188421948,15:56:18.188,28.1000,13
57378188421948,15:56:18.188,28.1000,1
57384294479984,15:56:24.294,28.1200,15
57393187115310,15:56:33.187,28.1100,100
57393187115310,15:56:33.187,28.1000,100
57393187236766,15:56:33.187,28.1000,12
57393203798125,15:56:33.203,28.1000,27
57393243360346,15:56:33.243,28.1000,61
57393243360346,15:56:33.243,28.1000,100
57393243360346,15:56:33.243,28.1000,39
57393244421704,15:56:33.244,28.1000,61
57393247171447,15:56:33.247,28.1000,100
57396296213846,15:56:36.296,28.1100,15
57404104470003,15:56:44.104,28.0900,100
57404104509571,15:56:44.104,28.0900,100
57404104509571,15:56:44.104,28.0900,15
57404104509571,15:56:44.104,28.0900,4
57404104521923,15:56:44.104,28.0900,74
57404104580454,15:56:44.104,28.0900,22
57404104580454,15:56:44.104,28.0900,100
57404107057971,15:56:44.107,28.0800,100
57404107592793,15:56:44.107,28.0800,100
57404107904988,15:56:44.107,28.0800,100
57404108017418,15:56:44.108,28.0800,45
57404108017418,15:56:44.108,28.0800,55
57404108330887,15:56:44.108,28.0800,234
57405534024389,15:56:45.534,28.0600,2
57420298680239,15:57:00.298,28.0800,15
57420397221338,15:57:00.397,28.0800,85
57420397221338,15:57:00.397,28.0800,15
57420604561657,15:57:00.604,28.0800,100
57420612693720,15:57:00.612,28.0800,100
57420612693720,15:57:00.612,28.0800,11
57426399206405,15:57:06.399,28.0900,100
57426399206405,15:57:06.399,28.0900,105
57426399206405,15:57:06.399,28.0900,100
57432299972724,15:57:12.299,28.1100,15
57433380317526,15:57:13.380,28.1100,100
57439164340144,15:57:19.164,28.1000,15
57439164340144,15:57:19.164,28.1000,19
57439164422230,15:57:19.164,28.1000,81
57439164422230,15:57:19.164,28.1000,100
57439164422230,15:57:19.164,28.1000,100
57439164422230,15:57:19.164,28.1000,100
57439164422230,15:57:19.164,28.1000,300
57439210004746,15:57:19.210,28.0900,151
57439210004746,15:57:19.210,28.0900,49
57439210697767,15:57:19.210,28.0900,240
57439210697767,15:57:19.210,28.0900,60
57439265177182,15:57:19.265,28.0900,85
57439265177182,15:57:19.265,28.0900,100
57439265177182,15:57:19.265,28.0900,15
57439265705546,15:57:19.265,28.0900,60
57444301806515,15:57:24.301,28.1000,15
57468303760042,15:57:48.303,28.1000,15
57478463880662,15:57:58.463,28.0950,100
57478463880662,15:57:58.463,28.0950,100
57480304805700,15:58:00.304,28.0950,15
57481060399156,15:58:01.060,28.1000,100
57481060399156,15:58:01.060,28.1000,6
57481060399156,15:58:01.060,28.1000,289
57481060399156,15:58:01.060,28.1000,100
57481060399156,15:58:01.060,28.1000,3
57481060399156,15:58:01.060,28.1000,31
57481060399156,15:58:01.060,28.1000,100
57481060399156,15:58:01.060,28.1000,71
57481060982036,15:58:01.060,28.1000,100
57481060982036,15:58:01.060,28.1000,29
57481063325092,15:58:01.063,28.1100,145
57481063411609,15:58:01.063,28.1100,18
57481878615471,15:58:01.878,28.1200,50
57482862363265,15:58:02.862,28.1150,100
57482862363265,15:58:02.862,28.1100,98
57482862363265,15:58:02.862,28.1100,2
57483956261753,15:58:03.956,28.1150,1
57488959981080,15:58:08.959,28.1150,1
57490474426548,15:58:10.474,28.1150,100
57490474426548,15:58:10.474,28.1100,98
57490474426548,15:58:10.474,28.1100,25
57490474426548,15:58:10.474,28.1100,100
57490474426548,15:58:10.474,28.1100,40
57490474426548,15:58:10.474,28.1100,54
57490474454587,15:58:10.474,28.1100,346
57490474454587,15:58:10.474,28.1100,100
57490474454587,15:58:10.474,28.1100,15
57490474454587,15:58:10.474,28.1100,100
57490474454587,15:58:10.474,28.1100,100
57490474454587,15:58:10.474,28.1100,100
57490474454587,15:58:10.474,28.1100,200
57492687350064,15:58:12.687,28.1150,100
57492687350064,15:58:12.687,28.1100,83
57492687350064,15:58:12.687,28.1100,100
57492687350064,15:58:12.687,28.1100,145
57492687350064,15:58:12.687,28.1100,100
57492687350064,15:58:12.687,28.1100,72
57492687354322,15:58:12.687,28.1100,28
57492687354322,15:58:12.687,28.1100,100
57492687354322,15:58:12.687,28.1100,15
57492687354322,15:58:12.687,28.1100,53
57492687354322,15:58:12.687,28.1100,104
57492687467822,15:58:12.687,28.1100,96
57492738737627,15:58:12.738,28.1000,200
57495254283253,15:58:15.254,28.0950,100
57495254283253,15:58:15.254,28.0900,62
57498585789617,15:58:18.585,28.0950,100
57503408625246,15:58:23.408,28.0900,38
57503408625246,15:58:23.408,28.0900,100
57503408625246,15:58:23.408,28.0900,100
57503408736506,15:58:23.408,28.0800,28
57503468340268,15:58:23.468,28.0850,100
57504313773717,15:58:24.313,28.0850,15
57507366960072,15:58:27.366,28.0900,100
57507367515349,15:58:27.367,28.0900,100
57508360826057,15:58:28.360,28.1100,77
57508360826057,15:58:28.360,28.1000,23
57514012903925,15:58:34.012,28.1000,145
57514012903925,15:58:34.012,28.1000,100
57514012903925,15:58:34.012,28.1000,15
57514012903925,15:58:34.012,28.1000,100
57514012903925,15:58:34.012,28.1000,100
57514012903925,15:58:34.012,28.1000,100
57514012903925,15:58:34.012,28.1000,309
57514012903925,15:58:34.012,28.1000,77
57514012932230,15:58:34.012,28.1000,29
57514014073758,15:58:34.014,28.1000,94
57519844418811,15:58:39.844,28.0900,15
57525898253728,15:58:45.898,28.1000,100
57525978428396,15:58:45.978,28.1000,100
57526348011828,15:58:46.348,28.1000,100
57534804488763,15:58:54.804,28.1100,1
57534972623589,15:58:54.972,28.1100,7
57539454312488,15:58:59.454,28.1100,5
57539454358941,15:58:59.454,28.1100,287
57539454358941,15:58:59.454,28.1100,98
57539454358941,15:58:59.454,28.1100,100
57539454358941,15:58:59.454,28.1100,100
57539454358941,15:58:59.454,28.1100,100
57539454358941,15:58:59.454,28.1100,309
57539454358941,15:58:59.454,28.1100,100
57539454358941,15:58:59.454,28.1100,100
57539454358941,15:58:59.454,28.1100,52
57540926703087,15:59:00.926,28.1100,100
57540926703087,15:59:00.926,28.1100,102
57545104770137,15:59:05.104,28.1150,100
57545104770137,15:59:05.104,28.1200,100
57545106558838,15:59:05.106,28.1200,12
57545106558838,15:59:05.106,28.1200,100
57545154687514,15:59:05.154,28.1150,100
57545154687514,15:59:05.154,28.1200,100
57546560589225,15:59:06.560,28.1200,207
57546560589225,15:59:06.560,28.1200,145
57546560589225,15:59:06.560,28.1200,100
57547763767687,15:59:07.763,28.1300,87
57547765642451,15:59:07.765,28.1300,13
57550125588759,15:59:10.125,28.1400,200
57550125588759,15:59:10.125,28.1400,300
57550126887782,15:59:10.126,28.1200,309
57550126887782,15:59:10.126,28.1200,100
57550126887782,15:59:10.126,28.1200,145
57551148540037,15:59:11.148,28.1300,52
57551187460516,15:59:11.187,28.1300,52
57554337912477,15:59:14.337,28.1350,100
57554353112416,15:59:14.353,28.1350,29
57555002365972,15:59:15.002,28.1350,40
57555002628373,15:59:15.002,28.1350,71
57555050210284,15:59:15.050,28.1350,29
57555050210284,15:59:15.050,28.1350,100
57555050210284,15:59:15.050,28.1400,200
57555050210284,15:59:15.050,28.1400,371
57557043120818,15:59:17.043,28.1400,200
57560156460910,15:59:20.156,28.1450,100
57560156460910,15:59:20.156,28.1500,600
57560493663549,15:59:20.493,28.1600,9
57562192212445,15:59:22.192,28.1600,100
57562202406383,15:59:22.202,28.1600,91
57562202406383,15:59:22.202,28.1600,700
57562202406383,15:59:22.202,28.1600,100
57562202406383,15:59:22.202,28.1600,15
57562202406383,15:59:22.202,28.1600,100
57563886911083,15:59:23.886,28.1600,9
57565159915035,15:59:25.159,28.1600,11
57565195175787,15:59:25.195,28.1600,180
57565208141157,15:59:25.208,28.1700,400
57565208141157,15:59:25.208,28.1700,100
57565208141157,15:59:25.208,28.1700,300
57565218737872,15:59:25.218,28.1700,145
57565218737872,15:59:25.218,28.1700,300
57565218737872,15:59:25.218,28.1700,309
57566071307699,15:59:26.071,28.1700,99
57567049453753,15:59:27.049,28.1700,100
57567856174825,15:59:27.856,28.1700,9
57568107157999,15:59:28.107,28.1700,100
57568461007997,15:59:28.461,28.1700,91
57570211401160,15:59:30.211,28.1800,100
57570211401160,15:59:30.211,28.1800,400
57570226278263,15:59:30.226,28.1700,100
57571468727740,15:59:31.468,28.1700,11
57571470978107,15:59:31.470,28.1700,12
57571933515999,15:59:31.933,28.1700,6
57572050419467,15:59:32.050,28.1750,100
57572363834718,15:59:32.363,28.1750,100
57572370375287,15:59:32.370,28.1750,100
57573002487384,15:59:33.002,28.1800,300
57573002487384,15:59:33.002,28.1800,100
57573002931904,15:59:33.002,28.1800,600
57573002931904,15:59:33.002,28.1800,100
57573050709877,15:59:33.050,28.1800,1
57574051260123,15:59:34.051,28.1800,199
57574051260123,15:59:34.051,28.1800,100
57574051260123,15:59:34.051,28.1800,100
57574052312258,15:59:34.052,28.1800,9
57574052312258,15:59:34.052,28.1800,91
57575236682221,15:59:35.236,28.1800,200
57575236682221,15:59:35.236,28.1800,100
57575270565767,15:59:35.270,28.1800,56
57577135162933,15:59:37.135,28.1900,100
57577135162933,15:59:37.135,28.1900,100
57580274417068,15:59:40.274,28.1900,100
57580274417068,15:59:40.274,28.1900,100
57580311539181,15:59:40.311,28.2000,200
57580311539181,15:59:40.311,28.2000,100
57580311971330,15:59:40.311,28.1900,9
57580517199058,15:59:40.517,28.1850,100
57580643005706,15:59:40.643,28.1900,191
57581247294495,15:59:41.247,28.2000,100
57582017952063,15:59:42.017,28.1950,100
57582632942446,15:59:42.632,28.1900,1
57583796378973,15:59:43.796,28.1900,3
57585056985053,15:59:45.056,28.2000,500
57585056985053,15:59:45.056,28.2000,200
57585781637332,15:59:45.781,28.1900,5
57585781637332,15:59:45.781,28.1900,44
57587054189998,15:59:47.054,28.2000,100
57587098348072,15:59:47.098,28.2000,800
57587098348072,15:59:47.098,28.2000,100
57587111501961,15:59:47.111,28.2000,100
57587115759841,15:59:47.115,28.2000,100
57588017703445,15:59:48.017,28.2000,200
57588017703445,15:59:48.017,28.2000,100
57588487169962,15:59:48.487,28.1900,56
57588487169962,15:59:48.487,28.1900,244
57588493254626,15:59:48.493,28.2000,100
57588493254626,15:59:48.493,28.2000,100
57589024730208,15:59:49.024,28.2000,8
57590007835370,15:59:50.007,28.2000,92
57590007835370,15:59:50.007,28.2000,208
57590195915421,15:59:50.195,28.1900,18
57590195984236,15:59:50.195,28.1900,47
57590195984236,15:59:50.195,28.1900,89
57590195984236,15:59:50.195,28.1900,116
57590195984236,15:59:50.195,28.1900,100
57590515078806,15:59:50.515,28.1800,9
57592071701330,15:59:52.071,28.1900,3
57592092139386,15:59:52.092,28.1900,100
57593800126138,15:59:53.800,28.2000,200
57593800126138,15:59:53.800,28.2000,100
57594005401752,15:59:54.005,28.2000,69
57594049808530,15:59:54.049,28.2000,144
57594072660956,15:59:54.072,28.2000,100
57594080516003,15:59:54.080,28.2000,100
57594088875887,15:59:54.088,28.2000,100
57594098533119,15:59:54.098,28.2000,100
57595747597951,15:59:55.747,28.2000,50
57595798210751,15:59:55.798,28.2000,300
57595822994930,15:59:55.822,28.2000,3
57595823284918,15:59:55.823,28.2000,234
57596804604537,15:59:56.804,28.2000,100
57596804604537,15:59:56.804,28.2000,200
57597061808940,15:59:57.061,28.2000,200
57597080279269,15:59:57.080,28.2000,100
57597080279269,15:59:57.080,28.2000,300
57597080279269,15:59:57.080,28.2000,200
57597129473585,15:59:57.129,28.2000,200
57597598215069,15:59:57.598,28.2000,200
57597798235179,15:59:57.798,28.2000,100
57597798235179,15:59:57.798,28.2100,200
57598041598081,15:59:58.041,28.2100,200
57598082843310,15:59:58.082,28.2100,62
57598400149891,15:59:58.400,28.2100,200
57598600522663,15:59:58.600,28.2100,200
57598799354241,15:59:58.799,28.2000,200
57599005269999,15:59:59.005,28.2000,200
57599202416741,15:59:59.202,28.2000,200
57599401390774,15:59:59.401,28.2000,200
57599600715021,15:59:59.600,28.2000,100
57599601847861,15:59:59.601,28.1900,100
57599601989640,15:59:59.601,28.1900,100
57599602105318,15:59:59.602,28.2000,100
57599602949456,15:59:59.602,28.1900,100
57599602963457,15:59:59.602,28.1900,100
57599603121221,15:59:59.603,28.2000,100
57599700094697,15:59:59.700,28.2000,9
57599902175547,15:59:59.902,28.2000,200
57600201202442,16:00:00.201,28.2000,63818
