timestamp,time,price,volume
34200004451784,09:30:00.004,62.4000,289
34745051958228,09:39:05.051,62.2000,3
35063339099414,09:44:23.339,62.0000,100
35907627759805,09:58:27.627,62.0300,100
35940086397422,09:59:00.086,62.3800,31
35965824892683,09:59:25.824,62.0200,100
36013715632088,10:00:13.715,62.0200,37
36013715632088,10:00:13.715,62.0200,100
36636723663286,10:10:36.723,61.6300,100
37244620803595,10:20:44.620,61.7000,10
37258605763577,10:20:58.605,61.7500,10
37266480446623,10:21:06.480,61.8700,100
37266480446623,10:21:06.480,61.8700,2
37266480446623,10:21:06.480,61.8700,1
37282870443713,10:21:22.870,61.7700,40
37302637253109,10:21:42.637,61.8000,2
37302950453478,10:21:42.950,61.7100,10
37312614415358,10:21:52.614,61.7800,10
37315738551998,10:21:55.738,61.7800,90
37321803344988,10:22:01.803,61.7800,1
37328050116843,10:22:08.050,61.7200,10
37346038896741,10:22:26.038,61.8500,100
37370094000465,10:22:50.094,61.9000,3
37370094000465,10:22:50.094,62.1000,197
37370094025824,10:22:50.094,62.1000,3
37372479743336,10:22:52.479,62.1000,10
37397190774383,10:23:17.190,62.0400,67
37397190800003,10:23:17.190,62.0400,33
37426509918897,10:23:46.509,62.0400,11
37428841184562,10:23:48.841,62.0400,10
37458242038453,10:24:18.242,61.9800,100
37597467427969,10:26:37.467,62.0800,29
37597467453040,10:26:37.467,62.0800,6
38343928211256,10:39:03.928,62.3400,100
38505476240590,10:41:45.476,62.4700,4
39723917026270,11:02:03.917,62.4700,47
39723917026270,11:02:03.917,62.4700,1
39723917026270,11:02:03.917,62.4700,1
39723917026270,11:02:03.917,62.4700,1
39723917026270,11:02:03.917,62.4700,1
39723917026270,11:02:03.917,62.4700,1
39723917026270,11:02:03.917,62.4700,1
40065238103623,11:07:45.238,62.4500,42
40065238126012,11:07:45.238,62.4200,30
40363936995432,11:12:43.936,62.3100,61
41293071019919,11:28:13.071,62.3500,10
41299758316128,11:28:19.758,62.3500,90
41299758316128,11:28:19.758,62.3500,3
41299759787269,11:28:19.759,62.3200,30
41299760857080,11:28:19.760,62.3100,39
41303636194617,11:28:23.636,62.1900,10
41310983929585,11:28:30.983,62.1100,10
41329284586787,11:28:49.284,62.3200,100
41329284586787,11:28:49.284,62.3200,100
41329284586787,11:28:49.284,62.3200,3
41329284586787,11:28:49.284,62.3200,100
41329284844245,11:28:49.284,62.3300,100
41346702033725,11:29:06.702,62.5100,10
41348605402350,11:29:08.605,62.5200,100
41348605402350,11:29:08.605,62.5200,1
41348605402350,11:29:08.605,62.5200,3
41367524145221,11:29:27.524,62.5500,4
41367524145221,11:29:27.524,62.5500,2
41367524203876,11:29:27.524,62.5500,4
41367524428052,11:29:27.524,62.4900,29
41373931827261,11:29:33.931,62.5500,3
41373931943278,11:29:33.931,62.5500,7
41506163836250,11:31:46.163,62.5500,1
41532488843761,11:32:12.488,62.5500,4
41532488843761,11:32:12.488,62.5500,1
41532488843761,11:32:12.488,62.5500,1
42697794817579,11:51:37.794,62.6000,8
43221445129507,12:00:21.445,62.6000,100
43221445129507,12:00:21.445,62.5900,104
43221445157604,12:00:21.445,62.5900,86
43221445157604,12:00:21.445,62.5900,2
43221445157604,12:00:21.445,62.5900,12
43221445392420,12:00:21.445,62.5800,100
43221448890069,12:00:21.448,62.5800,2
44207482518067,12:16:47.482,62.6500,3
44207482518067,12:16:47.482,62.6500,10
44207482518067,12:16:47.482,62.6500,1
44207482518067,12:16:47.482,62.6500,1
44207482661141,12:16:47.482,62.6600,100
44207482661141,12:16:47.482,62.6600,2
44280501422254,12:18:00.501,62.7600,1
44280501422254,12:18:00.501,62.7600,5
45039307545069,12:30:39.307,62.9100,9
45321024105819,12:35:21.024,62.6400,100
45321024105819,12:35:21.024,62.6300,100
45321024105819,12:35:21.024,62.6300,1
45321024133349,12:35:21.024,62.6300,100
45321024134572,12:35:21.024,62.6300,100
45321024561376,12:35:21.024,62.6200,100
45334903974754,12:35:34.903,62.4600,2
45384561344043,12:36:24.561,62.4600,97
45384561371725,12:36:24.561,62.4600,1
45384561371725,12:36:24.561,62.4600,2
45384561371725,12:36:24.561,62.4600,1
45384562257816,12:36:24.562,62.4300,100
45391790163469,12:36:31.790,62.2500,100
45395014351563,12:36:35.014,62.3900,31
45409923269400,12:36:49.923,62.3900,1
45409923269400,12:36:49.923,62.3900,1
45409923269400,12:36:49.923,62.3900,80
45409923328759,12:36:49.923,62.3900,20
45409923328759,12:36:49.923,62.3900,1
45465811028535,12:37:45.811,62.6400,6
45486230176310,12:38:06.230,62.6200,1
45518059472725,12:38:38.059,62.6200,2
45570945671481,12:39:30.945,62.5600,25
45570951558474,12:39:30.951,62.6600,2
45570954261936,12:39:30.954,62.6900,1
45570954540836,12:39:30.954,62.6600,1
45615799832408,12:40:15.799,62.6800,8
45690112070763,12:41:30.112,62.5800,1
45725547207329,12:42:05.547,62.5900,1
45725547207329,12:42:05.547,62.5800,49
46148300866648,12:49:08.300,62.7000,10
46148300866648,12:49:08.300,62.7000,3
46148300866648,12:49:08.300,62.7000,1
46540659858499,12:55:40.659,62.6400,5
46540659858499,12:55:40.659,62.6300,95
46540659967889,12:55:40.659,62.6300,5
46540659967889,12:55:40.659,62.6300,3
46540659967889,12:55:40.659,62.6300,20
46540660131622,12:55:40.660,62.5700,100
46540660131622,12:55:40.660,62.5600,46
46540660134315,12:55:40.660,62.5600,29
46540660435438,12:55:40.660,62.5600,100
46540662057518,12:55:40.662,62.6200,1
48213188248569,13:23:33.188,62.4900,2
48213188373841,13:23:33.188,62.6800,100
48262129977536,13:24:22.129,62.5000,100
48262223847566,13:24:22.223,62.5000,100
48665685821157,13:31:05.685,62.5200,2
48665685821157,13:31:05.685,62.5200,3
48667577958814,13:31:07.577,62.6700,5
48875329930344,13:34:35.329,62.6400,100
49018744991131,13:36:58.744,62.6600,100
49018745017202,13:36:58.745,62.6600,100
49018745017202,13:36:58.745,62.6600,10
49018745017202,13:36:58.745,62.6600,100
49018745017202,13:36:58.745,62.6600,98
49018745025886,13:36:58.745,62.6600,2
49018745079179,13:36:58.745,62.6700,78
49018745113003,13:36:58.745,62.6700,2
49018745144205,13:36:58.745,62.6700,20
49018745177888,13:36:58.745,62.6800,62
49018745201037,13:36:58.745,62.6800,18
49018745232890,13:36:58.745,62.6800,2
49018745264997,13:36:58.745,62.6800,16
49018745279903,13:36:58.745,62.6800,2
49018745318303,13:36:58.745,62.7100,1
49018745603660,13:36:58.745,62.6900,80
49018745793367,13:36:58.745,62.6900,20
49153906513539,13:39:13.906,62.6700,100
49153906703942,13:39:13.906,62.6700,4
49153906703942,13:39:13.906,62.6700,20
49638516962699,13:47:18.516,62.7200,3
49911447628701,13:51:51.447,62.7100,2
50003370996331,13:53:23.370,62.7200,9
50380155988491,13:59:40.155,62.7100,16
50405782565091,14:00:05.782,62.7200,2
50408323177864,14:00:08.323,62.7200,2
50409461731107,14:00:09.461,62.7200,87
50409461731107,14:00:09.461,62.7300,23
50409462216777,14:00:09.462,62.7300,77
50409462216777,14:00:09.462,62.7300,23
50608935853634,14:03:28.935,62.8500,72
50652627975724,14:04:12.627,62.9800,100
50652630667369,14:04:12.630,62.9900,100
50652635530682,14:04:12.635,62.9900,79
50652635591314,14:04:12.635,62.9900,21
51324434282089,14:15:24.434,63.2100,8
51400420459502,14:16:40.420,63.2100,92
51400420459502,14:16:40.420,63.2100,8
51638769915618,14:20:38.769,63.2000,100
51696046825625,14:21:36.046,63.2100,2
51696046825625,14:21:36.046,63.2100,98
51697453551427,14:21:37.453,63.2300,100
51697453851002,14:21:37.453,63.2400,1
52160452996607,14:29:20.452,63.2400,4
52160453022943,14:29:20.453,63.2400,177
52160453022943,14:29:20.453,63.2400,100
52160453022943,14:29:20.453,63.2400,100
52160453022943,14:29:20.453,63.2400,3
52160453089687,14:29:20.453,63.2400,86
53228260334897,14:47:08.260,63.3200,1
53228260343223,14:47:08.260,63.3400,97
53228260455138,14:47:08.260,63.3400,3
53228260455138,14:47:08.260,63.3400,97
53228260480505,14:47:08.260,63.3400,3
53236884635531,14:47:16.884,63.4500,15
53465805389983,14:51:05.805,63.3300,100
53697794393169,14:54:57.794,63.4600,28
53727531377481,14:55:27.531,63.2500,48
53939504642649,14:58:59.504,63.5700,2
53939506361198,14:58:59.506,63.5700,3
54261500573417,15:04:21.500,63.3700,92
54261500644594,15:04:21.500,63.3700,8
54261500644594,15:04:21.500,63.3600,92
54261500725919,15:04:21.500,63.3600,8
54261500725919,15:04:21.500,63.3600,100
54261500725919,15:04:21.500,63.3500,84
54261500787089,15:04:21.500,63.3500,5
54261501070122,15:04:21.501,63.3500,2
54261501341372,15:04:21.501,63.3500,7
54261501428337,15:04:21.501,63.3500,2
54859105792140,15:14:19.105,63.1500,10
54894852532524,15:14:54.852,63.2800,3
54948001786899,15:15:48.001,63.2900,100
54948001867876,15:15:48.001,63.2900,72
54948001867876,15:15:48.001,63.2900,2
54948002359895,15:15:48.002,63.3000,100
54948002359895,15:15:48.002,63.3000,10
54948011911131,15:15:48.011,63.3000,100
54982924989612,15:16:22.924,63.3400,5
54993364088227,15:16:33.364,63.2400,5
55325356030859,15:22:05.356,63.2400,14
55328815953449,15:22:08.815,63.2100,30
55328815953449,15:22:08.815,63.2100,5
55621532349463,15:27:01.532,63.3000,9
55667223642215,15:27:47.223,63.3000,2
55684723013103,15:28:04.723,63.2900,50
55696813552744,15:28:16.813,63.2500,69
55720100163135,15:28:40.100,63.3100,100
55763012026828,15:29:23.012,63.2600,8
55763012026828,15:29:23.012,63.2500,31
55763012026828,15:29:23.012,63.2500,61
55763012099396,15:29:23.012,63.2500,39
55763033198806,15:29:23.033,63.2500,100
55763054743384,15:29:23.054,63.2500,100
55763054743384,15:29:23.054,63.2500,165
55763054753526,15:29:23.054,63.2500,100
55781693344046,15:29:41.693,63.2800,100
55781693369335,15:29:41.693,63.2800,100
55794531825880,15:29:54.531,63.3200,1
55794531825880,15:29:54.531,63.3200,1
55794531851224,15:29:54.531,63.3200,99
55820532350023,15:30:20.532,63.3300,5
55820532425685,15:30:20.532,63.3300,95
55820532425685,15:30:20.532,63.3300,100
55820532425685,15:30:20.532,63.3500,100
55820532425685,15:30:20.532,63.3500,5
55820533824929,15:30:20.533,63.3500,95
55820533824929,15:30:20.533,63.3500,5
55820533855330,15:30:20.533,63.3500,95
55825594105024,15:30:25.594,63.3800,100
55885814603979,15:31:25.814,63.4300,33
55885814603979,15:31:25.814,63.4200,67
55885815046870,15:31:25.815,63.4200,7
55885815072912,15:31:25.815,63.4200,26
56019539904160,15:33:39.539,63.5100,2
56266574991911,15:37:46.574,63.4700,2
56266603817075,15:37:46.603,63.3900,14
56292610758175,15:38:12.610,63.3800,8
56391650269401,15:39:51.650,63.3800,11
56468474078849,15:41:08.474,63.3900,47
56468474078849,15:41:08.474,63.3600,2
56468474106459,15:41:08.474,63.3600,25
56468474109803,15:41:08.474,63.3600,73
56566043163503,15:42:46.043,63.4000,10
56572455936194,15:42:52.455,63.3600,1
56607319570203,15:43:27.319,63.4100,40
56607377467936,15:43:27.377,63.4100,1
56615068962688,15:43:35.068,63.4100,12
56620800412699,15:43:40.800,63.4100,47
56620800412699,15:43:40.800,63.4100,53
56629334751050,15:43:49.334,63.4100,50
56636915244608,15:43:56.915,63.4100,7
56636915244608,15:43:56.915,63.4100,93
56636915344728,15:43:56.915,63.4100,4
56636915482370,15:43:56.915,63.4100,3
56645126346577,15:44:05.126,63.4000,19
56656825189782,15:44:16.825,63.3900,12
56656825215746,15:44:16.825,63.3900,7
56812396662256,15:46:52.396,63.4800,2
56859612749691,15:47:39.612,63.4500,2
56932373394599,15:48:52.373,63.3700,22
56998074189138,15:49:58.074,63.4100,3
57061560876729,15:51:01.560,63.4100,100
57086198355783,15:51:26.198,63.4100,1
57139622001234,15:52:19.622,63.4200,5
57150150750243,15:52:30.150,63.3600,100
57150152292068,15:52:30.152,63.3500,20
57150152751124,15:52:30.152,63.3500,12
57150152751124,15:52:30.152,63.3300,8
57150238452250,15:52:30.238,63.3300,28
57150239271417,15:52:30.239,63.3300,28
57214648810863,15:53:34.648,63.3700,100
57234070728130,15:53:54.070,63.3600,3
57234070807148,15:53:54.070,63.3600,93
57234070807148,15:53:54.070,63.3600,3
57248273692454,15:54:08.273,63.3700,84
57271000699830,15:54:31.000,63.4100,1
57299353956470,15:54:59.353,63.4100,3
57300030531159,15:55:00.030,63.4100,97
57300030531159,15:55:00.030,63.4100,3
57433836416201,15:57:13.836,63.4900,2
57433838246359,15:57:13.838,63.4900,3
57486443795420,15:58:06.443,63.4900,95
57486443795420,15:58:06.443,63.4900,5
57498836534742,15:58:18.836,63.4900,5
57540448187953,15:59:00.448,63.5000,1
57543838500781,15:59:03.838,63.5000,5
57543851051261,15:59:03.851,63.5000,94
57543851051261,15:59:03.851,63.5000,62
57547840274662,15:59:07.840,63.5000,6
57549248654566,15:59:09.248,63.5000,1
57551763561367,15:59:11.763,63.5000,9
57551763561367,15:59:11.763,63.5000,91
57566848074430,15:59:26.848,63.5000,1
57566848100779,15:59:26.848,63.5000,8
57566848100779,15:59:26.848,63.5000,100
57566848100779,15:59:26.848,63.5000,100
57570283492394,15:59:30.283,63.5500,10
57570283492394,15:59:30.283,63.5500,100
57570283492394,15:59:30.283,63.5500,1
57570283492394,15:59:30.283,63.5600,16
57572850882429,15:59:32.850,63.5600,7
57575649341979,15:59:35.649,63.5500,1
57585141039536,15:59:45.141,63.5000,1
57585141039536,15:59:45.141,63.5000,3
57585143742823,15:59:45.143,63.4900,4
57585143822472,15:59:45.143,63.4900,96
57585143822472,15:59:45.143,63.4900,19
57585144185022,15:59:45.144,63.4900,19
57585144211188,15:59:45.144,63.4900,19
57585144248221,15:59:45.144,63.4900,67
57585144248221,15:59:45.144,63.4900,7
57595059552158,15:59:55.059,63.5500,3
57595059552158,15:59:55.059,63.5500,9
57600748532372,16:00:00.748,63.5500,9701
