timestamp,time,price,volume
34185006337438,09:29:45.006,14.7900,70
34198120155934,09:29:58.120,14.8600,200
34200841538293,09:30:00.841,0.0000,0
34209290749148,09:30:09.290,14.7800,100
34209290749148,09:30:09.290,14.7800,100
34226538671395,09:30:26.538,14.7800,100
34229872716713,09:30:29.872,14.7900,100
34229872716713,09:30:29.872,14.7900,100
34240205214077,09:30:40.205,14.7700,100
34253757672042,09:30:53.757,14.7500,100
34253757672042,09:30:53.757,14.7500,100
34253757719096,09:30:53.757,14.7500,100
34253757719096,09:30:53.757,14.7500,100
34260781540628,09:31:00.781,14.7500,100
34261555575997,09:31:01.555,14.7400,100
34266351095371,09:31:06.351,14.7500,100
34281524292932,09:31:21.524,14.7300,100
34291004457291,09:31:31.004,14.7300,100
34320218604784,09:32:00.218,14.7400,100
34325025229874,09:32:05.025,14.7300,100
34325025229874,09:32:05.025,14.7300,100
34337545321132,09:32:17.545,14.7300,100
34337546077382,09:32:17.546,14.7200,100
34337546077382,09:32:17.546,14.7200,100
34337546077382,09:32:17.546,14.7200,100
34337548260690,09:32:17.548,14.7200,200
34337548260690,09:32:17.548,14.7200,100
34337548260690,09:32:17.548,14.7200,39
34337548262432,09:32:17.548,14.7200,61
34337548262432,09:32:17.548,14.7200,59
34337548408771,09:32:17.548,14.7200,41
34337558002088,09:32:17.558,14.7200,100
34337558002088,09:32:17.558,14.7200,100
34337558002088,09:32:17.558,14.7200,100
34337558002088,09:32:17.558,14.7200,100
34337598212531,09:32:17.598,14.7200,100
34337598212531,09:32:17.598,14.7200,100
34337599351305,09:32:17.599,14.7200,100
34337599351305,09:32:17.599,14.7200,100
34337599351305,09:32:17.599,14.7200,100
34337599351305,09:32:17.599,14.7200,100
34337599351305,09:32:17.599,14.7200,100
34345036713113,09:32:25.036,14.7000,100
34345036713113,09:32:25.036,14.7000,72
34345036718053,09:32:25.036,14.7000,28
34353207332135,09:32:33.207,14.7100,100
34353207332135,09:32:33.207,14.7100,200
34353207442772,09:32:33.207,14.7100,100
34353207466580,09:32:33.207,14.7100,100
34353207466580,09:32:33.207,14.7100,100
34353207481864,09:32:33.207,14.7100,100
34353207628956,09:32:33.207,14.7100,100
34353207628956,09:32:33.207,14.7100,100
34353207628956,09:32:33.207,14.7100,100
34353207628956,09:32:33.207,14.7100,100
34353207628956,09:32:33.207,14.7100,100
34353207961807,09:32:33.207,14.7100,200
34353207961807,09:32:33.207,14.7100,100
34353211825487,09:32:33.211,14.7100,100
34353211825487,09:32:33.211,14.7100,100
34353211825487,09:32:33.211,14.7100,100
34353211825487,09:32:33.211,14.7100,100
34353263530561,09:32:33.263,14.7100,100
34353265907865,09:32:33.265,14.7100,100
34353265907865,09:32:33.265,14.7100,18
34353265907865,09:32:33.265,14.7100,25
34353265907865,09:32:33.265,14.7100,100
34353265907865,09:32:33.265,14.7100,100
34353959024199,09:32:33.959,14.7150,400
34359534443477,09:32:39.534,14.7100,100
34359540839776,09:32:39.540,14.7000,100
34359540839776,09:32:39.540,14.7000,100
34359540839776,09:32:39.540,14.7000,100
34367610511879,09:32:47.610,14.7000,300
34367610511879,09:32:47.610,14.7000,100
34392003373512,09:33:12.003,14.7200,100
34392003373512,09:33:12.003,14.7200,100
34395022695284,09:33:15.022,14.7300,100
34395022695284,09:33:15.022,14.7300,100
34397763446298,09:33:17.763,14.7200,100
34397763446298,09:33:17.763,14.7200,500
34406881993985,09:33:26.881,14.7100,100
34406881993985,09:33:26.881,14.7100,304
34442297027827,09:34:02.297,14.6900,100
34455031013272,09:34:15.031,14.7000,100
34474071282101,09:34:34.071,14.7300,100
34486596840682,09:34:46.596,14.7300,100
34486597501918,09:34:46.597,14.7300,56
34486597596868,09:34:46.597,14.7300,19
34486597596868,09:34:46.597,14.7300,100
34486597596868,09:34:46.597,14.7300,100
34501646805120,09:35:01.646,14.7300,100
34501646805120,09:35:01.646,14.7300,100
34501646805120,09:35:01.646,14.7300,50
34520363904639,09:35:20.363,14.7500,100
34520363904639,09:35:20.363,14.7500,1100
34520364221391,09:35:20.364,14.7500,100
34520364221391,09:35:20.364,14.7500,100
34520364221391,09:35:20.364,14.7500,100
34520369133045,09:35:20.369,14.7500,100
34520446624010,09:35:20.446,14.7500,100
34520446624010,09:35:20.446,14.7500,78
34520446624010,09:35:20.446,14.7500,100
34520446624010,09:35:20.446,14.7500,100
34520446624010,09:35:20.446,14.7500,100
34520446624010,09:35:20.446,14.7500,100
34520446624010,09:35:20.446,14.7500,100
34520446624010,09:35:20.446,14.7500,2922
34520448637757,09:35:20.448,14.7500,100
34520448637757,09:35:20.448,14.7500,6288
34533559398605,09:35:33.559,14.7600,100
34533559398605,09:35:33.559,14.7600,100
34533559398605,09:35:33.559,14.7600,100
34535749902133,09:35:35.749,14.7600,100
34535749902133,09:35:35.749,14.7600,75
34535749902133,09:35:35.749,14.7600,200
34535749902133,09:35:35.749,14.7600,100
34535749902133,09:35:35.749,14.7600,100
34535749902133,09:35:35.749,14.7600,41
34535753005856,09:35:35.753,14.7600,100
34537200024363,09:35:37.200,14.7600,100
34537200024363,09:35:37.200,14.7600,41
34537200024363,09:35:37.200,14.7600,100
34537200024363,09:35:37.200,14.7600,100
34539308974704,09:35:39.308,14.7700,100
34539308974704,09:35:39.308,14.7700,100
34539309070833,09:35:39.309,14.7700,41
34541758702472,09:35:41.758,14.7700,100
34541760462676,09:35:41.760,14.7700,100
34541760462676,09:35:41.760,14.7700,200
34541760462676,09:35:41.760,14.7700,100
34541760462676,09:35:41.760,14.7700,100
34541760462676,09:35:41.760,14.7700,100
34541760517255,09:35:41.760,14.7700,100
34542237968566,09:35:42.237,14.7700,100
34542237968566,09:35:42.237,14.7700,100
34543404546583,09:35:43.404,14.7700,41
34543404546583,09:35:43.404,14.7700,100
34543404546583,09:35:43.404,14.7700,74
34543701869772,09:35:43.701,14.7700,41
34544017539917,09:35:44.017,14.7700,100
34545513828804,09:35:45.513,14.7700,25
34547317152234,09:35:47.317,14.7600,100
34547317152234,09:35:47.317,14.7600,100
34551856373551,09:35:51.856,14.7600,100
34551856373551,09:35:51.856,14.7600,100
34551856373551,09:35:51.856,14.7600,100
34551856373551,09:35:51.856,14.7600,100
34551856373551,09:35:51.856,14.7600,200
34551856373551,09:35:51.856,14.7600,100
34551856929265,09:35:51.856,14.7600,100
34559477048888,09:35:59.477,14.7650,400
34575278258597,09:36:15.278,14.7700,300
34575278258597,09:36:15.278,14.7700,100
34575279129129,09:36:15.279,14.7700,100
34575279129129,09:36:15.279,14.7700,200
34575279129129,09:36:15.279,14.7700,81
34575279129129,09:36:15.279,14.7700,100
34575279129129,09:36:15.279,14.7700,100
34575280678617,09:36:15.280,14.7600,400
34575280678617,09:36:15.280,14.7600,100
34575280678617,09:36:15.280,14.7600,100
34576654182006,09:36:16.654,14.7500,100
34576654182006,09:36:16.654,14.7500,100
34576654284238,09:36:16.654,14.7500,200
34576654304087,09:36:16.654,14.7500,100
34576654315473,09:36:16.654,14.7500,100
34576654315473,09:36:16.654,14.7500,200
34576654315473,09:36:16.654,14.7500,58
34576654348562,09:36:16.654,14.7500,17
34576654348562,09:36:16.654,14.7500,83
34576654390631,09:36:16.654,14.7500,100
34576654406613,09:36:16.654,14.7500,17
34576654406613,09:36:16.654,14.7500,83
34576654433667,09:36:16.654,14.7500,17
34576654699182,09:36:16.654,14.7500,100
34576655721574,09:36:16.655,14.7500,100
34584595005050,09:36:24.595,14.7500,56
34590408367057,09:36:30.408,14.7500,100
34590408367057,09:36:30.408,14.7500,100
34595018588617,09:36:35.018,14.7500,200
34595018588617,09:36:35.018,14.7500,100
34595018588617,09:36:35.018,14.7500,100
34595018588617,09:36:35.018,14.7500,100
34612260796596,09:36:52.260,14.7500,100
34612327053462,09:36:52.327,14.7600,100
34628933420577,09:37:08.933,14.7700,100
34631341564496,09:37:11.341,14.7800,100
34632632523227,09:37:12.632,14.7800,100
34632650287612,09:37:12.650,14.7800,100
34637456745274,09:37:17.456,14.7800,100
34637456745274,09:37:17.456,14.7800,200
34650647327702,09:37:30.647,14.7800,100
34650647327702,09:37:30.647,14.7800,100
34650663324396,09:37:30.663,14.7850,100
34664889343526,09:37:44.889,14.7800,100
34664889343526,09:37:44.889,14.7800,45
34670182148235,09:37:50.182,14.7700,600
34680574806138,09:38:00.574,14.7700,265
34680574806138,09:38:00.574,14.7700,35
34680574836254,09:38:00.574,14.7700,65
34685846925764,09:38:05.846,14.7800,100
34685846954957,09:38:05.846,14.7800,100
34685846954957,09:38:05.846,14.7800,100
34685846954957,09:38:05.846,14.7800,100
34685854673605,09:38:05.854,14.7900,400
34685860031877,09:38:05.860,14.7900,100
34694898119180,09:38:14.898,14.8000,100
34695205770672,09:38:15.205,14.8000,200
34695205770672,09:38:15.205,14.8000,100
34698939978041,09:38:18.939,14.8200,100
34705619094961,09:38:25.619,14.8200,15
34705619094961,09:38:25.619,14.8200,100
34705750660192,09:38:25.750,14.8250,100
34712996500315,09:38:32.996,14.8300,100
34719994837727,09:38:39.994,14.8300,15
34719994837727,09:38:39.994,14.8300,85
34719994841902,09:38:39.994,14.8300,100
34719994853644,09:38:39.994,14.8300,15
34719994853644,09:38:39.994,14.8300,100
34720002493272,09:38:40.002,14.8350,100
34735068813288,09:38:55.068,14.8400,15
34735068813288,09:38:55.068,14.8400,100
34740894737631,09:39:00.894,14.8550,100
34741125407790,09:39:01.125,14.8500,100
34741125407790,09:39:01.125,14.8500,76
34741125407790,09:39:01.125,14.8500,24
34741125439479,09:39:01.125,14.8500,76
34749841630248,09:39:09.841,14.8400,100
34749841630248,09:39:09.841,14.8400,100
34755746333621,09:39:15.746,14.8400,600
34755746333621,09:39:15.746,14.8400,100
34755746333621,09:39:15.746,14.8400,200
34755746333621,09:39:15.746,14.8400,100
34755746333621,09:39:15.746,14.8400,77
34755746333621,09:39:15.746,14.8400,100
34755746333621,09:39:15.746,14.8400,23
34755746368759,09:39:15.746,14.8400,77
34755811358109,09:39:15.811,14.8500,100
34755814085614,09:39:15.814,14.8500,80
34756204427468,09:39:16.204,14.8500,200
34771011228068,09:39:31.011,14.8400,300
34797413287242,09:39:57.413,14.8200,30
34797413301863,09:39:57.413,14.8200,85
34797413301863,09:39:57.413,14.8200,400
34797413301863,09:39:57.413,14.8200,100
34850680874903,09:40:50.680,14.8200,100
34864307201948,09:41:04.307,14.8300,100
34892841380408,09:41:32.841,14.8200,593
34892842059249,09:41:32.842,14.8100,70
34892842087975,09:41:32.842,14.8100,30
34892842087975,09:41:32.842,14.8100,100
34892842087975,09:41:32.842,14.8100,100
34892842087975,09:41:32.842,14.8100,100
34892842087975,09:41:32.842,14.8100,100
34892876176283,09:41:32.876,14.8100,100
34894254607894,09:41:34.254,14.8100,100
34894254607894,09:41:34.254,14.8100,70
34899449454046,09:41:39.449,14.8100,100
34902891274161,09:41:42.891,14.8000,100
34927528844619,09:42:07.528,14.7900,100
34927528844619,09:42:07.528,14.7900,100
34934314702318,09:42:14.314,14.7850,100
34936198725109,09:42:16.198,14.7900,100
34950888845508,09:42:30.888,14.7900,22
34967893728933,09:42:47.893,14.8000,9
34976512809569,09:42:56.512,14.7900,100
34980819120987,09:43:00.819,14.7900,100
34988015775875,09:43:08.015,14.7900,100
34988015775875,09:43:08.015,14.7900,100
34988015775875,09:43:08.015,14.7900,66
34988015775875,09:43:08.015,14.7900,100
35013356418524,09:43:33.356,14.7750,100
35032011156450,09:43:52.011,14.7900,27
35032011183846,09:43:52.011,14.7900,33
35060566769428,09:44:20.566,14.8000,100
35060566769428,09:44:20.566,14.8000,100
35060566769428,09:44:20.566,14.8000,100
35074471874088,09:44:34.471,14.7900,300
35074471874088,09:44:34.471,14.7900,100
35074471874088,09:44:34.471,14.7900,100
35074471874088,09:44:34.471,14.7900,100
35074471874088,09:44:34.471,14.7900,100
35074471874088,09:44:34.471,14.7900,33
35074471874088,09:44:34.471,14.7900,100
35074471874088,09:44:34.471,14.7900,83
35074471874088,09:44:34.471,14.7900,100
35074476040023,09:44:34.476,14.7800,100
35076399171541,09:44:36.399,14.7800,41
35081078109161,09:44:41.078,14.7800,100
35081078109161,09:44:41.078,14.7800,100
35081078109161,09:44:41.078,14.7900,100
35081078109161,09:44:41.078,14.7900,100
35081078109161,09:44:41.078,14.7900,100
35081078109161,09:44:41.078,14.7900,100
35081078109161,09:44:41.078,14.7900,100
35081078109161,09:44:41.078,14.7900,1000
35081079956157,09:44:41.079,14.7900,100
35081089139958,09:44:41.089,14.7900,100
35081089139958,09:44:41.089,14.7900,100
35081089550246,09:44:41.089,14.7900,100
35081089598247,09:44:41.089,14.7900,79
35081089598247,09:44:41.089,14.7900,21
35116544269771,09:45:16.544,14.8100,100
35116544269771,09:45:16.544,14.8100,100
35116544269771,09:45:16.544,14.8100,46
35169854555340,09:46:09.854,14.8300,200
35169854555340,09:46:09.854,14.8300,200
35191754907297,09:46:31.754,14.8400,500
35193007287665,09:46:33.007,14.8400,200
35214125740452,09:46:54.125,14.8400,100
35214674791828,09:46:54.674,14.8400,100
35233002316587,09:47:13.002,14.8400,100
35233002316587,09:47:13.002,14.8400,200
35233002316587,09:47:13.002,14.8400,100
35234009576970,09:47:14.009,14.8500,100
35234009576970,09:47:14.009,14.8500,200
35252267085535,09:47:32.267,14.8500,100
35252267085535,09:47:32.267,14.8500,200
35252267085535,09:47:32.267,14.8500,100
35252267222192,09:47:32.267,14.8500,100
35261808509705,09:47:41.808,14.8400,100
35261808509705,09:47:41.808,14.8400,18
35261808586770,09:47:41.808,14.8400,182
35261814105880,09:47:41.814,14.8400,86
35261814105880,09:47:41.814,14.8400,78
35261814196459,09:47:41.814,14.8400,100
35261814293321,09:47:41.814,14.8400,100
35285725992933,09:48:05.725,14.8400,100
35285725992933,09:48:05.725,14.8400,200
35286129223402,09:48:06.129,14.8400,41
35286129996861,09:48:06.129,14.8400,59
35286129996861,09:48:06.129,14.8400,41
35288128534285,09:48:08.128,14.8400,159
35288128534285,09:48:08.128,14.8400,100
35288129152129,09:48:08.129,14.8400,100
35289656526712,09:48:09.656,14.8400,100
35289656604179,09:48:09.656,14.8400,200
35289664723865,09:48:09.664,14.8350,100
35290128631083,09:48:10.128,14.8400,200
35290128631083,09:48:10.128,14.8400,200
35290128722171,09:48:10.128,14.8400,100
35291127277437,09:48:11.127,14.8400,100
35291127277437,09:48:11.127,14.8400,100
35293126833736,09:48:13.126,14.8400,22
35298387561969,09:48:18.387,14.8400,100
35298387561969,09:48:18.387,14.8400,114
35298387593890,09:48:18.387,14.8400,64
35298387593890,09:48:18.387,14.8400,22
35298387593890,09:48:18.387,14.8400,100
35298388421953,09:48:18.388,14.8300,100
35298393147823,09:48:18.393,14.8300,100
35298393147823,09:48:18.393,14.8300,200
35298393147823,09:48:18.393,14.8300,100
35298393147823,09:48:18.393,14.8300,100
35298393147823,09:48:18.393,14.8300,100
35298441806185,09:48:18.441,14.8300,100
35298441806185,09:48:18.441,14.8300,61
35300127162075,09:48:20.127,14.8350,100
35300132569425,09:48:20.132,14.8400,100
35300132569425,09:48:20.132,14.8400,200
35301129099140,09:48:21.129,14.8400,100
35301129099140,09:48:21.129,14.8400,400
35301129099140,09:48:21.129,14.8400,100
35301129099140,09:48:21.129,14.8400,100
35330637442753,09:48:50.637,14.8400,100
35330637442753,09:48:50.637,14.8400,200
35330637442753,09:48:50.637,14.8400,60
35330637652415,09:48:50.637,14.8400,40
35334126241524,09:48:54.126,14.8400,63
35343534348282,09:49:03.534,14.8450,100
35345600779819,09:49:05.600,14.8450,100
35345600779819,09:49:05.600,14.8500,100
35345600779819,09:49:05.600,14.8500,100
35345600779819,09:49:05.600,14.8500,55
35345600849923,09:49:05.600,14.8500,100
35355649880466,09:49:15.649,14.8600,100
35355649880466,09:49:15.649,14.8600,100
35355649880466,09:49:15.649,14.8600,100
35355649880466,09:49:15.649,14.8600,200
35367017958107,09:49:27.017,14.8600,100
35367017958107,09:49:27.017,14.8600,100
35367017958107,09:49:27.017,14.8600,100
35368701192628,09:49:28.701,14.8600,100
35368701192628,09:49:28.701,14.8600,100
35368701192628,09:49:28.701,14.8600,200
35368701192628,09:49:28.701,14.8600,100
35368701192628,09:49:28.701,14.8600,200
35370677842333,09:49:30.677,14.8600,100
35370677842333,09:49:30.677,14.8600,200
35370677842333,09:49:30.677,14.8600,100
35370677842333,09:49:30.677,14.8600,100
35370751634662,09:49:30.751,14.8600,100
35370751634662,09:49:30.751,14.8600,100
35370751634662,09:49:30.751,14.8600,200
35370751634662,09:49:30.751,14.8600,91
35370751634662,09:49:30.751,14.8600,100
35370751634662,09:49:30.751,14.8600,200
35370751634662,09:49:30.751,14.8600,200
35370753417300,09:49:30.753,14.8600,100
35370753417300,09:49:30.753,14.8600,100
35370753417300,09:49:30.753,14.8600,100
35370753417300,09:49:30.753,14.8600,200
35370753417300,09:49:30.753,14.8600,98
35370753417300,09:49:30.753,14.8600,100
35370753417300,09:49:30.753,14.8600,100
35370753417300,09:49:30.753,14.8600,200
35370753549073,09:49:30.753,14.8600,500
35372451505696,09:49:32.451,14.8500,100
35372451505696,09:49:32.451,14.8500,200
35372451505696,09:49:32.451,14.8500,400
35372451505696,09:49:32.451,14.8500,100
35377244402118,09:49:37.244,14.8400,100
35389456033215,09:49:49.456,14.8450,400
35391320389830,09:49:51.320,14.8450,100
35405575710338,09:50:05.575,14.8450,100
35405575710338,09:50:05.575,14.8500,100
35405575710338,09:50:05.575,14.8500,100
35405575710338,09:50:05.575,14.8500,100
35405575710338,09:50:05.575,14.8500,200
35405575710338,09:50:05.575,14.8500,292
35405575710338,09:50:05.575,14.8500,100
35405575710338,09:50:05.575,14.8500,600
35405575904906,09:50:05.575,14.8500,100
35405575904906,09:50:05.575,14.8500,100
35406017686153,09:50:06.017,14.8500,100
35406018444230,09:50:06.018,14.8500,100
35406019030608,09:50:06.019,14.8500,100
35406376572772,09:50:06.376,14.8500,100
35406376572772,09:50:06.376,14.8500,100
35406376572772,09:50:06.376,14.8500,200
35406376572772,09:50:06.376,14.8500,93
35406376572772,09:50:06.376,14.8500,100
35406376572772,09:50:06.376,14.8500,100
35406376572772,09:50:06.376,14.8500,100
35406376572772,09:50:06.376,14.8500,100
35406376572772,09:50:06.376,14.8500,200
35406376572772,09:50:06.376,14.8500,200
35406376572772,09:50:06.376,14.8500,200
35406378043089,09:50:06.378,14.8500,78
35407370739713,09:50:07.370,14.8500,22
35408251608690,09:50:08.251,14.8500,100
35408251608690,09:50:08.251,14.8500,200
35408251608690,09:50:08.251,14.8500,100
35408251608690,09:50:08.251,14.8500,100
35408252475430,09:50:08.252,14.8500,78
35408252475430,09:50:08.252,14.8500,100
35408252475430,09:50:08.252,14.8500,100
35408266520386,09:50:08.266,14.8500,400
35408266520386,09:50:08.266,14.8500,100
35408266520386,09:50:08.266,14.8500,200
35408266520386,09:50:08.266,14.8500,93
35408266520386,09:50:08.266,14.8500,100
35408266520386,09:50:08.266,14.8500,100
35408266520386,09:50:08.266,14.8500,100
35408266520386,09:50:08.266,14.8500,200
35408266520386,09:50:08.266,14.8500,100
35408266520386,09:50:08.266,14.8500,100
35408266520386,09:50:08.266,14.8500,200
35408266520386,09:50:08.266,14.8500,100
35414102944840,09:50:14.102,14.8550,100
35414102944840,09:50:14.102,14.8600,200
35414102944840,09:50:14.102,14.8600,100
35414102944840,09:50:14.102,14.8600,200
35414102944840,09:50:14.102,14.8600,100
35414102976401,09:50:14.102,14.8600,100
35468982254719,09:51:08.982,14.8800,100
35468982322696,09:51:08.982,14.8800,100
35468982322696,09:51:08.982,14.8800,200
35469283388183,09:51:09.283,14.8800,100
35469283388183,09:51:09.283,14.8800,32
35469285473805,09:51:09.285,14.8800,68
35470531623153,09:51:10.531,14.8800,200
35470531623153,09:51:10.531,14.8800,289
35470531623153,09:51:10.531,14.8800,200
35470532130183,09:51:10.532,14.8800,100
35482567814818,09:51:22.567,14.8800,300
35484035958174,09:51:24.035,14.8700,100
35484035958174,09:51:24.035,14.8700,100
35484037960634,09:51:24.037,14.8700,200
35484037960634,09:51:24.037,14.8700,300
35484037960634,09:51:24.037,14.8700,100
35484037960634,09:51:24.037,14.8700,100
35484037960634,09:51:24.037,14.8700,100
35484037960634,09:51:24.037,14.8700,200
35485285559463,09:51:25.285,14.8700,59
35504678803810,09:51:44.678,14.8700,100
35504678803810,09:51:44.678,14.8700,100
35504678803810,09:51:44.678,14.8700,100
35504678803810,09:51:44.678,14.8700,100
35505001617846,09:51:45.001,14.8700,100
35505001617846,09:51:45.001,14.8700,100
35505001617846,09:51:45.001,14.8700,100
35505001617846,09:51:45.001,14.8700,100
35505001617846,09:51:45.001,14.8700,300
35505001617846,09:51:45.001,14.8700,300
35510880026477,09:51:50.880,14.8700,100
35527690535652,09:52:07.690,14.8700,100
35533699569152,09:52:13.699,14.8650,100
35554135679046,09:52:34.135,14.8700,100
35554135680950,09:52:34.135,14.8700,100
35554136036369,09:52:34.136,14.8700,100
35554340586303,09:52:34.340,14.8700,100
35554340586303,09:52:34.340,14.8700,100
35554340586303,09:52:34.340,14.8700,300
35557292242570,09:52:37.292,14.8700,60
35557293715312,09:52:37.293,14.8700,40
35557297029321,09:52:37.297,14.8700,100
35557297029321,09:52:37.297,14.8700,100
35557297029321,09:52:37.297,14.8700,300
35557297029321,09:52:37.297,14.8700,100
35570392662069,09:52:50.392,14.8600,100
35570392662069,09:52:50.392,14.8600,200
35570392662069,09:52:50.392,14.8600,100
35585018925589,09:53:05.018,14.8600,100
35585019054478,09:53:05.019,14.8600,100
35585019290282,09:53:05.019,14.8600,100
35615242227113,09:53:35.242,14.8600,100
35615242227113,09:53:35.242,14.8600,100
35615242227113,09:53:35.242,14.8600,211
35615242227113,09:53:35.242,14.8600,100
35615742623199,09:53:35.742,14.8600,200
35615743390719,09:53:35.743,14.8600,100
35626131064592,09:53:46.131,14.8600,89
35644398010423,09:54:04.398,14.8700,100
35644398010423,09:54:04.398,14.8700,100
35644398010423,09:54:04.398,14.8700,60
35644398010423,09:54:04.398,14.8700,40
35644398186590,09:54:04.398,14.8700,100
35644398186590,09:54:04.398,14.8700,100
35644398199802,09:54:04.398,14.8700,200
35644401488730,09:54:04.401,14.8700,100
35644401488730,09:54:04.401,14.8700,100
35644401488730,09:54:04.401,14.8700,100
35644401488730,09:54:04.401,14.8700,100
35644401488730,09:54:04.401,14.8700,300
35644401488730,09:54:04.401,14.8700,100
35663503645209,09:54:23.503,14.8700,65
35663503673245,09:54:23.503,14.8700,35
35663503673245,09:54:23.503,14.8700,100
35663503700797,09:54:23.503,14.8700,135
35663508427107,09:54:23.508,14.8700,100
35663508427107,09:54:23.508,14.8700,100
35663508427107,09:54:23.508,14.8700,100
35663508427107,09:54:23.508,14.8700,300
35671112988795,09:54:31.112,14.8700,100
35672358259589,09:54:32.358,14.8700,100
35708708347894,09:55:08.708,14.8600,100
35708708347894,09:55:08.708,14.8600,100
35721218878184,09:55:21.218,14.8600,100
35726048017886,09:55:26.048,14.8700,100
35726048017886,09:55:26.048,14.8700,100
35726048017886,09:55:26.048,14.8700,100
35726048017886,09:55:26.048,14.8700,100
35726048017886,09:55:26.048,14.8700,200
35726048017886,09:55:26.048,14.8700,132
35726048112262,09:55:26.048,14.8700,168
35726048339510,09:55:26.048,14.8700,100
35728847318615,09:55:28.847,14.8700,700
35728847318615,09:55:28.847,14.8700,100
35728847318615,09:55:28.847,14.8700,300
35728851278902,09:55:28.851,14.8700,100
35728851278902,09:55:28.851,14.8700,100
35728851278902,09:55:28.851,14.8700,400
35728851278902,09:55:28.851,14.8700,100
35728851278902,09:55:28.851,14.8700,300
35728851278902,09:55:28.851,14.8700,200
35734549001855,09:55:34.549,14.8600,100
35734549001855,09:55:34.549,14.8600,100
35734549001855,09:55:34.549,14.8600,100
35734549001855,09:55:34.549,14.8600,100
35745635226709,09:55:45.635,14.8500,600
35745635380848,09:55:45.635,14.8500,100
35745635380848,09:55:45.635,14.8500,100
35745644319903,09:55:45.644,14.8500,28
35750230832295,09:55:50.230,14.8400,100
35750230832295,09:55:50.230,14.8400,200
35750230832295,09:55:50.230,14.8400,100
35753001846727,09:55:53.001,14.8300,100
35753001846727,09:55:53.001,14.8300,200
35753001846727,09:55:53.001,14.8300,100
35753001846727,09:55:53.001,14.8300,100
35777793300854,09:56:17.793,14.8300,500
35777793300854,09:56:17.793,14.8300,100
35777793300854,09:56:17.793,14.8300,300
35777793300854,09:56:17.793,14.8300,600
35777793387849,09:56:17.793,14.8300,100
35777793848091,09:56:17.793,14.8300,100
35781439062881,09:56:21.439,14.8400,100
35781439062881,09:56:21.439,14.8400,100
35781439062881,09:56:21.439,14.8400,100
35781439062881,09:56:21.439,14.8400,100
35781439062881,09:56:21.439,14.8400,100
35782412667109,09:56:22.412,14.8500,72
35782412667109,09:56:22.412,14.8500,100
35782412667109,09:56:22.412,14.8500,100
35782412667109,09:56:22.412,14.8500,100
35782412667109,09:56:22.412,14.8500,600
35782412667109,09:56:22.412,14.8500,100
35782412667109,09:56:22.412,14.8500,100
35782412667109,09:56:22.412,14.8500,1000
35782413745499,09:56:22.413,14.8500,100
35782413745499,09:56:22.413,14.8500,100
35782413745499,09:56:22.413,14.8500,100
35782414103393,09:56:22.414,14.8500,100
35782414103393,09:56:22.414,14.8500,100
35782414103393,09:56:22.414,14.8500,100
35782415556183,09:56:22.415,14.8500,100
35784012626324,09:56:24.012,14.8600,600
35784012626324,09:56:24.012,14.8600,100
35784012626324,09:56:24.012,14.8600,100
35784012626324,09:56:24.012,14.8600,100
35784012626324,09:56:24.012,14.8600,400
35784032880513,09:56:24.032,14.8600,200
35784032880513,09:56:24.032,14.8600,100
35786035251763,09:56:26.035,14.8600,200
35786289276841,09:56:26.289,14.8600,300
35786289276841,09:56:26.289,14.8600,100
35786289276841,09:56:26.289,14.8600,100
35786289276841,09:56:26.289,14.8600,500
35786289276841,09:56:26.289,14.8600,300
35786289276841,09:56:26.289,14.8600,100
35789075114258,09:56:29.075,14.8700,800
35789075114258,09:56:29.075,14.8700,100
35789075114258,09:56:29.075,14.8700,100
35789075114258,09:56:29.075,14.8700,100
35789075114258,09:56:29.075,14.8700,100
35789075114258,09:56:29.075,14.8700,300
35789075114258,09:56:29.075,14.8700,300
35789075114258,09:56:29.075,14.8700,100
35789075114258,09:56:29.075,14.8700,500
35789075114258,09:56:29.075,14.8700,200
35789075114258,09:56:29.075,14.8700,10200
35789079143809,09:56:29.079,14.8700,100
35789079143809,09:56:29.079,14.8700,100
35789079143809,09:56:29.079,14.8700,100
35789079143809,09:56:29.079,14.8700,227
35789079683148,09:56:29.079,14.8700,73
35789079683148,09:56:29.079,14.8700,200
35789113239691,09:56:29.113,14.8700,400
35789113239691,09:56:29.113,14.8700,100
35789113239691,09:56:29.113,14.8700,100
35789113239691,09:56:29.113,14.8700,100
35789113239691,09:56:29.113,14.8700,100
35789113239691,09:56:29.113,14.8700,64
35789119791983,09:56:29.119,14.8700,200
35789119791983,09:56:29.119,14.8700,100
35789119791983,09:56:29.119,14.8700,100
35789119791983,09:56:29.119,14.8700,100
35789119821017,09:56:29.119,14.8700,3200
35789120438505,09:56:29.120,14.8700,100
35789120438505,09:56:29.120,14.8700,100
35797339184052,09:56:37.339,14.8700,100
35797339184052,09:56:37.339,14.8700,100
35799134982963,09:56:39.134,14.8700,100
35799134982963,09:56:39.134,14.8700,100
35799134982963,09:56:39.134,14.8700,100
35799134982963,09:56:39.134,14.8700,300
35799134982963,09:56:39.134,14.8700,100
35799134982963,09:56:39.134,14.8700,51
35799134982963,09:56:39.134,14.8700,300
35799134982963,09:56:39.134,14.8700,700
35799135126166,09:56:39.135,14.8700,100
35799135126166,09:56:39.135,14.8700,100
35799601240380,09:56:39.601,14.8700,300
35799601240380,09:56:39.601,14.8700,300
35799601240380,09:56:39.601,14.8700,200
35800368886251,09:56:40.368,14.8600,100
35800368886251,09:56:40.368,14.8600,100
35800368886251,09:56:40.368,14.8600,100
35800368886251,09:56:40.368,14.8600,300
35800369789715,09:56:40.369,14.8600,200
35801970679724,09:56:41.970,14.8600,400
35801970679724,09:56:41.970,14.8600,200
35801970679724,09:56:41.970,14.8600,100
35801970733154,09:56:41.970,14.8600,100
35805609246666,09:56:45.609,14.8600,300
35805609246666,09:56:45.609,14.8600,100
35805609246666,09:56:45.609,14.8600,100
35805609246666,09:56:45.609,14.8600,100
35805609246666,09:56:45.609,14.8600,300
35805609699309,09:56:45.609,14.8600,500
35805609699309,09:56:45.609,14.8600,100
35805609699309,09:56:45.609,14.8600,300
35805804333371,09:56:45.804,14.8600,236
35824044187836,09:57:04.044,14.8800,100
35839246259584,09:57:19.246,14.8800,60
35845765873706,09:57:25.765,14.8800,80
35845765896801,09:57:25.765,14.8800,20
35845765896801,09:57:25.765,14.8800,100
35854757571423,09:57:34.757,14.8900,100
35854775799646,09:57:34.775,14.8900,100
35858310506090,09:57:38.310,14.8900,100
35860895010861,09:57:40.895,14.8800,100
35860895010861,09:57:40.895,14.8800,100
35860895010861,09:57:40.895,14.8800,100
35860895010861,09:57:40.895,14.8800,100
35860895010861,09:57:40.895,14.8800,300
35860895010861,09:57:40.895,14.8800,100
35860895010861,09:57:40.895,14.8800,100
35862367265594,09:57:42.367,14.8800,100
35862367265594,09:57:42.367,14.8800,300
35862367265594,09:57:42.367,14.8800,100
35862367265594,09:57:42.367,14.8800,100
35863770034583,09:57:43.770,14.8800,100
35863770034583,09:57:43.770,14.8800,100
35863770034583,09:57:43.770,14.8800,100
35863770034583,09:57:43.770,14.8800,100
35865507736596,09:57:45.507,14.8800,100
35865507736596,09:57:45.507,14.8800,100
35865507736596,09:57:45.507,14.8800,300
35867914494712,09:57:47.914,14.8800,100
35867914494712,09:57:47.914,14.8800,100
35867914494712,09:57:47.914,14.8800,100
35867914494712,09:57:47.914,14.8800,100
35867914494712,09:57:47.914,14.8800,100
35868319603009,09:57:48.319,14.8800,100
35868319603009,09:57:48.319,14.8800,100
35868319603009,09:57:48.319,14.8800,100
35868319603009,09:57:48.319,14.8800,100
35871597858361,09:57:51.597,14.8800,100
35874687518591,09:57:54.687,14.8800,200
35874687518591,09:57:54.687,14.8800,100
35874687518591,09:57:54.687,14.8800,26
35874687547262,09:57:54.687,14.8800,274
35874687967878,09:57:54.687,14.8800,100
35874943328509,09:57:54.943,14.8800,100
35874943328509,09:57:54.943,14.8800,100
35878173270938,09:57:58.173,14.8800,100
35881735316033,09:58:01.735,14.8800,100
35881735316033,09:58:01.735,14.8800,100
35881735316033,09:58:01.735,14.8800,100
35884027118629,09:58:04.027,14.8800,300
35887775591655,09:58:07.775,14.8800,100
35887775591655,09:58:07.775,14.8800,100
35887777238753,09:58:07.777,14.8800,100
35887951179462,09:58:07.951,14.8800,100
35887951179462,09:58:07.951,14.8800,100
35887951179462,09:58:07.951,14.8800,100
35887951179462,09:58:07.951,14.8800,300
35887951754321,09:58:07.951,14.8800,100
35887951754321,09:58:07.951,14.8800,100
35887951754321,09:58:07.951,14.8800,300
35887951754321,09:58:07.951,14.8800,100
35893195028013,09:58:13.195,14.8800,100
35905482857774,09:58:25.482,14.8800,100
35905482857774,09:58:25.482,14.8800,100
35905482857774,09:58:25.482,14.8800,100
35905482857774,09:58:25.482,14.8800,100
35905482857774,09:58:25.482,14.8800,100
35907022045349,09:58:27.022,14.8800,100
35908187840565,09:58:28.187,14.8800,100
35911166523643,09:58:31.166,14.8800,100
35911166523643,09:58:31.166,14.8800,100
35911166523643,09:58:31.166,14.8800,100
35911166523643,09:58:31.166,14.8800,300
35911166523643,09:58:31.166,14.8800,300
35911166523643,09:58:31.166,14.8800,100
35912364334672,09:58:32.364,14.8800,100
35912364334672,09:58:32.364,14.8800,100
35912364334672,09:58:32.364,14.8800,100
35912395181574,09:58:32.395,14.8800,200
35912395181574,09:58:32.395,14.8800,100
35912395181574,09:58:32.395,14.8800,100
35915253378442,09:58:35.253,14.8800,100
35915253378442,09:58:35.253,14.8800,200
35915253378442,09:58:35.253,14.8800,300
35915253378442,09:58:35.253,14.8800,100
35916137747196,09:58:36.137,14.8800,100
35916137747196,09:58:36.137,14.8800,100
35925919950094,09:58:45.919,14.8800,100
35925919950094,09:58:45.919,14.8800,100
35938880739209,09:58:58.880,14.8800,200
35938880739209,09:58:58.880,14.8800,100
35943520952373,09:59:03.520,14.8800,100
35946306977790,09:59:06.306,14.8800,100
35946306977790,09:59:06.306,14.8800,100
35946306977790,09:59:06.306,14.8800,200
35946307028836,09:59:06.307,14.8800,100
35946307028836,09:59:06.307,14.8800,100
35958117521638,09:59:18.117,14.8800,100
35958117521638,09:59:18.117,14.8800,100
35958117521638,09:59:18.117,14.8800,100
35958117521638,09:59:18.117,14.8800,100
35958117521638,09:59:18.117,14.8800,300
35958117521638,09:59:18.117,14.8800,100
35958119040224,09:59:18.119,14.8800,100
36010874989772,10:00:10.874,14.8800,100
36011907896459,10:00:11.907,14.8800,100
36011907896459,10:00:11.907,14.8800,100
36011907896459,10:00:11.907,14.8800,600
36011907974602,10:00:11.907,14.8800,300
36011907974602,10:00:11.907,14.8800,100
36011908608368,10:00:11.908,14.8800,100
36011908608368,10:00:11.908,14.8800,100
36011908608368,10:00:11.908,14.8800,300
36013022594486,10:00:13.022,14.8800,100
36013022594486,10:00:13.022,14.8800,100
36013022594486,10:00:13.022,14.8800,100
36013022594486,10:00:13.022,14.8800,192
36013553534395,10:00:13.553,14.8800,100
36013553534395,10:00:13.553,14.8800,100
36013553534395,10:00:13.553,14.8800,100
36022127614397,10:00:22.127,14.8800,100
36022128008980,10:00:22.128,14.8800,100
36071246109065,10:01:11.246,14.8800,100
36077118245976,10:01:17.118,14.8800,100
36077118245976,10:01:17.118,14.8800,300
36077118307185,10:01:17.118,14.8800,200
36077118911091,10:01:17.118,14.8800,8
36077119260897,10:01:17.119,14.8800,92
36079917402349,10:01:19.917,14.8800,8
36079917402349,10:01:19.917,14.8800,100
36079917402349,10:01:19.917,14.8800,100
36079917402349,10:01:19.917,14.8800,200
36081577410808,10:01:21.577,14.8700,100
36081577410808,10:01:21.577,14.8700,100
36081577410808,10:01:21.577,14.8700,100
36081577410808,10:01:21.577,14.8700,100
36081577410808,10:01:21.577,14.8700,300
36081577410808,10:01:21.577,14.8700,400
36081577410808,10:01:21.577,14.8700,200
36082874147588,10:01:22.874,14.8700,400
36082874147588,10:01:22.874,14.8700,200
36082874171490,10:01:22.874,14.8700,700
36084260497875,10:01:24.260,14.8700,300
36084260497875,10:01:24.260,14.8700,300
36084260497875,10:01:24.260,14.8700,700
36085283550096,10:01:25.283,14.8700,100
36085283550096,10:01:25.283,14.8700,100
36085283550096,10:01:25.283,14.8700,100
36085283550096,10:01:25.283,14.8700,100
36085283550096,10:01:25.283,14.8700,100
36085283550096,10:01:25.283,14.8700,100
36085283550096,10:01:25.283,14.8700,100
36085283550096,10:01:25.283,14.8700,100
36085283550096,10:01:25.283,14.8700,100
36088357785720,10:01:28.357,14.8700,100
36088357785720,10:01:28.357,14.8700,300
36088755692546,10:01:28.755,14.8700,100
36089834528582,10:01:29.834,14.8700,100
36089834528582,10:01:29.834,14.8700,100
36089834528582,10:01:29.834,14.8700,100
36089834528582,10:01:29.834,14.8700,100
36089834528582,10:01:29.834,14.8700,100
36089834528582,10:01:29.834,14.8700,100
36089834528582,10:01:29.834,14.8700,500
36089834528582,10:01:29.834,14.8700,300
36089948642125,10:01:29.948,14.8700,200
36089948642125,10:01:29.948,14.8700,100
36089948642125,10:01:29.948,14.8700,100
36089948642125,10:01:29.948,14.8700,100
36089948642125,10:01:29.948,14.8700,300
36089948642125,10:01:29.948,14.8700,100
36089948642125,10:01:29.948,14.8700,300
36089948642125,10:01:29.948,14.8700,100
36090034140618,10:01:30.034,14.8700,100
36090034140618,10:01:30.034,14.8700,300
36090034140618,10:01:30.034,14.8700,100
36090034140618,10:01:30.034,14.8700,200
36092529699720,10:01:32.529,14.8700,100
36092529736476,10:01:32.529,14.8700,98
36092786093312,10:01:32.786,14.8700,200
36092786093312,10:01:32.786,14.8700,100
36092786093312,10:01:32.786,14.8700,100
36092786093312,10:01:32.786,14.8700,100
36092786093312,10:01:32.786,14.8700,100
36092786093312,10:01:32.786,14.8700,300
36092786093312,10:01:32.786,14.8700,100
36092786193455,10:01:32.786,14.8700,100
36092791472650,10:01:32.791,14.8700,100
36097653718105,10:01:37.653,14.8700,100
36097653718105,10:01:37.653,14.8700,300
36097653718105,10:01:37.653,14.8700,155
36097654261832,10:01:37.654,14.8800,100
36097654261832,10:01:37.654,14.8800,100
36097654261832,10:01:37.654,14.8800,100
36097654261832,10:01:37.654,14.8800,100
36097654261832,10:01:37.654,14.8800,300
36097654261832,10:01:37.654,14.8800,100
36097654261832,10:01:37.654,14.8800,100
36097654261832,10:01:37.654,14.8800,100
36097655528737,10:01:37.655,14.8800,300
36097655528737,10:01:37.655,14.8800,200
36100700882190,10:01:40.700,14.8900,100
36100700882190,10:01:40.700,14.8900,100
36100700882190,10:01:40.700,14.8900,100
36100700882190,10:01:40.700,14.8900,100
36100700882190,10:01:40.700,14.8900,100
36100700882190,10:01:40.700,14.8900,100
36100701561776,10:01:40.701,14.8900,100
36100701561776,10:01:40.701,14.8900,300
36101411890938,10:01:41.411,14.9000,100
36101411890938,10:01:41.411,14.9000,100
36101411890938,10:01:41.411,14.9000,100
36101411890938,10:01:41.411,14.9000,100
36101411890938,10:01:41.411,14.9000,100
36101444284392,10:01:41.444,14.9000,100
36101444284392,10:01:41.444,14.9000,375
36101444284392,10:01:41.444,14.9000,300
36101747484685,10:01:41.747,14.9000,100
36101814570309,10:01:41.814,14.9000,100
36101814570309,10:01:41.814,14.9000,100
36101814570309,10:01:41.814,14.9000,100
36101814570309,10:01:41.814,14.9000,100
36101814570309,10:01:41.814,14.9000,100
36101814570309,10:01:41.814,14.9000,100
36101814570309,10:01:41.814,14.9000,300
36101814570309,10:01:41.814,14.9000,100
36101814570309,10:01:41.814,14.9000,100
36101814570309,10:01:41.814,14.9000,300
36101814570309,10:01:41.814,14.9000,200
36101814641736,10:01:41.814,14.9000,100
36101815123921,10:01:41.815,14.9000,400
36101815123921,10:01:41.815,14.9000,100
36101815123921,10:01:41.815,14.9000,300
36101815123921,10:01:41.815,14.9000,400
36101939694561,10:01:41.939,14.9000,200
36101939694561,10:01:41.939,14.9000,100
36101939694561,10:01:41.939,14.9000,100
36101939694561,10:01:41.939,14.9000,53
36109621606016,10:01:49.621,14.8950,100
36109621606016,10:01:49.621,14.9000,100
36109621606016,10:01:49.621,14.9000,100
36109621606016,10:01:49.621,14.9000,100
36109621606016,10:01:49.621,14.9000,100
36109621606016,10:01:49.621,14.9000,100
36109621606016,10:01:49.621,14.9000,100
36109621606016,10:01:49.621,14.9000,300
36109621606016,10:01:49.621,14.9000,100
36109621606016,10:01:49.621,14.9000,100
36109621606016,10:01:49.621,14.9000,100
36109621606016,10:01:49.621,14.9000,200
36109621963312,10:01:49.621,14.9000,100
36123402538876,10:02:03.402,14.9000,100
36123402538876,10:02:03.402,14.9000,300
36123402538876,10:02:03.402,14.9000,100
36123402538876,10:02:03.402,14.9000,200
36123402538876,10:02:03.402,14.9000,400
36123437540011,10:02:03.437,14.9000,100
36123437540011,10:02:03.437,14.9000,105
36123437540011,10:02:03.437,14.9000,100
36123437540011,10:02:03.437,14.9000,100
36123437540011,10:02:03.437,14.9000,100
36123437540011,10:02:03.437,14.9000,100
36123437540011,10:02:03.437,14.9000,100
36123437540011,10:02:03.437,14.9000,300
36123437540011,10:02:03.437,14.9000,100
36123437540011,10:02:03.437,14.9000,100
36123437540011,10:02:03.437,14.9000,100
36123643229988,10:02:03.643,14.9000,300
36123643229988,10:02:03.643,14.9000,100
36123643229988,10:02:03.643,14.9000,100
36123643229988,10:02:03.643,14.9000,100
36123643229988,10:02:03.643,14.9000,300
36123898995114,10:02:03.898,14.9000,100
36123898995114,10:02:03.898,14.9000,52
36123898995114,10:02:03.898,14.9000,100
36123898995114,10:02:03.898,14.9000,100
36131222768170,10:02:11.222,14.9100,100
36131222768170,10:02:11.222,14.9100,100
36131222768170,10:02:11.222,14.9100,100
36144237775050,10:02:24.237,14.9100,100
36144237775050,10:02:24.237,14.9100,100
36144237775050,10:02:24.237,14.9100,100
36144237775050,10:02:24.237,14.9100,300
36146077802614,10:02:26.077,14.9100,100
36146077802614,10:02:26.077,14.9100,100
36146077802614,10:02:26.077,14.9100,100
36146077802614,10:02:26.077,14.9100,249
36146083319626,10:02:26.083,14.9100,16
36146085449317,10:02:26.085,14.9100,100
36146085449317,10:02:26.085,14.9100,100
36146085449317,10:02:26.085,14.9100,300
36146088912371,10:02:26.088,14.9100,100
36146096484966,10:02:26.096,14.9100,100
36146096484966,10:02:26.096,14.9100,100
36156801926148,10:02:36.801,14.9100,100
36165668939917,10:02:45.668,14.9000,100
36166695080085,10:02:46.695,14.9000,300
36181495111814,10:03:01.495,14.8900,100
36187034884872,10:03:07.034,14.8900,100
36187034884872,10:03:07.034,14.8900,100
36187034884872,10:03:07.034,14.8900,100
36187034884872,10:03:07.034,14.8900,100
36187034884872,10:03:07.034,14.8900,100
36187034884872,10:03:07.034,14.8900,100
36187034884872,10:03:07.034,14.8900,100
36189646636164,10:03:09.646,14.8900,100
36189677872105,10:03:09.677,14.8900,100
36189677872105,10:03:09.677,14.8900,300
36189677872105,10:03:09.677,14.8900,100
36228426909892,10:03:48.426,14.8950,600
36228426935397,10:03:48.426,14.8900,100
36228426935397,10:03:48.426,14.8900,300
36228426935397,10:03:48.426,14.8900,100
36228426935397,10:03:48.426,14.8900,100
36228427430264,10:03:48.427,14.8900,200
36228427430264,10:03:48.427,14.8900,100
36228427430264,10:03:48.427,14.8900,400
36228427548306,10:03:48.427,14.8900,300
36228428153048,10:03:48.428,14.8900,100
36228428153048,10:03:48.428,14.8900,100
36237141151600,10:03:57.141,14.9000,191
36237141183106,10:03:57.141,14.9000,9
36237141183106,10:03:57.141,14.9000,100
36237141183106,10:03:57.141,14.9000,100
36237141183106,10:03:57.141,14.9000,164
36237141227070,10:03:57.141,14.9000,102
36241883973302,10:04:01.883,14.9100,172
36241884075443,10:04:01.884,14.9100,100
36241888360825,10:04:01.888,14.9100,500
36241888360825,10:04:01.888,14.9100,100
36241888360825,10:04:01.888,14.9100,400
36241888360825,10:04:01.888,14.9100,200
36241888360825,10:04:01.888,14.9100,400
36241888360825,10:04:01.888,14.9100,100
36241888360825,10:04:01.888,14.9100,800
36241888360825,10:04:01.888,14.9100,100
36241888360825,10:04:01.888,14.9100,100
36241888360825,10:04:01.888,14.9100,100
36241888360825,10:04:01.888,14.9100,100
36241888360825,10:04:01.888,14.9100,100
36241888360825,10:04:01.888,14.9100,1300
36241888360825,10:04:01.888,14.9100,300
36241888360825,10:04:01.888,14.9100,200
36241888360825,10:04:01.888,14.9100,200
36267770768668,10:04:27.770,14.9000,100
36267770768668,10:04:27.770,14.9000,37
36269275443654,10:04:29.275,14.9000,100
36269275443654,10:04:29.275,14.9000,200
36269275443654,10:04:29.275,14.9000,300
36311576461657,10:05:11.576,14.9000,100
36311576461657,10:05:11.576,14.9000,100
36311576917357,10:05:11.576,14.9000,100
36311576949543,10:05:11.576,14.9000,100
36311576985059,10:05:11.576,14.9000,100
36318036012228,10:05:18.036,14.9000,100
36318036012228,10:05:18.036,14.9000,11
36318036038554,10:05:18.036,14.9000,89
36318036038554,10:05:18.036,14.9000,35
36318036061000,10:05:18.036,14.9000,20
36318036091209,10:05:18.036,14.9000,145
36318036091209,10:05:18.036,14.9000,200
36318036187655,10:05:18.036,14.9000,100
36318037748740,10:05:18.037,14.9000,100
36319312829307,10:05:19.312,14.9100,100
36319312829307,10:05:19.312,14.9100,100
36319312829307,10:05:19.312,14.9100,28
36319312857286,10:05:19.312,14.9100,140
36319315123725,10:05:19.315,14.9100,100
36319317103531,10:05:19.317,14.9100,172
36319321083372,10:05:19.321,14.9100,268
36319321083372,10:05:19.321,14.9100,400
36319321083372,10:05:19.321,14.9100,100
36319321083372,10:05:19.321,14.9100,100
36319321083372,10:05:19.321,14.9100,100
36319321083372,10:05:19.321,14.9100,100
36319321083372,10:05:19.321,14.9100,44
36319323760939,10:05:19.323,14.9100,100
36319323760939,10:05:19.323,14.9100,300
36319323760939,10:05:19.323,14.9100,300
36322384484072,10:05:22.384,14.9100,52
36322388418613,10:05:22.388,14.9100,100
36322388418613,10:05:22.388,14.9100,100
36322388418613,10:05:22.388,14.9100,100
36322388418613,10:05:22.388,14.9100,300
36322388418613,10:05:22.388,14.9100,400
36322388418613,10:05:22.388,14.9100,100
36322388418613,10:05:22.388,14.9100,100
36322388418613,10:05:22.388,14.9100,200
36322391163269,10:05:22.391,14.9100,100
36325427591057,10:05:25.427,14.9000,500
36325427591057,10:05:25.427,14.9000,10
36329711003093,10:05:29.711,14.8950,100
36330264007487,10:05:30.264,14.8950,100
36331077007098,10:05:31.077,14.8950,100
36337404144290,10:05:37.404,14.9000,100
36346150735254,10:05:46.150,14.9050,100
36347304144107,10:05:47.304,14.9100,75
36351257438353,10:05:51.257,14.9100,197
36351257438353,10:05:51.257,14.9100,3
36351257498223,10:05:51.257,14.9100,97
36351261255774,10:05:51.261,14.9100,31
36351261505151,10:05:51.261,14.9100,100
36351261505151,10:05:51.261,14.9100,100
36351261505151,10:05:51.261,14.9100,200
36367541237951,10:06:07.541,14.9000,300
36367541237951,10:06:07.541,14.9000,100
36367541237951,10:06:07.541,14.9000,100
36367541237951,10:06:07.541,14.9000,200
36367541432003,10:06:07.541,14.9000,100
36367541432003,10:06:07.541,14.9000,100
36367541432003,10:06:07.541,14.9000,100
36367541461579,10:06:07.541,14.9000,31
36367544805231,10:06:07.544,14.9000,121
36398571543301,10:06:38.571,14.9000,100
36398571543301,10:06:38.571,14.9000,100
36412326292817,10:06:52.326,14.9000,93
36412327933093,10:06:52.327,14.9000,600
36413076800424,10:06:53.076,14.9050,52
36417750646852,10:06:57.750,14.9100,100
36417750646852,10:06:57.750,14.9100,100
36422186425760,10:07:02.186,14.9100,7
36422186425760,10:07:02.186,14.9100,93
36422186507599,10:07:02.186,14.9100,7
36423389012572,10:07:03.389,14.9150,400
36432257829853,10:07:12.257,14.9100,100
36432257829853,10:07:12.257,14.9100,100
36432257829853,10:07:12.257,14.9100,100
36432257829853,10:07:12.257,14.9100,100
36434257008624,10:07:14.257,14.9050,100
36467459717074,10:07:47.459,14.9000,100
36467459717074,10:07:47.459,14.9000,100
36467459717074,10:07:47.459,14.9000,100
36467459717074,10:07:47.459,14.9000,228
36467460199244,10:07:47.460,14.9000,100
36490581550344,10:08:10.581,14.9100,548
36490587624014,10:08:10.587,14.9100,52
36490587624014,10:08:10.587,14.9100,100
36490587624014,10:08:10.587,14.9100,51
36493156998765,10:08:13.156,14.9150,100
36501336677956,10:08:21.336,14.9100,442
36501336677956,10:08:21.336,14.9100,400
36501336677956,10:08:21.336,14.9100,300
36501336677956,10:08:21.336,14.9100,58
36501336767029,10:08:21.336,14.9100,42
36501337256181,10:08:21.337,14.9100,1
36501337279172,10:08:21.337,14.9100,42
36501337313324,10:08:21.337,14.9100,57
36501337313324,10:08:21.337,14.9100,100
36519131205736,10:08:39.131,14.9000,100
36519131205736,10:08:39.131,14.9000,100
36519131205736,10:08:39.131,14.9000,300
36519131205736,10:08:39.131,14.9000,100
36519132348781,10:08:39.132,14.9000,100
36519132417989,10:08:39.132,14.9000,100
36519132417989,10:08:39.132,14.9000,100
36519182105504,10:08:39.182,14.9000,100
36519182105504,10:08:39.182,14.9000,100
36519182105504,10:08:39.182,14.9000,39
36519182105504,10:08:39.182,14.9000,100
36519182105504,10:08:39.182,14.9000,100
36519182105504,10:08:39.182,14.9000,100
36519182105504,10:08:39.182,14.9000,200
36536320347737,10:08:56.320,14.9100,100
36536320347737,10:08:56.320,14.9100,100
36544505002772,10:09:04.505,14.9150,200
36617259153772,10:10:17.259,14.9200,100
36617259153772,10:10:17.259,14.9200,100
36617259153772,10:10:17.259,14.9200,100
36617259153772,10:10:17.259,14.9200,50
36617259153772,10:10:17.259,14.9200,300
36617259153772,10:10:17.259,14.9200,100
36617259153772,10:10:17.259,14.9200,50
36617259481103,10:10:17.259,14.9200,100
36632436998021,10:10:32.436,14.9200,100
36632436998021,10:10:32.436,14.9200,100
36632436998021,10:10:32.436,14.9200,100
36632439707299,10:10:32.439,14.9200,100
36632439707299,10:10:32.439,14.9200,100
36632439707299,10:10:32.439,14.9200,100
36632439707299,10:10:32.439,14.9200,100
36632439707299,10:10:32.439,14.9200,100
36632439707299,10:10:32.439,14.9200,100
36632439707299,10:10:32.439,14.9200,100
36632448421024,10:10:32.448,14.9200,100
36632448421024,10:10:32.448,14.9200,100
36632448421024,10:10:32.448,14.9200,100
36661366165498,10:11:01.366,14.9300,100
36661366165498,10:11:01.366,14.9300,100
36661366165498,10:11:01.366,14.9300,100
36696522367911,10:11:36.522,14.9400,100
36696522367911,10:11:36.522,14.9400,100
36696522367911,10:11:36.522,14.9400,200
36696522367911,10:11:36.522,14.9400,100
36704789919765,10:11:44.789,14.9500,100
36704789919765,10:11:44.789,14.9500,100
36704789919765,10:11:44.789,14.9500,100
36704789919765,10:11:44.789,14.9500,100
36704789919765,10:11:44.789,14.9500,400
36704789919765,10:11:44.789,14.9500,100
36704789919765,10:11:44.789,14.9500,100
36711451579306,10:11:51.451,14.9500,100
36711451579306,10:11:51.451,14.9500,400
36739150208574,10:12:19.150,14.9450,100
36739150208574,10:12:19.150,14.9450,120
36739150208574,10:12:19.150,14.9500,1000
36739150208574,10:12:19.150,14.9500,100
36739150208574,10:12:19.150,14.9500,100
36739150208574,10:12:19.150,14.9500,300
36739150208574,10:12:19.150,14.9500,100
36739150208574,10:12:19.150,14.9500,400
36739150208574,10:12:19.150,14.9500,80
36739150223448,10:12:19.150,14.9500,20
36739150223448,10:12:19.150,14.9500,100
36739150223448,10:12:19.150,14.9500,80
36739150518845,10:12:19.150,14.9500,20
36739150518845,10:12:19.150,14.9500,50
36739150518845,10:12:19.150,14.9500,100
36739150778100,10:12:19.150,14.9500,100
36739151539415,10:12:19.151,14.9500,100
36739151539415,10:12:19.151,14.9500,100
36740992355529,10:12:20.992,14.9500,100
36740992355529,10:12:20.992,14.9500,100
36741153031054,10:12:21.153,14.9450,100
36741153031054,10:12:21.153,14.9500,100
36741153031054,10:12:21.153,14.9500,100
36741153031054,10:12:21.153,14.9500,100
36741153031054,10:12:21.153,14.9500,100
36741153031054,10:12:21.153,14.9500,100
36741153031054,10:12:21.153,14.9500,200
36741153031054,10:12:21.153,14.9500,200
36741153031054,10:12:21.153,14.9500,200
36741153031054,10:12:21.153,14.9500,100
36741153031054,10:12:21.153,14.9500,400
36741153031054,10:12:21.153,14.9500,100
36741153031054,10:12:21.153,14.9500,100
36741153042651,10:12:21.153,14.9500,100
36741154317703,10:12:21.154,14.9500,100
36741154317703,10:12:21.154,14.9500,400
36741154317703,10:12:21.154,14.9500,100
36746675545361,10:12:26.675,14.9600,100
36746675545361,10:12:26.675,14.9600,100
36746675545361,10:12:26.675,14.9600,100
36746675545361,10:12:26.675,14.9600,100
36746675545361,10:12:26.675,14.9600,100
36746675545361,10:12:26.675,14.9600,100
36747890993825,10:12:27.890,14.9550,100
36748518989969,10:12:28.518,14.9550,300
36749316713616,10:12:29.316,14.9500,100
36750021543542,10:12:30.021,14.9500,100
36778545563561,10:12:58.545,14.9400,100
36778545563561,10:12:58.545,14.9400,100
36778545563561,10:12:58.545,14.9400,100
36789297689112,10:13:09.297,14.9400,100
36797996653912,10:13:17.996,14.9500,40
36797996724005,10:13:17.996,14.9500,100
36800564351688,10:13:20.564,14.9500,100
36800564406811,10:13:20.564,14.9500,60
36805557153237,10:13:25.557,14.9500,100
36805557223005,10:13:25.557,14.9500,100
36814499738526,10:13:34.499,14.9400,100
36814499738526,10:13:34.499,14.9400,100
36814499738526,10:13:34.499,14.9400,100
36814499738526,10:13:34.499,14.9400,400
36814499738526,10:13:34.499,14.9400,35
36814500323968,10:13:34.500,14.9400,65
36814500323968,10:13:34.500,14.9400,100
36814500323968,10:13:34.500,14.9400,35
36814500420101,10:13:34.500,14.9400,65
36904169838979,10:15:04.169,14.9400,83
36904459626739,10:15:04.459,14.9400,17
36904459626739,10:15:04.459,14.9400,100
36928814017427,10:15:28.814,14.9300,100
36928814017427,10:15:28.814,14.9300,100
36928815325161,10:15:28.815,14.9300,100
36932859011323,10:15:32.859,14.9200,100
36932859011323,10:15:32.859,14.9200,400
36932880247205,10:15:32.880,14.9200,100
36933391946352,10:15:33.391,14.9200,100
36933391973160,10:15:33.391,14.9200,100
36933391973160,10:15:33.391,14.9200,100
36933391973160,10:15:33.391,14.9200,100
36933391973160,10:15:33.391,14.9200,400
36941882905749,10:15:41.882,14.9200,700
36941882905749,10:15:41.882,14.9200,100
36941882905749,10:15:41.882,14.9200,100
36941882905749,10:15:41.882,14.9200,200
36941882905749,10:15:41.882,14.9200,400
36941882905749,10:15:41.882,14.9200,100
36941883773044,10:15:41.883,14.9200,100
36986252623549,10:16:26.252,14.9200,100
36986252623549,10:16:26.252,14.9200,100
36986252623549,10:16:26.252,14.9200,100
36986252623549,10:16:26.252,14.9200,400
36986252623549,10:16:26.252,14.9200,100
36986288985732,10:16:26.288,14.9200,100
36986288985732,10:16:26.288,14.9200,100
36986288985732,10:16:26.288,14.9200,100
36986327267429,10:16:26.327,14.9200,29
37018556748746,10:16:58.556,14.9200,44
37044741231193,10:17:24.741,14.9100,100
37044741231193,10:17:24.741,14.9100,100
37044741231193,10:17:24.741,14.9100,90
37044742168815,10:17:24.742,14.9100,56
37057048566702,10:17:37.048,14.9100,100
37057054998154,10:17:37.054,14.9100,300
37057057048656,10:17:37.057,14.9100,244
37057057048656,10:17:37.057,14.9100,100
37057057048656,10:17:37.057,14.9100,56
37057057389899,10:17:37.057,14.9100,44
37088632950260,10:18:08.632,14.9000,100
37090083727856,10:18:10.083,14.9000,100
37090135354648,10:18:10.135,14.9000,100
37090135354648,10:18:10.135,14.9000,100
37090135354648,10:18:10.135,14.9000,100
37090135354648,10:18:10.135,14.9000,66
37090135354648,10:18:10.135,14.9000,68
37090136504936,10:18:10.136,14.9000,32
37090136504936,10:18:10.136,14.9000,128
37127482742114,10:18:47.482,14.9000,98
37150975218732,10:19:10.975,14.9000,100
37160216902496,10:19:20.216,14.9000,100
37160216902496,10:19:20.216,14.9000,300
37160216902496,10:19:20.216,14.9000,400
37160216902496,10:19:20.216,14.9000,200
37167747540605,10:19:27.747,14.9000,10
37167823620087,10:19:27.823,14.9000,100
37167823620087,10:19:27.823,14.9000,100
37167823620087,10:19:27.823,14.9000,10
37167823620087,10:19:27.823,14.9000,300
37167823620087,10:19:27.823,14.9000,400
37167823620087,10:19:27.823,14.9000,100
37167823620087,10:19:27.823,14.9000,390
37173681959471,10:19:33.681,14.9000,300
37173681959471,10:19:33.681,14.9000,400
37173681959471,10:19:33.681,14.9000,26
37173681969485,10:19:33.681,14.9000,26
37173825244720,10:19:33.825,14.9000,100
37173825244720,10:19:33.825,14.9000,100
37173825244720,10:19:33.825,14.9000,100
37173825244720,10:19:33.825,14.9000,100
37173825244720,10:19:33.825,14.9000,100
37173825244720,10:19:33.825,14.9000,100
37173825244720,10:19:33.825,14.9000,100
37173825244720,10:19:33.825,14.9000,100
37173825244720,10:19:33.825,14.9000,100
37185057744877,10:19:45.057,14.9000,200
37185057744877,10:19:45.057,14.9000,26
37185057744877,10:19:45.057,14.9000,300
37204321061065,10:20:04.321,14.8900,300
37204321061065,10:20:04.321,14.8900,100
37204321061065,10:20:04.321,14.8900,200
37204321061065,10:20:04.321,14.8900,17
37211868121595,10:20:11.868,14.8800,12
37223325223161,10:20:23.325,14.8800,88
37223325223161,10:20:23.325,14.8800,100
37223325223161,10:20:23.325,14.8800,100
37223325508359,10:20:23.325,14.8800,100
37223325508359,10:20:23.325,14.8800,28
37223325694669,10:20:23.325,14.8800,50
37223330334926,10:20:23.330,14.8800,87
37223331968491,10:20:23.331,14.8800,100
37223331968491,10:20:23.331,14.8800,100
37223331968491,10:20:23.331,14.8800,100
37223331968491,10:20:23.331,14.8800,100
37223331968491,10:20:23.331,14.8800,300
37223331968491,10:20:23.331,14.8800,100
37223332449072,10:20:23.332,14.8800,200
37223362376260,10:20:23.362,14.8800,200
37223362376260,10:20:23.362,14.8800,200
37223362376260,10:20:23.362,14.8800,100
37223362376260,10:20:23.362,14.8800,100
37223362376260,10:20:23.362,14.8800,100
37223362376260,10:20:23.362,14.8800,100
37223362376260,10:20:23.362,14.8800,600
37223362376260,10:20:23.362,14.8800,100
37223362376260,10:20:23.362,14.8800,100
37223362376260,10:20:23.362,14.8800,100
37223362376260,10:20:23.362,14.8800,310
37223362376260,10:20:23.362,14.8800,400
37223362376260,10:20:23.362,14.8800,100
37223362455449,10:20:23.362,14.8800,100
37223362455449,10:20:23.362,14.8800,100
37223362455449,10:20:23.362,14.8800,100
37223362703147,10:20:23.362,14.8800,100
37223362703147,10:20:23.362,14.8800,100
37223362703147,10:20:23.362,14.8800,100
37223362703147,10:20:23.362,14.8800,100
37234618215579,10:20:34.618,14.8700,200
37234618215579,10:20:34.618,14.8700,100
37234618348354,10:20:34.618,14.8700,100
37234618391356,10:20:34.618,14.8700,100
37234618704127,10:20:34.618,14.8700,100
37234619016873,10:20:34.619,14.8700,100
37234739815537,10:20:34.739,14.8700,100
37234739815537,10:20:34.739,14.8700,100
37240468021875,10:20:40.468,14.8600,300
37240468021875,10:20:40.468,14.8600,100
37240468021875,10:20:40.468,14.8600,400
37240471212335,10:20:40.471,14.8600,100
37240478045022,10:20:40.478,14.8600,100
37240478045022,10:20:40.478,14.8600,100
37240478045022,10:20:40.478,14.8600,100
37240478045022,10:20:40.478,14.8600,100
37240478045022,10:20:40.478,14.8600,100
37240478045022,10:20:40.478,14.8600,300
37240478045022,10:20:40.478,14.8600,300
37240478045022,10:20:40.478,14.8600,100
37240478045022,10:20:40.478,14.8600,100
37240478045022,10:20:40.478,14.8600,400
37240478045022,10:20:40.478,14.8600,100
37240478045022,10:20:40.478,14.8600,100
37240478045022,10:20:40.478,14.8600,300
37240478045022,10:20:40.478,14.8600,100
37240478045022,10:20:40.478,14.8600,100
37240478876286,10:20:40.478,14.8600,400
37240482038897,10:20:40.482,14.8600,100
37240482038897,10:20:40.482,14.8600,300
37240482038897,10:20:40.482,14.8600,100
37240482038897,10:20:40.482,14.8600,100
37240482038897,10:20:40.482,14.8600,100
37240482038897,10:20:40.482,14.8600,400
37242086424807,10:20:42.086,14.8600,100
37242086424807,10:20:42.086,14.8600,100
37242086424807,10:20:42.086,14.8600,100
37242086424807,10:20:42.086,14.8600,200
37245420006022,10:20:45.420,14.8600,400
37245420006022,10:20:45.420,14.8600,100
37245420877165,10:20:45.420,14.8600,200
37245424345153,10:20:45.424,14.8600,100
37245424345153,10:20:45.424,14.8600,100
37245424345153,10:20:45.424,14.8600,267
37245424515121,10:20:45.424,14.8600,33
37245424515121,10:20:45.424,14.8600,100
37245424515121,10:20:45.424,14.8600,100
37245424515121,10:20:45.424,14.8600,200
37245424515121,10:20:45.424,14.8600,485
37245424515121,10:20:45.424,14.8600,100
37245424515121,10:20:45.424,14.8600,300
37245424573012,10:20:45.424,14.8600,100
37245425617709,10:20:45.425,14.8600,300
37245425617709,10:20:45.425,14.8600,100
37270809161999,10:21:10.809,14.8500,100
37270809194434,10:21:10.809,14.8500,100
37286430996633,10:21:26.430,14.8500,100
37286430996633,10:21:26.430,14.8500,100
37286430996633,10:21:26.430,14.8500,200
37286430996633,10:21:26.430,14.8500,100
37286430996633,10:21:26.430,14.8500,300
37286430996633,10:21:26.430,14.8500,100
37286430996633,10:21:26.430,14.8500,10
37286430996633,10:21:26.430,14.8500,100
37286430996633,10:21:26.430,14.8500,49
37286430996633,10:21:26.430,14.8500,257
37286431035343,10:21:26.431,14.8500,243
37286431035343,10:21:26.431,14.8500,100
37286431035343,10:21:26.431,14.8500,100
37312272139156,10:21:52.272,14.8550,100
37312272139156,10:21:52.272,14.8500,900
37312272139156,10:21:52.272,14.8500,100
37312272139156,10:21:52.272,14.8500,500
37312272139156,10:21:52.272,14.8500,100
37312272139156,10:21:52.272,14.8500,400
37312272139156,10:21:52.272,14.8500,100
37312272324040,10:21:52.272,14.8500,100
37312272324040,10:21:52.272,14.8500,100
37338278107907,10:22:18.278,14.8400,100
37339021209320,10:22:19.021,14.8400,156
37339021243581,10:22:19.021,14.8400,44
37339021243581,10:22:19.021,14.8400,100
37339021243581,10:22:19.021,14.8400,56
37339021244660,10:22:19.021,14.8400,44
37339021244660,10:22:19.021,14.8400,24
37339021431920,10:22:19.021,14.8400,76
37339021431920,10:22:19.021,14.8400,52
37339022066753,10:22:19.022,14.8400,148
37339278430943,10:22:19.278,14.8400,200
37339278430943,10:22:19.278,14.8400,100
37339278430943,10:22:19.278,14.8400,600
37340279041669,10:22:20.279,14.8400,300
37355278525001,10:22:35.278,14.8400,200
37356276890129,10:22:36.276,14.8300,200
37356276890129,10:22:36.276,14.8300,100
37356276890129,10:22:36.276,14.8300,100
37356276890129,10:22:36.276,14.8300,8
37356276890129,10:22:36.276,14.8300,100
37356276890129,10:22:36.276,14.8300,100
37356479717495,10:22:36.479,14.8300,200
37366656519651,10:22:46.656,14.8300,531
37366656519651,10:22:46.656,14.8300,400
37367276605081,10:22:47.276,14.8200,100
37367276605081,10:22:47.276,14.8200,156
37367276605081,10:22:47.276,14.8200,8
37368276148855,10:22:48.276,14.8150,100
37378235363391,10:22:58.235,14.8100,200
37378235363391,10:22:58.235,14.8100,400
37378235363391,10:22:58.235,14.8100,7
37378235363391,10:22:58.235,14.8100,193
37378277938468,10:22:58.277,14.8000,2
37378277938468,10:22:58.277,14.8000,100
37378277938468,10:22:58.277,14.8000,100
37378277938468,10:22:58.277,14.8000,400
37378277938468,10:22:58.277,14.8000,200
37378277938468,10:22:58.277,14.8000,7
37378310518671,10:22:58.310,14.8000,300
37378310518671,10:22:58.310,14.8000,100
37378310518671,10:22:58.310,14.8000,100
37378310518671,10:22:58.310,14.8000,100
37378310518671,10:22:58.310,14.8000,100
37378310518671,10:22:58.310,14.8000,100
37378310518671,10:22:58.310,14.8000,400
37378310518671,10:22:58.310,14.8000,541
37378310518671,10:22:58.310,14.8000,300
37378360722299,10:22:58.360,14.8000,159
37378382048541,10:22:58.382,14.8000,100
37380095937009,10:23:00.095,14.8000,141
37380095937009,10:23:00.095,14.8000,100
37380095937009,10:23:00.095,14.8000,100
37380279143713,10:23:00.279,14.8000,500
37380279143713,10:23:00.279,14.8000,300
37380279143713,10:23:00.279,14.8000,100
37380279143713,10:23:00.279,14.8000,200
37380279143713,10:23:00.279,14.8000,200
37412664140879,10:23:32.664,14.8100,100
37412664140879,10:23:32.664,14.8100,10
37412664140879,10:23:32.664,14.8100,200
37412664140879,10:23:32.664,14.8100,200
37412664140879,10:23:32.664,14.8100,100
37412664140879,10:23:32.664,14.8100,200
37415215490991,10:23:35.215,14.8200,100
37415215490991,10:23:35.215,14.8200,400
37415215490991,10:23:35.215,14.8200,100
37415215490991,10:23:35.215,14.8200,37
37415215490991,10:23:35.215,14.8200,100
37415215828976,10:23:35.215,14.8200,100
37415216599203,10:23:35.216,14.8200,400
37418161052074,10:23:38.161,14.8200,100
37418161130131,10:23:38.161,14.8200,100
37418161130131,10:23:38.161,14.8200,155
37418161858536,10:23:38.161,14.8200,100
37453344976593,10:24:13.344,14.8200,100
37453345066203,10:24:13.345,14.8200,500
37453345066203,10:24:13.345,14.8200,36
37453345145079,10:24:13.345,14.8200,36
37456785970340,10:24:16.785,14.8200,64
37456785970340,10:24:16.785,14.8200,36
37456786889534,10:24:16.786,14.8200,100
37456787464333,10:24:16.787,14.8200,100
37474885079694,10:24:34.885,14.8300,100
37474885079694,10:24:34.885,14.8300,100
37474885079694,10:24:34.885,14.8300,100
37511512109981,10:25:11.512,14.8400,100
37511512109981,10:25:11.512,14.8400,400
37511512109981,10:25:11.512,14.8400,100
37511512109981,10:25:11.512,14.8400,10
37516954215619,10:25:16.954,14.8500,100
37516954215619,10:25:16.954,14.8500,400
37516954215619,10:25:16.954,14.8500,100
37522772670749,10:25:22.772,14.8500,7
37522772670749,10:25:22.772,14.8500,100
37522772670749,10:25:22.772,14.8500,400
37524493600190,10:25:24.493,14.8400,400
37524493600190,10:25:24.493,14.8400,100
37524495204963,10:25:24.495,14.8400,100
37527580003370,10:25:27.580,14.8400,100
37532456606354,10:25:32.456,14.8500,400
37532456606354,10:25:32.456,14.8500,100
37535336501684,10:25:35.336,14.8500,700
37535336501684,10:25:35.336,14.8500,300
37535336501684,10:25:35.336,14.8500,100
37535336501684,10:25:35.336,14.8500,100
37535336501684,10:25:35.336,14.8500,100
37535336501684,10:25:35.336,14.8500,100
37535336501684,10:25:35.336,14.8500,400
37535430249410,10:25:35.430,14.8500,100
37535430249410,10:25:35.430,14.8500,300
37536167578223,10:25:36.167,14.8400,1000
37536167578223,10:25:36.167,14.8400,100
37536167578223,10:25:36.167,14.8400,200
37536167578223,10:25:36.167,14.8400,100
37536167578223,10:25:36.167,14.8400,400
37536167578223,10:25:36.167,14.8400,100
37536167960710,10:25:36.167,14.8400,100
37536167960710,10:25:36.167,14.8400,100
37536167960710,10:25:36.167,14.8400,100
37536167960710,10:25:36.167,14.8400,100
37543033293437,10:25:43.033,14.8300,100
37543033293437,10:25:43.033,14.8300,400
37546562415251,10:25:46.562,14.8200,400
37546562415251,10:25:46.562,14.8200,100
37565447693597,10:26:05.447,14.8200,800
37565447693597,10:26:05.447,14.8200,100
37565447693597,10:26:05.447,14.8200,400
37565447693597,10:26:05.447,14.8200,600
37565447693597,10:26:05.447,14.8200,93
37565447693597,10:26:05.447,14.8200,33
37565447693597,10:26:05.447,14.8200,74
37565447730398,10:26:05.447,14.8200,26
37565448246619,10:26:05.448,14.8200,3
37565448588076,10:26:05.448,14.8200,97
37565448588076,10:26:05.448,14.8200,400
37565448588076,10:26:05.448,14.8200,100
37572726046055,10:26:12.726,14.8200,100
37572726046055,10:26:12.726,14.8200,100
37572726046055,10:26:12.726,14.8200,400
37572726583753,10:26:12.726,14.8200,100
37572726583753,10:26:12.726,14.8200,100
37572726583753,10:26:12.726,14.8200,100
37596889333166,10:26:36.889,14.8100,100
37599338868706,10:26:39.338,14.8100,220
37599558367019,10:26:39.558,14.8100,100
37599558367019,10:26:39.558,14.8100,100
37599558367019,10:26:39.558,14.8100,100
37600025287446,10:26:40.025,14.8100,400
37615958535463,10:26:55.958,14.8100,100
37622949150137,10:27:02.949,14.8100,100
37622949150137,10:27:02.949,14.8100,100
37622949493842,10:27:02.949,14.8100,100
37622981957907,10:27:02.981,14.8200,100
37622981957907,10:27:02.981,14.8200,200
37631940196719,10:27:11.940,14.8200,100
37649427301193,10:27:29.427,14.8400,400
37649427301193,10:27:29.427,14.8400,100
37649427301193,10:27:29.427,14.8400,100
37649427301193,10:27:29.427,14.8400,100
37649427301193,10:27:29.427,14.8400,100
37649427301193,10:27:29.427,14.8400,100
37649427301193,10:27:29.427,14.8400,50
37649427920038,10:27:29.427,14.8400,100
37660000965102,10:27:40.000,14.8500,100
37660000965102,10:27:40.000,14.8500,100
37660000965102,10:27:40.000,14.8500,400
37663005427192,10:27:43.005,14.8600,100
37663005427192,10:27:43.005,14.8600,100
37663005427192,10:27:43.005,14.8600,100
37663008727731,10:27:43.008,14.8600,100
37663008727731,10:27:43.008,14.8600,100
37663008727731,10:27:43.008,14.8600,100
37667179439188,10:27:47.179,14.8500,100
37667179439188,10:27:47.179,14.8500,100
37667179439188,10:27:47.179,14.8500,100
37667179439188,10:27:47.179,14.8500,100
37667179439188,10:27:47.179,14.8500,400
37674648851692,10:27:54.648,14.8500,100
37674648851692,10:27:54.648,14.8500,100
37674648851692,10:27:54.648,14.8500,200
37675641000321,10:27:55.641,14.8450,100
37675641000321,10:27:55.641,14.8400,100
37675641000321,10:27:55.641,14.8400,100
37675641000321,10:27:55.641,14.8400,100
37675641000321,10:27:55.641,14.8400,100
37675641000321,10:27:55.641,14.8400,100
37675641000321,10:27:55.641,14.8400,100
37675734739642,10:27:55.734,14.8400,100
37675734739642,10:27:55.734,14.8400,400
37679062631043,10:27:59.062,14.8300,100
37679062631043,10:27:59.062,14.8300,100
37679062631043,10:27:59.062,14.8300,100
37679062631043,10:27:59.062,14.8300,100
37679062631043,10:27:59.062,14.8300,100
37679062631043,10:27:59.062,14.8300,100
37679062631043,10:27:59.062,14.8300,400
37679062631043,10:27:59.062,14.8300,100
37679062631043,10:27:59.062,14.8300,100
37679062631043,10:27:59.062,14.8300,300
37679145545729,10:27:59.145,14.8300,100
37679197009694,10:27:59.197,14.8300,100
37679197009694,10:27:59.197,14.8300,100
37679197009694,10:27:59.197,14.8300,100
37679197009694,10:27:59.197,14.8300,100
37679197009694,10:27:59.197,14.8300,200
37679197009694,10:27:59.197,14.8300,100
37679197009694,10:27:59.197,14.8300,100
37679276099047,10:27:59.276,14.8300,300
37679276099047,10:27:59.276,14.8300,100
37679276099047,10:27:59.276,14.8300,100
37679276099047,10:27:59.276,14.8300,100
37679276099047,10:27:59.276,14.8300,400
37679276099047,10:27:59.276,14.8300,100
37679276099047,10:27:59.276,14.8300,200
37679276099047,10:27:59.276,14.8300,100
37679276099047,10:27:59.276,14.8300,400
37679276099047,10:27:59.276,14.8300,100
37679276099047,10:27:59.276,14.8300,100
37679276099047,10:27:59.276,14.8300,300
37679276162223,10:27:59.276,14.8300,100
37679327114648,10:27:59.327,14.8300,200
37679327534823,10:27:59.327,14.8300,300
37679327534823,10:27:59.327,14.8300,400
37681255124204,10:28:01.255,14.8300,400
37681255124204,10:28:01.255,14.8300,100
37681255124204,10:28:01.255,14.8300,100
37681255124204,10:28:01.255,14.8300,100
37681255124204,10:28:01.255,14.8300,300
37681304207891,10:28:01.304,14.8300,300
37681304207891,10:28:01.304,14.8300,399
37682012993176,10:28:02.012,14.8300,100
37682012993176,10:28:02.012,14.8300,100
37686203038514,10:28:06.203,14.8300,200
37686203038514,10:28:06.203,14.8300,34
37691924087880,10:28:11.924,14.8250,4
37704034385604,10:28:24.034,14.8200,100
37712650003518,10:28:32.650,14.8150,100
37785634714629,10:29:45.634,14.8100,88
37785634714629,10:29:45.634,14.8100,12
37800206593921,10:30:00.206,14.8000,100
37800412299070,10:30:00.412,14.8000,1206
37800412299070,10:30:00.412,14.8000,400
37800429502916,10:30:00.429,14.8100,100
37845307396862,10:30:45.307,14.8100,100
37845307396862,10:30:45.307,14.8100,100
37845307396862,10:30:45.307,14.8100,300
37845307396862,10:30:45.307,14.8100,88
37845307396862,10:30:45.307,14.8100,29
37845307396862,10:30:45.307,14.8100,100
37845307396862,10:30:45.307,14.8100,600
37854857589848,10:30:54.857,14.8200,100
37854857589848,10:30:54.857,14.8200,100
37854857589848,10:30:54.857,14.8200,100
37854857589848,10:30:54.857,14.8200,100
37854857589848,10:30:54.857,14.8200,400
37854857589848,10:30:54.857,14.8200,100
37854857589848,10:30:54.857,14.8200,100
37854858587245,10:30:54.858,14.8200,100
37854858587245,10:30:54.858,14.8200,100
37854858587245,10:30:54.858,14.8200,100
37854858587245,10:30:54.858,14.8200,200
37854858587245,10:30:54.858,14.8200,100
37854858587245,10:30:54.858,14.8200,100
37854919887715,10:30:54.919,14.8200,100
37854919887715,10:30:54.919,14.8200,100
37854919887715,10:30:54.919,14.8200,100
37856643241867,10:30:56.643,14.8200,100
37856643241867,10:30:56.643,14.8200,44
37862910216957,10:31:02.910,14.8200,100
37862910216957,10:31:02.910,14.8200,100
37866883342319,10:31:06.883,14.8300,100
37882234959650,10:31:22.234,14.8400,100
37882234959650,10:31:22.234,14.8400,100
37882234959650,10:31:22.234,14.8400,75
37882234987337,10:31:22.234,14.8400,525
37917697795437,10:31:57.697,14.8500,100
37917697795437,10:31:57.697,14.8500,100
37919142348038,10:31:59.142,14.8500,100
37919142348038,10:31:59.142,14.8500,400
37919142348038,10:31:59.142,14.8500,100
37932648882702,10:32:12.648,14.8400,100
37932648882702,10:32:12.648,14.8400,100
37932648882702,10:32:12.648,14.8400,100
37932648882702,10:32:12.648,14.8400,100
37935151979154,10:32:15.151,14.8400,200
37935151979154,10:32:15.151,14.8400,400
37951620501232,10:32:31.620,14.8500,38
37968894912331,10:32:48.894,14.8700,100
37989627660921,10:33:09.627,14.8800,10
38000668103033,10:33:20.668,14.8900,100
38000668103033,10:33:20.668,14.8900,100
38004305097803,10:33:24.305,14.8900,100
38004305097803,10:33:24.305,14.8900,700
38020844164316,10:33:40.844,14.8900,100
38020844164316,10:33:40.844,14.8900,190
38020878828797,10:33:40.878,14.8900,100
38021093774224,10:33:41.093,14.8900,100
38021093774224,10:33:41.093,14.8900,100
38021093774224,10:33:41.093,14.8900,400
38021093774224,10:33:41.093,14.8900,100
38021093774224,10:33:41.093,14.8900,100
38021093774224,10:33:41.093,14.8900,100
38021093774224,10:33:41.093,14.8900,100
38021093774224,10:33:41.093,14.8900,100
38034021627837,10:33:54.021,14.8900,100
38034105422947,10:33:54.105,14.8950,100
38034105422947,10:33:54.105,14.8900,100
38034105422947,10:33:54.105,14.8900,100
38034105422947,10:33:54.105,14.8900,100
38034105422947,10:33:54.105,14.8900,100
38034105422947,10:33:54.105,14.8900,100
38034105422947,10:33:54.105,14.8900,300
38034105422947,10:33:54.105,14.8900,100
38034105422947,10:33:54.105,14.8900,300
38034105422947,10:33:54.105,14.8900,100
38034105422947,10:33:54.105,14.8900,400
38034105422947,10:33:54.105,14.8900,100
38034105422947,10:33:54.105,14.8900,100
38034105422947,10:33:54.105,14.8900,100
38034105422947,10:33:54.105,14.8900,100
38034105422947,10:33:54.105,14.8900,100
38034105422947,10:33:54.105,14.8900,100
38034105422947,10:33:54.105,14.8900,300
38034106238352,10:33:54.106,14.8900,100
38034657033658,10:33:54.657,14.8850,200
38041649035512,10:34:01.649,14.8850,200
38042149032703,10:34:02.149,14.8850,200
38044808711065,10:34:04.808,14.8900,10
38047602038912,10:34:07.602,14.8850,200
38049023032531,10:34:09.023,14.8850,200
38050748055353,10:34:10.748,14.8850,200
38052920640160,10:34:12.920,14.8800,18
38052921493308,10:34:12.921,14.8800,18
38053564044140,10:34:13.564,14.8800,64
38068358818766,10:34:28.358,14.8700,100
38068358818766,10:34:28.358,14.8700,100
38068920040155,10:34:28.920,14.8650,113
38072476726562,10:34:32.476,14.8600,100
38073536483923,10:34:33.536,14.8600,264
38073536483923,10:34:33.536,14.8600,200
38073536483923,10:34:33.536,14.8600,100
38073536483923,10:34:33.536,14.8600,400
38074257607456,10:34:34.257,14.8600,100
38074257607456,10:34:34.257,14.8600,100
38074257607456,10:34:34.257,14.8600,100
38074552774527,10:34:34.552,14.8600,40
38085254577282,10:34:45.254,14.8500,26
38130349874698,10:35:30.349,14.8550,33
38131874686948,10:35:31.874,14.8550,67
38131874686948,10:35:31.874,14.8600,93
38131874758356,10:35:31.874,14.8600,7
38131874758356,10:35:31.874,14.8600,400
38131874758356,10:35:31.874,14.8600,4
38131874758356,10:35:31.874,14.8600,40
38131874758356,10:35:31.874,14.8600,600
38135458306717,10:35:35.458,14.8600,100
38135458306717,10:35:35.458,14.8600,100
38135458635109,10:35:35.458,14.8600,100
38135458635109,10:35:35.458,14.8600,100
38135458635109,10:35:35.458,14.8600,100
38135458635109,10:35:35.458,14.8600,200
38163314154768,10:36:03.314,14.8500,74
38163314154768,10:36:03.314,14.8500,26
38163319791912,10:36:03.319,14.8500,74
38163319791912,10:36:03.319,14.8500,26
38163320024144,10:36:03.320,14.8500,74
38163320024144,10:36:03.320,14.8500,100
38165815230859,10:36:05.815,14.8500,100
38165815230859,10:36:05.815,14.8500,200
38165815230859,10:36:05.815,14.8500,400
38165815230859,10:36:05.815,14.8500,100
38171576098078,10:36:11.576,14.8600,100
38171576098078,10:36:11.576,14.8600,34
38185626207946,10:36:25.626,14.8600,200
38206704503451,10:36:46.704,14.8600,100
38232708106510,10:37:12.708,14.8700,100
38238205312002,10:37:18.205,14.8700,100
38238205312002,10:37:18.205,14.8700,143
38238205338959,10:37:18.205,14.8700,157
38238277588491,10:37:18.277,14.8600,100
38238277588491,10:37:18.277,14.8600,100
38238277588491,10:37:18.277,14.8600,190
38245222723281,10:37:25.222,14.8600,100
38245224040719,10:37:25.224,14.8600,100
38245224248391,10:37:25.224,14.8600,100
38248073592513,10:37:28.073,14.8600,100
38268847986824,10:37:48.847,14.8500,300
38271751485459,10:37:51.751,14.8500,100
38271751485459,10:37:51.751,14.8500,100
38271751485459,10:37:51.751,14.8500,100
38287904475545,10:38:07.904,14.8600,200
38287904475545,10:38:07.904,14.8600,100
38287904475545,10:38:07.904,14.8600,38
38299219616996,10:38:19.219,14.8700,12
38299219664217,10:38:19.219,14.8700,84
38299220167732,10:38:19.220,14.8700,2
38299648457243,10:38:19.648,14.8700,2
38299648457243,10:38:19.648,14.8700,98
38328820363147,10:38:48.820,14.8800,100
38328820493957,10:38:48.820,14.8800,10
38330066533828,10:38:50.066,14.8850,40
38338960353554,10:38:58.960,14.8900,100
38338960353554,10:38:58.960,14.8900,100
38338960353554,10:38:58.960,14.8900,100
38343021719634,10:39:03.021,14.9000,100
38343021719634,10:39:03.021,14.9000,100
38349754870543,10:39:09.754,14.9100,100
38349754870543,10:39:09.754,14.9100,100
38349754870543,10:39:09.754,14.9100,100
38349755343114,10:39:09.755,14.9100,100
38354458339152,10:39:14.458,14.9100,100
38354458339152,10:39:14.458,14.9100,100
38354458339152,10:39:14.458,14.9100,100
38354458609818,10:39:14.458,14.9100,300
38354458609818,10:39:14.458,14.9100,400
38354458609818,10:39:14.458,14.9100,100
38354458609818,10:39:14.458,14.9100,100
38354458609818,10:39:14.458,14.9100,10
38354458644207,10:39:14.458,14.9100,90
38372939068001,10:39:32.939,14.9000,100
38374047580938,10:39:34.047,14.8950,100
38374048464807,10:39:34.048,14.9000,100
38374048464807,10:39:34.048,14.9000,61
38390156387381,10:39:50.156,14.9050,100
38416413611482,10:40:16.413,14.9000,300
38417859259306,10:40:17.859,14.9000,300
38417859259306,10:40:17.859,14.9000,100
38419509183282,10:40:19.509,14.9100,500
38419509253520,10:40:19.509,14.9100,400
38419509253520,10:40:19.509,14.9100,100
38419509253520,10:40:19.509,14.9100,100
38419509253520,10:40:19.509,14.9100,43
38425457773784,10:40:25.457,14.9100,400
38463434266515,10:41:03.434,14.9100,200
38463434266515,10:41:03.434,14.9100,33
38463434564010,10:41:03.434,14.9100,67
38494927301862,10:41:34.927,14.9100,100
38501709917842,10:41:41.709,14.9200,200
38523365823678,10:42:03.365,14.9100,100
38523365823678,10:42:03.365,14.9100,100
38523365823678,10:42:03.365,14.9100,300
38523366298373,10:42:03.366,14.9100,100
38523496687695,10:42:03.496,14.9050,18
38535504651781,10:42:15.504,14.9100,188
38535504873848,10:42:15.504,14.9100,2
38535505791123,10:42:15.505,14.9100,10
38535505791123,10:42:15.505,14.9100,238
38535505832044,10:42:15.505,14.9100,114
38535505885583,10:42:15.505,14.9100,248
38605560764148,10:43:25.560,14.9200,40
38605560764148,10:43:25.560,14.9200,48
38605560764148,10:43:25.560,14.9200,300
38605560764148,10:43:25.560,14.9200,100
38605560764148,10:43:25.560,14.9200,100
38610557509384,10:43:30.557,14.9300,100
38657721114326,10:44:17.721,14.9300,100
38657721114326,10:44:17.721,14.9300,52
38657721144515,10:44:17.721,14.9300,48
38657721144515,10:44:17.721,14.9300,200
38657721144515,10:44:17.721,14.9300,100
38657721144515,10:44:17.721,14.9300,82
38658002170246,10:44:18.002,14.9300,100
38658003036939,10:44:18.003,14.9300,200
38658003036939,10:44:18.003,14.9300,100
38658003036939,10:44:18.003,14.9300,100
38672515556280,10:44:32.515,14.9200,100
38753025459822,10:45:53.025,14.9000,100
38790302923682,10:46:30.302,14.9000,400
38790302923682,10:46:30.302,14.9000,100
38790302923682,10:46:30.302,14.9000,100
38790302923682,10:46:30.302,14.9000,1200
38790302923682,10:46:30.302,14.9000,400
38790302923682,10:46:30.302,14.9000,44
38790328645617,10:46:30.328,14.9000,200
38790328645617,10:46:30.328,14.9000,100
38790328645617,10:46:30.328,14.9000,800
38790328645617,10:46:30.328,14.9000,400
38790354414792,10:46:30.354,14.9000,100
38798341703580,10:46:38.341,14.8950,100
38798341703580,10:46:38.341,14.8950,180
38798341703580,10:46:38.341,14.8950,100
38798341703580,10:46:38.341,14.9000,300
38798341703580,10:46:38.341,14.9000,100
38798341703580,10:46:38.341,14.9000,100
38798341703580,10:46:38.341,14.9000,600
38798341703580,10:46:38.341,14.9000,200
38798341703580,10:46:38.341,14.9000,100
38798341703580,10:46:38.341,14.9000,100
38798341703580,10:46:38.341,14.9000,320
38798400803196,10:46:38.400,14.9000,180
38798400803196,10:46:38.400,14.9000,20
38818860486726,10:46:58.860,14.8900,100
38818860486726,10:46:58.860,14.8900,200
38822906886843,10:47:02.906,14.8900,400
38874266214968,10:47:54.266,14.8950,100
38874266214968,10:47:54.266,14.8950,100
38874266214968,10:47:54.266,14.9000,80
38874266214968,10:47:54.266,14.9000,100
38874266214968,10:47:54.266,14.9000,100
38874266214968,10:47:54.266,14.9000,100
38874266214968,10:47:54.266,14.9000,100
38874266214968,10:47:54.266,14.9000,420
38874266478343,10:47:54.266,14.9000,100
38874266478343,10:47:54.266,14.9000,100
38874266478343,10:47:54.266,14.9000,507
38874267199316,10:47:54.267,14.9000,200
38874267199316,10:47:54.267,14.9000,100
38874267597591,10:47:54.267,14.9000,10
38874267699376,10:47:54.267,14.9000,100
38874268016992,10:47:54.268,14.9000,100
38874268434085,10:47:54.268,14.9000,100
38874268629041,10:47:54.268,14.9000,200
38874268796806,10:47:54.268,14.9000,90
38874268796806,10:47:54.268,14.9000,100
38874268796806,10:47:54.268,14.9000,100
38874268796806,10:47:54.268,14.9000,100
38874268796806,10:47:54.268,14.9000,100
38874268848258,10:47:54.268,14.9000,100
38874270389986,10:47:54.270,14.9000,100
38874270389986,10:47:54.270,14.9000,100
38874270389986,10:47:54.270,14.9000,100
38874270389986,10:47:54.270,14.9000,100
38874270389986,10:47:54.270,14.9000,100
38874270389986,10:47:54.270,14.9000,100
38874270607769,10:47:54.270,14.9000,100
38874270607769,10:47:54.270,14.9000,400
38874272331577,10:47:54.272,14.9000,100
38874272331577,10:47:54.272,14.9000,100
38874272331577,10:47:54.272,14.9000,100
38874274134521,10:47:54.274,14.9000,100
38874274134521,10:47:54.274,14.9000,100
38874275615776,10:47:54.275,14.9000,100
38874275615776,10:47:54.275,14.9000,100
38874373432045,10:47:54.373,14.9000,100
38874373432045,10:47:54.373,14.9000,100
38874373432045,10:47:54.373,14.9000,29
38874373432045,10:47:54.373,14.9000,400
38874373432045,10:47:54.373,14.9000,100
38875839802472,10:47:55.839,14.9000,200
38875839802472,10:47:55.839,14.9000,100
38875839802472,10:47:55.839,14.9000,200
38875839802472,10:47:55.839,14.9000,400
38875839802472,10:47:55.839,14.9000,100
38875943339210,10:47:55.943,14.9000,700
38875943339210,10:47:55.943,14.9000,100
38881449098768,10:48:01.449,14.8900,53
38887980840751,10:48:07.980,14.9000,400
38887980840751,10:48:07.980,14.9000,400
38887980840751,10:48:07.980,14.9000,42
38888129233101,10:48:08.129,14.9000,1000
38888129233101,10:48:08.129,14.9000,100
38888129233101,10:48:08.129,14.9000,100
38888129233101,10:48:08.129,14.9000,100
38888129233101,10:48:08.129,14.9000,400
38888129233101,10:48:08.129,14.9000,100
38888129233101,10:48:08.129,14.9000,100
38888140050538,10:48:08.140,14.9000,300
38888140050538,10:48:08.140,14.9000,807
38888140050538,10:48:08.140,14.9000,100
38888140050538,10:48:08.140,14.9000,200
38888140050538,10:48:08.140,14.9000,100
38888140050538,10:48:08.140,14.9000,300
38888140050538,10:48:08.140,14.9000,400
38888140050538,10:48:08.140,14.9000,200
38888140050538,10:48:08.140,14.9000,300
38888140050538,10:48:08.140,14.9000,100
38888140050538,10:48:08.140,14.9000,100
38888175405298,10:48:08.175,14.9000,1500
38888175405298,10:48:08.175,14.9000,100
38888175405298,10:48:08.175,14.9000,300
38888175405298,10:48:08.175,14.9000,500
38888175405298,10:48:08.175,14.9000,200
38888175405298,10:48:08.175,14.9000,100
38888175405298,10:48:08.175,14.9000,200
38888175405298,10:48:08.175,14.9000,400
38888175405298,10:48:08.175,14.9000,100
38888175405298,10:48:08.175,14.9000,100
38888226155000,10:48:08.226,14.8950,100
38888226155000,10:48:08.226,14.9000,300
38888226155000,10:48:08.226,14.9000,100
38888226155000,10:48:08.226,14.9000,100
38888226155000,10:48:08.226,14.9000,200
38888226155000,10:48:08.226,14.9000,500
38888226155000,10:48:08.226,14.9000,200
38888226155000,10:48:08.226,14.9000,200
38888226155000,10:48:08.226,14.9000,400
38888226155000,10:48:08.226,14.9000,100
38888226155000,10:48:08.226,14.9000,300
38888233957951,10:48:08.233,14.9000,500
38888233957951,10:48:08.233,14.9000,200
38888233957951,10:48:08.233,14.9000,100
38888233957951,10:48:08.233,14.9000,400
38888233957951,10:48:08.233,14.9000,100
38888378056698,10:48:08.378,14.9000,900
38888378056698,10:48:08.378,14.9000,300
38888378056698,10:48:08.378,14.9000,200
38888378056698,10:48:08.378,14.9000,100
38888378056698,10:48:08.378,14.9000,100
38888378056698,10:48:08.378,14.9000,400
38888381230988,10:48:08.381,14.9000,2000
38888381230988,10:48:08.381,14.9000,200
38888381230988,10:48:08.381,14.9000,800
38888381230988,10:48:08.381,14.9000,100
38888381230988,10:48:08.381,14.9000,100
38888381230988,10:48:08.381,14.9000,100
38888388841834,10:48:08.388,14.9000,45
38888388922249,10:48:08.388,14.9000,455
38888388922249,10:48:08.388,14.9000,200
38888388922249,10:48:08.388,14.9000,300
38888481574031,10:48:08.481,14.8950,100
38892129692140,10:48:12.129,14.9000,100
38892129692140,10:48:12.129,14.9000,400
38892130144110,10:48:12.130,14.9000,100
38895337414272,10:48:15.337,14.9000,400
38895337414272,10:48:15.337,14.9000,100
38895337414272,10:48:15.337,14.9100,100
38895337414272,10:48:15.337,14.9100,100
38895337414272,10:48:15.337,14.9100,300
38895337414272,10:48:15.337,14.9100,200
38895337414272,10:48:15.337,14.9100,15
38895337414272,10:48:15.337,14.9100,200
38895337414272,10:48:15.337,14.9100,100
38895337414272,10:48:15.337,14.9100,700
38895337414272,10:48:15.337,14.9100,100
38895337414272,10:48:15.337,14.9100,100
38895536720203,10:48:15.536,14.9000,100
38895536720203,10:48:15.536,14.9000,100
38895536720203,10:48:15.536,14.9000,100
38895536720203,10:48:15.536,14.9000,300
38895536720203,10:48:15.536,14.9000,100
38895536720203,10:48:15.536,14.9000,100
38895556632311,10:48:15.556,14.9000,1000
38895556632311,10:48:15.556,14.9000,200
38895556632311,10:48:15.556,14.9000,300
38895556632311,10:48:15.556,14.9000,100
38895556632311,10:48:15.556,14.9000,100
38895556632311,10:48:15.556,14.9000,100
38895556632311,10:48:15.556,14.9000,400
38895556632311,10:48:15.556,14.9000,200
38895556632311,10:48:15.556,14.9000,1300
38895556632311,10:48:15.556,14.9000,100
38895561040911,10:48:15.561,14.9000,1731
38895561648777,10:48:15.561,14.9000,269
38895561648777,10:48:15.561,14.9000,131
38895565540236,10:48:15.565,14.9000,269
38895565540236,10:48:15.565,14.9000,100
38895565540236,10:48:15.565,14.9000,200
38895565540236,10:48:15.565,14.9000,400
38895565540236,10:48:15.565,14.9000,200
38895565540236,10:48:15.565,14.9000,100
38895565540236,10:48:15.565,14.9000,300
38895565540236,10:48:15.565,14.9000,100
38907016231573,10:48:27.016,14.9000,100
38907548329762,10:48:27.548,14.9000,100
38907548329762,10:48:27.548,14.9000,100
38907548329762,10:48:27.548,14.9000,100
38907548329762,10:48:27.548,14.9000,100
38907548329762,10:48:27.548,14.9000,100
38907548329762,10:48:27.548,14.9000,100
38907548329762,10:48:27.548,14.9000,100
38907548329762,10:48:27.548,14.9000,100
38907548329762,10:48:27.548,14.9000,100
38907548329762,10:48:27.548,14.9000,300
38907548329762,10:48:27.548,14.9000,100
38917019182537,10:48:37.019,14.9000,200
38917019182537,10:48:37.019,14.9000,100
38917022144215,10:48:37.022,14.9000,100
38917022144215,10:48:37.022,14.9000,12
38917397491680,10:48:37.397,14.9000,200
38917397491680,10:48:37.397,14.9000,100
38919590321388,10:48:39.590,14.8900,100
38919590321388,10:48:39.590,14.8900,200
38920008644837,10:48:40.008,14.8900,100
38920091708103,10:48:40.091,14.8900,100
38920091708103,10:48:40.091,14.8900,500
38920091708103,10:48:40.091,14.8900,100
38920091708103,10:48:40.091,14.8900,400
38920091708103,10:48:40.091,14.8900,100
38920091708103,10:48:40.091,14.8900,100
38920091708103,10:48:40.091,14.8900,300
38923939135733,10:48:43.939,14.8900,400
38929450688408,10:48:49.450,14.8900,39
38929450688408,10:48:49.450,14.8900,100
38929450688408,10:48:49.450,14.8900,100
38929452267021,10:48:49.452,14.8900,100
38929452267021,10:48:49.452,14.8900,500
38929452267021,10:48:49.452,14.8900,100
38929452267021,10:48:49.452,14.8900,500
38929579590945,10:48:49.579,14.8900,100
38930167213289,10:48:50.167,14.8900,100
38931335401937,10:48:51.335,14.8900,300
38931335401937,10:48:51.335,14.8900,1100
38931341822109,10:48:51.341,14.8900,1200
38932738870209,10:48:52.738,14.8950,100
38932738870209,10:48:52.738,14.9000,388
38932738870209,10:48:52.738,14.9000,100
38932738870209,10:48:52.738,14.9000,100
38932738870209,10:48:52.738,14.9000,200
38932738870209,10:48:52.738,14.9000,12
38934108816363,10:48:54.108,14.9100,100
38934108816363,10:48:54.108,14.9100,100
38934108816363,10:48:54.108,14.9100,100
38934108816363,10:48:54.108,14.9100,100
38934108816363,10:48:54.108,14.9100,100
38934131152410,10:48:54.131,14.9100,100
38934131152410,10:48:54.131,14.9100,400
38948243277602,10:49:08.243,14.9200,100
38948243277602,10:49:08.243,14.9200,400
38948243277602,10:49:08.243,14.9200,700
38948243635275,10:49:08.243,14.9200,40
38948243658090,10:49:08.243,14.9200,45
38948246233567,10:49:08.246,14.9200,100
38948246233567,10:49:08.246,14.9200,80
38948246265292,10:49:08.246,14.9200,200
38948246894151,10:49:08.246,14.9200,100
38948246937839,10:49:08.246,14.9200,100
38948246973748,10:49:08.246,14.9200,100
38948247011611,10:49:08.247,14.9200,100
38948247047523,10:49:08.247,14.9200,100
38948247083697,10:49:08.247,14.9200,100
38948247122108,10:49:08.247,14.9200,20
39018332592687,10:50:18.332,14.9200,200
39018332592687,10:50:18.332,14.9200,300
39018332592687,10:50:18.332,14.9200,100
39018332592687,10:50:18.332,14.9200,100
39018332592687,10:50:18.332,14.9200,100
39018332592687,10:50:18.332,14.9200,100
39018332592687,10:50:18.332,14.9200,100
39018332592687,10:50:18.332,14.9200,200
39018332592687,10:50:18.332,14.9200,42
39022114411195,10:50:22.114,14.9300,100
39022114411195,10:50:22.114,14.9300,90
39022114436710,10:50:22.114,14.9300,10
39023879368555,10:50:23.879,14.9300,400
39023881328984,10:50:23.881,14.9300,400
39023881328984,10:50:23.881,14.9300,100
39023881328984,10:50:23.881,14.9300,100
39023881328984,10:50:23.881,14.9300,100
39023883169306,10:50:23.883,14.9200,100
39023883169306,10:50:23.883,14.9200,100
39023883169306,10:50:23.883,14.9200,400
39023883169306,10:50:23.883,14.9200,100
39023883169306,10:50:23.883,14.9200,100
39023883169306,10:50:23.883,14.9200,100
39023883169306,10:50:23.883,14.9200,100
39023885547493,10:50:23.885,14.9200,100
39023885547493,10:50:23.885,14.9200,100
39023885547493,10:50:23.885,14.9200,400
39023885547493,10:50:23.885,14.9200,400
39023885547493,10:50:23.885,14.9200,100
39023886097692,10:50:23.886,14.9200,100
39023886097692,10:50:23.886,14.9200,100
39023886097692,10:50:23.886,14.9200,400
39023887087696,10:50:23.887,14.9100,400
39023887087696,10:50:23.887,14.9100,100
39023887087696,10:50:23.887,14.9100,100
39023887087696,10:50:23.887,14.9100,100
39023887087696,10:50:23.887,14.9100,400
39023887140078,10:50:23.887,14.9100,100
39023887169761,10:50:23.887,14.9100,200
39023889417995,10:50:23.889,14.9100,100
39023889417995,10:50:23.889,14.9100,100
39023889417995,10:50:23.889,14.9100,100
39023889417995,10:50:23.889,14.9100,400
39023889417995,10:50:23.889,14.9100,100
39023890345396,10:50:23.890,14.9100,100
39023890345396,10:50:23.890,14.9100,100
39023890345396,10:50:23.890,14.9100,100
39023890345396,10:50:23.890,14.9100,400
39023910457648,10:50:23.910,14.9100,400
39023910457648,10:50:23.910,14.9100,500
39023910457648,10:50:23.910,14.9100,200
39023910457648,10:50:23.910,14.9100,100
39023910457648,10:50:23.910,14.9100,200
39023910457648,10:50:23.910,14.9100,700
39023910457648,10:50:23.910,14.9100,300
39023915578886,10:50:23.915,14.9150,120
39023915578886,10:50:23.915,14.9100,1500
39023915578886,10:50:23.915,14.9100,100
39023915578886,10:50:23.915,14.9100,400
39023915578886,10:50:23.915,14.9100,200
39023915578886,10:50:23.915,14.9100,500
39023915578886,10:50:23.915,14.9100,100
39023915578886,10:50:23.915,14.9100,100
39023915578886,10:50:23.915,14.9100,100
39023915578886,10:50:23.915,14.9100,100
39023915578886,10:50:23.915,14.9100,100
39023915578886,10:50:23.915,14.9100,200
39023915578886,10:50:23.915,14.9100,380
39023915582965,10:50:23.915,14.9100,20
39023915582965,10:50:23.915,14.9100,100
39023915657403,10:50:23.915,14.9100,100
39023916090560,10:50:23.916,14.9100,500
39023916090560,10:50:23.916,14.9100,100
39023916090560,10:50:23.916,14.9100,1800
39024122779806,10:50:24.122,14.9100,10
39024123214481,10:50:24.123,14.9100,90
39024123214481,10:50:24.123,14.9100,100
39024123214481,10:50:24.123,14.9100,200
39024123214481,10:50:24.123,14.9100,310
39024123398873,10:50:24.123,14.9100,68
39024438180703,10:50:24.438,14.9100,22
39024438180703,10:50:24.438,14.9100,47
39024457962029,10:50:24.457,14.9100,100
39024457962029,10:50:24.457,14.9100,100
39024457962029,10:50:24.457,14.9100,100
39024457962029,10:50:24.457,14.9100,100
39024457962029,10:50:24.457,14.9100,100
39024457962029,10:50:24.457,14.9100,100
39024457962029,10:50:24.457,14.9100,100
39024457962029,10:50:24.457,14.9100,100
39024457962029,10:50:24.457,14.9100,100
39024457962029,10:50:24.457,14.9100,300
39024457962029,10:50:24.457,14.9100,400
39024458649777,10:50:24.458,14.9100,1100
39024458649777,10:50:24.458,14.9100,100
39024458649777,10:50:24.458,14.9100,100
39024458649777,10:50:24.458,14.9100,100
39024553635094,10:50:24.553,14.9100,200
39024553635094,10:50:24.553,14.9100,400
39024589404221,10:50:24.589,14.9100,1000
39024589404221,10:50:24.589,14.9100,400
39024589404221,10:50:24.589,14.9100,200
39024589404221,10:50:24.589,14.9100,100
39024589404221,10:50:24.589,14.9100,100
39024589404221,10:50:24.589,14.9100,200
39024589404221,10:50:24.589,14.9100,400
39024589404221,10:50:24.589,14.9100,100
39024589404221,10:50:24.589,14.9100,100
39024589404221,10:50:24.589,14.9100,1000
39024589404221,10:50:24.589,14.9100,200
39024589465329,10:50:24.589,14.9100,100
39024613962074,10:50:24.613,14.9100,700
39024613962074,10:50:24.613,14.9100,400
39026449730321,10:50:26.449,14.9100,100
39026449730321,10:50:26.449,14.9100,100
39026449730321,10:50:26.449,14.9100,200
39026449730321,10:50:26.449,14.9100,400
39026449730321,10:50:26.449,14.9100,300
39026482519402,10:50:26.482,14.9100,1000
39026482519402,10:50:26.482,14.9100,900
39026482519402,10:50:26.482,14.9100,100
39026482519402,10:50:26.482,14.9100,200
39026482519402,10:50:26.482,14.9100,100
39026482519402,10:50:26.482,14.9100,100
39026482519402,10:50:26.482,14.9100,400
39026482519402,10:50:26.482,14.9100,326
39026482519402,10:50:26.482,14.9100,200
39026482519402,10:50:26.482,14.9100,100
39026482519402,10:50:26.482,14.9100,100
39026482519402,10:50:26.482,14.9100,100
39026482519402,10:50:26.482,14.9100,100
39026482519402,10:50:26.482,14.9100,100
39026482519402,10:50:26.482,14.9100,100
39026482519402,10:50:26.482,14.9100,100
39026482519402,10:50:26.482,14.9100,300
39026482519402,10:50:26.482,14.9100,400
39026482519402,10:50:26.482,14.9100,300
39026482519402,10:50:26.482,14.9100,100
39035983340462,10:50:35.983,14.9000,100
39073191474451,10:51:13.191,14.8900,300
39073191474451,10:51:13.191,14.8900,100
39073191474451,10:51:13.191,14.8900,300
39073191474451,10:51:13.191,14.8900,500
39076552822181,10:51:16.552,14.9000,100
39076552822181,10:51:16.552,14.9000,100
39076552822181,10:51:16.552,14.9000,100
39076552822181,10:51:16.552,14.9000,200
39076552822181,10:51:16.552,14.9000,300
39076552822181,10:51:16.552,14.9000,10
39086092946993,10:51:26.092,14.9000,100
39086093452461,10:51:26.093,14.9000,100
39086093452461,10:51:26.093,14.9000,400
39097244363674,10:51:37.244,14.9000,100
39097244363674,10:51:37.244,14.9000,152
39097244749258,10:51:37.244,14.9000,600
39097244749258,10:51:37.244,14.9000,10
39097244749258,10:51:37.244,14.9000,90
39097245121113,10:51:37.245,14.9000,10
39097709559615,10:51:37.709,14.9100,100
39097709559615,10:51:37.709,14.9100,100
39097709559615,10:51:37.709,14.9100,100
39097709559615,10:51:37.709,14.9100,400
39097709559615,10:51:37.709,14.9100,100
39097709559615,10:51:37.709,14.9100,100
39101711698556,10:51:41.711,14.9200,100
39101711698556,10:51:41.711,14.9200,200
39101711698556,10:51:41.711,14.9200,100
39146923148506,10:52:26.923,14.9200,100
39146923148506,10:52:26.923,14.9200,1000
39146923148506,10:52:26.923,14.9200,200
39146925049240,10:52:26.925,14.9200,100
39168159071307,10:52:48.159,14.9100,100
39180671400050,10:53:00.671,14.9000,100
39180671400050,10:53:00.671,14.9000,200
39180671400050,10:53:00.671,14.9000,400
39181553311449,10:53:01.553,14.9000,100
39204387667118,10:53:24.387,14.9000,13
39204387691807,10:53:24.387,14.9000,20
39204519013148,10:53:24.519,14.9000,7
39204519013148,10:53:24.519,14.9000,593
39205414195237,10:53:25.414,14.9000,200
39205414242135,10:53:25.414,14.9000,307
39205414242135,10:53:25.414,14.9000,43
39233135499512,10:53:53.135,14.9000,100
39233135499512,10:53:53.135,14.9000,100
39233135499512,10:53:53.135,14.9000,118
39233135647202,10:53:53.135,14.9000,90
39246432459102,10:54:06.432,14.9000,100
39246432864247,10:54:06.432,14.9000,192
39246432864247,10:54:06.432,14.9000,100
39246432864247,10:54:06.432,14.9000,41
39260710926565,10:54:20.710,14.9100,100
39260710926565,10:54:20.710,14.9100,100
39260710926565,10:54:20.710,14.9100,600
39289027476243,10:54:49.027,14.9200,100
39289027476243,10:54:49.027,14.9200,200
39289027476243,10:54:49.027,14.9200,100
39289027476243,10:54:49.027,14.9200,100
39293263719144,10:54:53.263,14.9200,100
39296551935404,10:54:56.551,14.9200,400
39296552077190,10:54:56.552,14.9200,100
39301843479696,10:55:01.843,14.9200,100
39321991547477,10:55:21.991,14.9200,100
39321991547477,10:55:21.991,14.9200,100
39339019564765,10:55:39.019,14.9300,100
39339019564765,10:55:39.019,14.9300,100
39344811950582,10:55:44.811,14.9300,100
39368561059547,10:56:08.561,14.9200,97
39368562402085,10:56:08.562,14.9200,403
39368562465056,10:56:08.562,14.9200,100
39381454299576,10:56:21.454,14.9200,100
39381454299576,10:56:21.454,14.9200,400
39381454299576,10:56:21.454,14.9200,100
39392731788160,10:56:32.731,14.9300,41
39418484869186,10:56:58.484,14.9300,100
39485938099373,10:58:05.938,14.9300,100
39485938099373,10:58:05.938,14.9300,100
39485938169687,10:58:05.938,14.9300,400
39485938169687,10:58:05.938,14.9300,43
39524957926083,10:58:44.957,14.9400,300
39538681986869,10:58:58.681,14.9400,100
39573596799411,10:59:33.596,14.9300,41
39584961252126,10:59:44.961,14.9400,2600
39584961252126,10:59:44.961,14.9400,100
39584961252126,10:59:44.961,14.9400,100
39584961252126,10:59:44.961,14.9400,100
39584961252126,10:59:44.961,14.9400,100
39584961252126,10:59:44.961,14.9400,400
39584961252126,10:59:44.961,14.9400,100
39584961252126,10:59:44.961,14.9400,100
39584961252126,10:59:44.961,14.9400,40
39584961252126,10:59:44.961,14.9400,100
39584961252126,10:59:44.961,14.9400,200
39585165355258,10:59:45.165,14.9500,100
39611028092235,11:00:11.028,14.9500,200
39611028092235,11:00:11.028,14.9500,165
39611028130686,11:00:11.028,14.9500,35
39611028130686,11:00:11.028,14.9500,200
39611028130686,11:00:11.028,14.9500,100
39611028130686,11:00:11.028,14.9500,200
39611028130686,11:00:11.028,14.9500,500
39611028130686,11:00:11.028,14.9500,45
39638096030359,11:00:38.096,14.9550,200
39638926030723,11:00:38.926,14.9550,200
39639426031745,11:00:39.426,14.9550,180
39639926029972,11:00:39.926,14.9550,200
39640426032530,11:00:40.426,14.9550,100
39640426033218,11:00:40.426,14.9550,100
39640926028787,11:00:40.926,14.9550,200
39641426030391,11:00:41.426,14.9550,200
39643882028588,11:00:43.882,14.9550,180
39661551033492,11:01:01.551,14.9550,200
39663464126783,11:01:03.464,14.9600,2
39663464126783,11:01:03.464,14.9600,46
39663464126783,11:01:03.464,14.9600,100
39663464126783,11:01:03.464,14.9600,300
39663464126783,11:01:03.464,14.9600,200
39663464126783,11:01:03.464,14.9600,100
39663464126783,11:01:03.464,14.9600,100
39663464126783,11:01:03.464,14.9600,200
39663464126783,11:01:03.464,14.9600,100
39663464126783,11:01:03.464,14.9600,100
39666275478077,11:01:06.275,14.9700,110
39666275478077,11:01:06.275,14.9700,100
39666275478077,11:01:06.275,14.9700,2
39672653816319,11:01:12.653,14.9750,100
39684120943928,11:01:24.120,14.9800,100
39684120943928,11:01:24.120,14.9800,100
39727184622372,11:02:07.184,14.9900,200
39727184622372,11:02:07.184,14.9900,100
39727184622372,11:02:07.184,14.9900,100
39727184622372,11:02:07.184,14.9900,100
39727184622372,11:02:07.184,14.9900,100
39727184622372,11:02:07.184,14.9900,200
39727184622372,11:02:07.184,14.9900,250
39727184622372,11:02:07.184,14.9900,7
39727184622372,11:02:07.184,14.9900,51
39729212269239,11:02:09.212,14.9900,100
39729212269239,11:02:09.212,14.9900,100
39731833337597,11:02:11.833,14.9800,100
39742857670092,11:02:22.857,14.9800,2
39742857670092,11:02:22.857,14.9800,6
39744019899813,11:02:24.019,14.9800,94
39744019899813,11:02:24.019,14.9800,100
39744019899813,11:02:24.019,14.9800,100
39744019899813,11:02:24.019,14.9800,100
39744019899813,11:02:24.019,14.9800,100
39744019899813,11:02:24.019,14.9800,6
39744020910580,11:02:24.020,14.9800,94
39745948788321,11:02:25.948,14.9800,67
39745978889946,11:02:25.978,14.9800,100
39747257196371,11:02:27.257,14.9800,100
39752905375564,11:02:32.905,14.9800,100
39803007032745,11:03:23.007,14.9750,100
39803510035358,11:03:23.510,14.9750,100
39803510036047,11:03:23.510,14.9750,100
39804010038826,11:03:24.010,14.9750,200
39804510031904,11:03:24.510,14.9750,200
39804667448958,11:03:24.667,14.9800,100
39804667448958,11:03:24.667,14.9800,100
39804667448958,11:03:24.667,14.9800,1100
39804667448958,11:03:24.667,14.9800,100
39804667448958,11:03:24.667,14.9800,100
39804667448958,11:03:24.667,14.9800,100
39804667448958,11:03:24.667,14.9800,8
39804667448958,11:03:24.667,14.9800,600
39804667590722,11:03:24.667,14.9800,52
39804667633656,11:03:24.667,14.9800,148
39804667633656,11:03:24.667,14.9800,100
39804667635613,11:03:24.667,14.9800,100
39804668430944,11:03:24.668,14.9800,100
39804690530456,11:03:24.690,14.9800,100
39804690530456,11:03:24.690,14.9800,100
39804690530456,11:03:24.690,14.9800,100
39805124936782,11:03:25.124,14.9800,100
39805125124187,11:03:25.125,14.9800,100
39806384617210,11:03:26.384,14.9800,100
39821347107737,11:03:41.347,14.9800,100
39845020255665,11:04:05.020,14.9800,51
39862975018027,11:04:22.975,14.9850,200
39862975019567,11:04:22.975,14.9850,400
39863475012161,11:04:23.475,14.9850,200
39863475013528,11:04:23.475,14.9850,200
39895472172778,11:04:55.472,14.9800,100
39895472660647,11:04:55.472,14.9800,100
39895472849674,11:04:55.472,14.9800,100
39914679047075,11:05:14.679,14.9800,100
39918865580382,11:05:18.865,14.9800,100
39918865580382,11:05:18.865,14.9800,100
39918865580382,11:05:18.865,14.9800,200
39918865580382,11:05:18.865,14.9800,100
39924518998023,11:05:24.518,14.9850,100
39979958008863,11:06:19.958,14.9900,100
39979958008863,11:06:19.958,14.9900,4
39979958008863,11:06:19.958,14.9900,4
39979958096125,11:06:19.958,14.9900,296
39979958096125,11:06:19.958,14.9900,200
39979958096125,11:06:19.958,14.9900,100
