timestamp,time,price,volume
34200802160761,09:30:00.802,46.2500,1467
34262011075619,09:31:02.011,46.2900,100
34262011101848,09:31:02.011,46.2900,1
34262011101848,09:31:02.011,46.2900,78
34262011705231,09:31:02.011,46.2500,100
34409164551672,09:33:29.164,46.0300,100
34409164650574,09:33:29.164,46.0000,29
34409165157425,09:33:29.165,46.0000,5
34409275932167,09:33:29.275,45.9900,1
34416687922326,09:33:36.687,45.9600,100
34416688217075,09:33:36.688,45.9200,62
34416688229235,09:33:36.688,45.9200,124
34416689583767,09:33:36.689,45.9200,76
34416689800612,09:33:36.689,45.9200,76
34416727652571,09:33:36.727,45.9100,100
34416727739660,09:33:36.727,45.9200,750
34416727763923,09:33:36.727,45.9200,12
34682463804422,09:38:02.463,46.1000,3
34715983848025,09:38:35.983,46.1000,1
34773743376176,09:39:33.743,46.0900,3
34804702167327,09:40:04.702,46.0000,6
34897228374232,09:41:37.228,45.9200,5
34897228374232,09:41:37.228,45.9000,4
34897229039753,09:41:37.229,45.9200,5
34897229090832,09:41:37.229,45.9000,5
34898284963881,09:41:38.284,45.7800,9
34898285240961,09:41:38.285,45.6500,50
34898817185548,09:41:38.817,45.8200,2
34969719519929,09:42:49.719,45.5900,1
34969719667958,09:42:49.719,45.4800,50
34983284920028,09:43:03.284,45.6000,3
35337831399483,09:48:57.831,45.4500,3
35337831528906,09:48:57.831,45.3900,100
35337831861770,09:48:57.831,45.5100,10
35337831861770,09:48:57.831,45.5100,50
35509389934351,09:51:49.389,45.4900,100
35509391008367,09:51:49.391,45.4900,97
35623673778809,09:53:43.673,45.4400,18
35623673778809,09:53:43.673,45.4400,13
35767594116578,09:56:07.594,45.3400,3
35767594359205,09:56:07.594,45.3100,10
36591730069021,10:09:51.730,45.4600,2
36591730069021,10:09:51.730,45.4700,8
36591730069021,10:09:51.730,45.4700,98
36591736266426,10:09:51.736,45.3800,1
36592791365844,10:09:52.791,45.4700,2
36714090975090,10:11:54.090,45.5000,60
37113649715043,10:18:33.649,45.4700,90
37113649715043,10:18:33.649,45.4600,10
37113649952968,10:18:33.649,45.4600,23
37398039212033,10:23:18.039,45.5900,100
37398039282876,10:23:18.039,45.5900,2
38234912415162,10:37:14.912,45.6800,100
38234912415162,10:37:14.912,45.6800,11
38234912415162,10:37:14.912,45.6800,100
38234912415162,10:37:14.912,45.6800,4
38234912536267,10:37:14.912,45.6300,55
38234912540533,10:37:14.912,45.6300,45
38555780286532,10:42:35.780,45.6100,100
38555780312167,10:42:35.780,45.6100,11
38558006025220,10:42:38.006,45.6000,104
38605479778183,10:43:25.479,45.6200,100
38645793384485,10:44:05.793,45.6700,100
38650737160838,10:44:10.737,45.6400,50
38658326712375,10:44:18.326,45.6700,2
38892246667855,10:48:12.246,45.5900,2
39562682806675,10:59:22.682,45.6100,7
39562682806675,10:59:22.682,45.6100,10
41011295064534,11:23:31.295,45.6200,40
41107894481603,11:25:07.894,45.6800,70
41107894481603,11:25:07.894,45.6800,1
41107894481603,11:25:07.894,45.6800,29
41107894574897,11:25:07.894,45.6800,71
41107897856658,11:25:07.897,45.7200,100
41392230868861,11:29:52.230,45.7900,5
41498031504074,11:31:38.031,45.8400,100
41702798980934,11:35:02.798,45.9000,100
41702799059871,11:35:02.799,45.9000,100
41702799059871,11:35:02.799,45.9000,2
41866615819638,11:37:46.615,45.9100,79
41866616754478,11:37:46.616,45.9100,21
42009854078985,11:40:09.854,45.9100,1
42009854078985,11:40:09.854,45.9100,48
42009855114625,11:40:09.855,45.8900,40
42009855243131,11:40:09.855,45.8900,60
44301178570018,12:18:21.178,45.9700,100
44523051399730,12:22:03.051,45.9700,100
44618837427289,12:23:38.837,46.0100,1
45401648783883,12:36:41.648,45.9800,5
45401648783883,12:36:41.648,45.9600,4
45401648847066,12:36:41.648,45.9600,4
45401648847066,12:36:41.648,45.9600,1
45514631111455,12:38:34.631,45.9400,3
45575397170086,12:39:35.397,45.9400,35
45575397195167,12:39:35.397,45.9400,62
45726830710066,12:42:06.830,45.8800,94
45780631394903,12:43:00.631,45.9400,1
46373502247958,12:52:53.502,45.9300,5
46545372175067,12:55:45.372,45.9100,100
46545372289766,12:55:45.372,45.9100,100
46818644443674,13:00:18.644,45.8700,1
46818644969957,13:00:18.644,45.8700,99
46818644969957,13:00:18.644,45.8700,1
46818997852792,13:00:18.997,45.8700,1
46834857707241,13:00:34.857,45.8700,22
46834859605671,13:00:34.859,45.8700,22
46835639634283,13:00:35.639,45.9200,100
47014688136414,13:03:34.688,45.8600,100
48143924195495,13:22:23.924,45.8400,10
48143924926970,13:22:23.924,45.8200,96
48143924952964,13:22:23.924,45.8200,4
48717007383366,13:31:57.007,45.8500,100
48717007611941,13:31:57.007,45.8500,2
49233438111639,13:40:33.438,45.8700,2
49233438988149,13:40:33.438,45.8700,1
49233442241243,13:40:33.442,45.8700,15
49500210132294,13:45:00.210,45.7900,22
49500210286976,13:45:00.210,45.7900,5
49758385085066,13:49:18.385,45.8400,5
50220889113528,13:57:00.889,45.8400,1
50403204071269,14:00:03.204,45.8900,1
50403204071269,14:00:03.204,45.8900,1
50404261458625,14:00:04.261,45.8900,8
50711691756100,14:05:11.691,46.2100,100
50792601687771,14:06:32.601,46.2400,2
50792601737797,14:06:32.601,46.2400,2
50792601767311,14:06:32.601,46.2400,2
50792602180209,14:06:32.602,46.2400,2
50792602291395,14:06:32.602,46.2400,2
50792795354141,14:06:32.795,46.3200,1
50793195903044,14:06:33.195,46.3200,1
50970822150874,14:09:30.822,46.3200,100
50970822216885,14:09:30.822,46.3200,2
51043316681598,14:10:43.316,46.3450,100
51350810828595,14:15:50.810,46.3600,41
51385487607860,14:16:25.487,46.4600,100
51385488551519,14:16:25.488,46.4700,100
51400416987845,14:16:40.416,46.5400,1
51400422287580,14:16:40.422,46.5500,100
51400482257510,14:16:40.482,46.5400,100
51401248862267,14:16:41.248,46.5200,7
51401248929065,14:16:41.248,46.5200,4
51401248931783,14:16:41.248,46.5200,29
51401248931783,14:16:41.248,46.5200,71
51401248972844,14:16:41.248,46.5200,29
51401248972844,14:16:41.248,46.5200,1
52034858693855,14:27:14.858,46.3900,1
52034859155397,14:27:14.859,46.4400,100
52068178373254,14:27:48.178,46.3800,100
52108535470120,14:28:28.535,46.3700,1
52997845853316,14:43:17.845,46.3600,3
53471649514384,14:51:11.649,46.4400,5
53517550558234,14:51:57.550,46.3800,7
53527598462431,14:52:07.598,46.4600,1
53527598511554,14:52:07.598,46.4700,1
53527601285006,14:52:07.601,46.4700,20
53527604158062,14:52:07.604,46.4200,100
53527622629425,14:52:07.622,46.4000,30
53527624658733,14:52:07.624,46.3800,93
53591950694327,14:53:11.950,46.4700,2
53595458285404,14:53:15.458,46.4900,100
53625616646691,14:53:45.616,46.5200,5
53664462864147,14:54:24.462,46.5500,20
53664462928323,14:54:24.462,46.5600,3
53664462928323,14:54:24.462,46.5600,17
53664462928323,14:54:24.462,46.5600,20
53664462928323,14:54:24.462,46.5600,60
53972963072388,14:59:32.963,46.5700,10
53983462441033,14:59:43.462,46.5800,10
54085493157973,15:01:25.493,46.5300,100
54095503018486,15:01:35.503,46.5300,4
54253470876425,15:04:13.470,46.4400,79
54302085775932,15:05:02.085,46.4200,100
54302085775932,15:05:02.085,46.4200,1
54308475690982,15:05:08.475,46.3900,4
54666218680527,15:11:06.218,46.3700,1
54666218680527,15:11:06.218,46.3700,1
54666218704664,15:11:06.218,46.3700,2
54666218824632,15:11:06.218,46.3500,100
54673475429503,15:11:13.475,46.3300,5
54704240339930,15:11:44.240,46.3100,2
54795755718080,15:13:15.755,46.3500,4
54795755718080,15:13:15.755,46.3500,96
54803953711381,15:13:23.953,46.3500,100
54945225592034,15:15:45.225,46.3600,1
54948001384873,15:15:48.001,46.3700,100
54948001531969,15:15:48.001,46.3700,1
54948001531969,15:15:48.001,46.3700,100
54948001531969,15:15:48.001,46.3700,1
55046379588068,15:17:26.379,46.3300,6
55046379588068,15:17:26.379,46.3300,1
55321770935693,15:22:01.770,46.3200,6
55321770935693,15:22:01.770,46.3200,15
55329800055105,15:22:09.800,46.2800,3
55340369107179,15:22:20.369,46.2800,1
55374769664919,15:22:54.769,46.2300,100
55591330996892,15:26:31.330,46.1900,100
55595099549791,15:26:35.099,46.1700,17
55622770594295,15:27:02.770,46.1300,98
55622770618953,15:27:02.770,46.1300,2
55622774573617,15:27:02.774,46.0900,10
55674769676756,15:27:54.769,46.1500,100
55674769676756,15:27:54.769,46.1500,100
55816401089111,15:30:16.401,46.1400,5
55816401089111,15:30:16.401,46.1400,8
55828770101368,15:30:28.770,46.1300,1
55828771194778,15:30:28.771,46.1200,2
55872693762087,15:31:12.693,46.1400,100
55882041867709,15:31:22.041,46.1600,100
55926002635678,15:32:06.002,46.1800,3
55932770681062,15:32:12.770,46.1400,1
55932770681062,15:32:12.770,46.1400,3
55932770681062,15:32:12.770,46.1400,48
55932771550560,15:32:12.771,46.1300,15
55932771550560,15:32:12.771,46.1300,1
55946910763948,15:32:26.910,46.1400,1
56033769736705,15:33:53.769,46.1100,1
56033770851022,15:33:53.770,46.1000,2
56094008916833,15:34:54.008,46.0500,1
56124230888834,15:35:24.230,46.0700,4
56125507111173,15:35:25.507,46.0700,96
56140770260593,15:35:40.770,46.0500,1
56140771113293,15:35:40.771,46.0300,3
56140772910634,15:35:40.772,46.0300,100
56140772959074,15:35:40.772,46.0300,100
56140772967245,15:35:40.772,46.0300,100
56140773020194,15:35:40.773,46.0300,100
56140773028178,15:35:40.773,46.0300,5
56140773028178,15:35:40.773,46.0300,15
56194896854836,15:36:34.896,46.0500,3
56204308530673,15:36:44.308,46.0100,1
56223898174895,15:37:03.898,46.0150,100
56268707748803,15:37:48.707,46.0300,2
56320761750214,15:38:40.761,46.0000,3
56320761750214,15:38:40.761,46.0000,1
56331843953997,15:38:51.843,46.0300,100
56331843980097,15:38:51.843,46.0300,100
56331843980097,15:38:51.843,46.0300,6
56331844721625,15:38:51.844,46.0300,100
56331875264846,15:38:51.875,46.0400,100
56331875288630,15:38:51.875,46.0400,100
56331875318374,15:38:51.875,46.0400,100
56334877231273,15:38:54.877,46.0300,4
56338713082480,15:38:58.713,46.0200,1
56353154000912,15:39:13.154,46.0400,5
56396001735048,15:39:56.001,46.0300,2
56464702529704,15:41:04.702,46.0400,4
56535714443854,15:42:15.714,46.0100,1
56548902554187,15:42:28.902,46.0300,10
56552789050984,15:42:32.789,46.0300,20
56574001869431,15:42:54.001,46.1000,2
56602275312753,15:43:22.275,46.0700,1
56602275410343,15:43:22.275,46.0600,9
56602275410343,15:43:22.275,46.0600,1
56746285096643,15:45:46.285,46.1500,100
56756801267232,15:45:56.801,46.1500,100
56756823898357,15:45:56.823,46.1500,19
56756823898357,15:45:56.823,46.1500,81
56756823940049,15:45:56.823,46.1500,19
56764001926378,15:46:04.001,46.1800,1
56799754969443,15:46:39.754,46.1300,8
56799754969443,15:46:39.754,46.1300,19
56799755046096,15:46:39.755,46.1300,3
56847508853910,15:47:27.508,46.1700,5
56858048423710,15:47:38.048,46.1700,1
56878511306046,15:47:58.511,46.1700,47
56878511329999,15:47:58.511,46.1700,47
56878511329999,15:47:58.511,46.1700,57
56878511425997,15:47:58.511,46.1600,10
56878515656234,15:47:58.515,46.1700,10
56878596500124,15:47:58.596,46.1500,1
56879000737097,15:47:59.000,46.1400,67
56910416747456,15:48:30.416,46.1400,14
56910416774253,15:48:30.416,46.1400,19
56910416774253,15:48:30.416,46.1400,4
56915824399707,15:48:35.824,46.1200,100
56915824399707,15:48:35.824,46.1200,4
56915824399707,15:48:35.824,46.1200,9
56998878384192,15:49:58.878,46.1100,4
56998988804912,15:49:58.988,46.1000,2
56998993810342,15:49:58.993,46.0900,9
57008366558333,15:50:08.366,46.0500,100
57061204924065,15:51:01.204,46.0600,1
57061204974451,15:51:01.204,46.0700,1
57061205082071,15:51:01.205,46.0600,1
57080549147242,15:51:20.549,46.0400,1
57142516679273,15:52:22.516,46.0600,3
57143575468931,15:52:23.575,46.0300,5
57143575468931,15:52:23.575,46.0300,95
57143635556156,15:52:23.635,46.0400,9
57221864728933,15:53:41.864,46.0400,2
57239376614410,15:53:59.376,46.0400,98
57239376614410,15:53:59.376,46.0400,100
57239376614410,15:53:59.376,46.0400,2
57239376667349,15:53:59.376,46.0400,98
57239376740009,15:53:59.376,46.0400,100
57239376847805,15:53:59.376,46.0400,98
57239376931471,15:53:59.376,46.0400,2
57278591601423,15:54:38.591,46.0700,4
57293149404506,15:54:53.149,46.0400,3
57293173553099,15:54:53.173,46.0300,99
57293173553099,15:54:53.173,46.0300,19
57293173553099,15:54:53.173,46.0300,100
57293173961840,15:54:53.173,46.0200,2
57320446965452,15:55:20.446,46.0900,100
57320446965452,15:55:20.446,46.0900,5
57428087799061,15:57:08.087,46.1600,10
57440002223624,15:57:20.002,46.1700,3
57440002329107,15:57:20.002,46.1800,1
57450155379885,15:57:30.155,46.1700,1
57450155379885,15:57:30.155,46.1700,211
57450155379885,15:57:30.155,46.1700,112
57450155379885,15:57:30.155,46.1700,263
57450155379885,15:57:30.155,46.1700,30
57450155379885,15:57:30.155,46.1700,100
57450155379885,15:57:30.155,46.1700,20
57450155379885,15:57:30.155,46.1700,100
57450155407100,15:57:30.155,46.1700,11
57450155461270,15:57:30.155,46.1700,50
57450155667748,15:57:30.155,46.1700,39
57450156034134,15:57:30.156,46.1600,2
57450156062843,15:57:30.156,46.1600,4
57450156140069,15:57:30.156,46.1600,2
57450156294437,15:57:30.156,46.1600,2
57450156348565,15:57:30.156,46.1600,2
57450156415446,15:57:30.156,46.1600,2
57450156469786,15:57:30.156,46.1600,2
57450156755096,15:57:30.156,46.1600,34
57479890713542,15:57:59.890,46.1700,9
57495290146066,15:58:15.290,46.1700,1
57513402907487,15:58:33.402,46.1600,3
57519198511852,15:58:39.198,46.1800,1
57541516514631,15:59:01.516,46.2000,1
57554716250656,15:59:14.716,46.2000,1
57557952943912,15:59:17.952,46.1900,2
57566947232892,15:59:26.947,46.2000,1
57570261248067,15:59:30.261,46.2000,13
57570261248067,15:59:30.261,46.2000,2
57570261248067,15:59:30.261,46.2000,85
57570277666621,15:59:30.277,46.2000,13
57570277666621,15:59:30.277,46.2000,25
57573558325723,15:59:33.558,46.1800,1
57575154994572,15:59:35.154,46.1900,97
57575154994572,15:59:35.154,46.2000,3
57577556211341,15:59:37.556,46.1800,262
57577556211341,15:59:37.556,46.1800,112
57577556211341,15:59:37.556,46.1800,281
57577556211341,15:59:37.556,46.1800,160
57577556211341,15:59:37.556,46.1800,12
57577556959722,15:59:37.556,46.1700,50
57578172563427,15:59:38.172,46.1900,2
57588997944169,15:59:48.997,46.1500,5
57589000341455,15:59:49.000,46.1500,5
57590233400603,15:59:50.233,46.1500,5
57600267371477,16:00:00.267,46.2000,18574
