timestamp,time,price,volume
34200694189271,09:30:00.694,16.3800,6829
34276878666951,09:31:16.878,16.2700,50
34276878700218,09:31:16.878,16.2700,50
34276878700218,09:31:16.878,16.2700,100
34301177128883,09:31:41.177,16.2500,100
34324418493553,09:32:04.418,16.2500,100
34324418493553,09:32:04.418,16.2500,100
34400949394353,09:33:20.949,16.2400,61
34400949394353,09:33:20.949,16.2400,39
34400949425244,09:33:20.949,16.2400,61
34413753245002,09:33:33.753,16.2200,200
34462349018638,09:34:22.349,16.2500,45
34467406906116,09:34:27.406,16.2500,55
34467406906116,09:34:27.406,16.2500,41
34605401503678,09:36:45.401,16.2100,23
34605401530489,09:36:45.401,16.2100,77
34605401530489,09:36:45.401,16.2100,100
34605401530489,09:36:45.401,16.2100,100
34605402050410,09:36:45.402,16.2100,100
34974142263927,09:42:54.142,16.2300,100
34974173032787,09:42:54.173,16.2400,100
34978446795143,09:42:58.446,16.2400,85
34978446916713,09:42:58.446,16.2400,85
34978446962408,09:42:58.446,16.2400,15
34978447515082,09:42:58.447,16.2400,15
34980212812416,09:43:00.212,16.2400,100
35005764793905,09:43:25.764,16.2400,100
35091365816614,09:44:51.365,16.2300,100
35095021272589,09:44:55.021,16.2400,100
35100008959907,09:45:00.008,16.2500,100
35129239418389,09:45:29.239,16.2500,100
35129240418363,09:45:29.240,16.2400,100
35287608395245,09:48:07.608,16.2400,100
35287608395245,09:48:07.608,16.2400,100
35287899638264,09:48:07.899,16.2300,100
35287901978047,09:48:07.901,16.2300,100
35315135917409,09:48:35.135,16.2300,45
35315136254988,09:48:35.136,16.2300,200
35315136275418,09:48:35.136,16.2300,100
35315136280845,09:48:35.136,16.2300,100
35315139796124,09:48:35.139,16.2300,100
35315139796124,09:48:35.139,16.2300,100
35330644227542,09:48:50.644,16.2300,1
35330644596421,09:48:50.644,16.2300,99
35330662794737,09:48:50.662,16.2200,100
35330710512142,09:48:50.710,16.2200,100
35360302713556,09:49:20.302,16.2200,100
35360302745063,09:49:20.302,16.2300,25
35360302746417,09:49:20.302,16.2300,75
35360302746417,09:49:20.302,16.2300,25
35360302752757,09:49:20.302,16.2300,75
35360302752757,09:49:20.302,16.2300,25
35516517203375,09:51:56.517,16.2200,100
35588275584948,09:53:08.275,16.2000,100
35588276217250,09:53:08.276,16.1900,100
35645777427585,09:54:05.777,16.2000,72
35645777432601,09:54:05.777,16.2000,28
35645777432601,09:54:05.777,16.2000,100
35645777432601,09:54:05.777,16.2000,43
35645777450646,09:54:05.777,16.2000,5
35645777464208,09:54:05.777,16.2000,52
35695847609980,09:54:55.847,16.2100,100
35695847837848,09:54:55.847,16.2100,100
35747007490237,09:55:47.007,16.2000,100
35747007490237,09:55:47.007,16.2000,100
35764324413839,09:56:04.324,16.1800,100
35873150164192,09:57:53.150,16.1900,100
35921237592897,09:58:41.237,16.1900,100
35921237592897,09:58:41.237,16.1900,100
35921237625523,09:58:41.237,16.1900,100
35921238327267,09:58:41.238,16.2000,36
35938703604998,09:58:58.703,16.1800,64
35985024057373,09:59:45.024,16.1900,100
36110651374310,10:01:50.651,16.2000,100
36110651374310,10:01:50.651,16.2000,100
36111164996665,10:01:51.164,16.2000,100
36111165056709,10:01:51.165,16.2000,100
36111165102646,10:01:51.165,16.2000,90
36111165153299,10:01:51.165,16.2000,10
36115028366318,10:01:55.028,16.2000,100
36197260010981,10:03:17.260,16.1900,100
36216058183394,10:03:36.058,16.1800,100
36218140289378,10:03:38.140,16.1900,100
36242141714131,10:04:02.141,16.2000,100
36265023662262,10:04:25.023,16.2200,100
36267743217386,10:04:27.743,16.2200,100
36267743217386,10:04:27.743,16.2200,100
36267743217386,10:04:27.743,16.2200,100
36267743279575,10:04:27.743,16.2200,54
36267743279575,10:04:27.743,16.2200,1
36267743510955,10:04:27.743,16.2100,6
36267743520742,10:04:27.743,16.2100,55
36267743532465,10:04:27.743,16.2100,39
36267743532465,10:04:27.743,16.2100,16
36267743561216,10:04:27.743,16.2100,12
36267743778757,10:04:27.743,16.2100,72
36267743778757,10:04:27.743,16.2100,12
36267748256201,10:04:27.748,16.2100,8
36270029842113,10:04:30.029,16.2100,100
36351859044240,10:05:51.859,16.2100,100
36351859044240,10:05:51.859,16.2100,100
36374860782503,10:06:14.860,16.2300,100
36585254945017,10:09:45.254,16.2300,200
36603393515494,10:10:03.393,16.2300,200
36603393515494,10:10:03.393,16.2300,100
36625024226976,10:10:25.024,16.2400,100
36708112605374,10:11:48.112,16.2500,52
36708112611085,10:11:48.112,16.2500,48
36708112611085,10:11:48.112,16.2500,40
36708112612964,10:11:48.112,16.2500,60
36776021479405,10:12:56.021,16.2600,100
36858260281441,10:14:18.260,16.2500,100
36926951511765,10:15:26.951,16.2500,82
36934544979543,10:15:34.544,16.2300,100
37090083694449,10:18:10.083,16.2100,100
37090083694449,10:18:10.083,16.2100,100
37173682077177,10:19:33.682,16.2200,70
37173682088019,10:19:33.682,16.2200,130
37173682088019,10:19:33.682,16.2200,46
37173682277283,10:19:33.682,16.2200,54
37180023827981,10:19:40.023,16.2300,200
37180023938951,10:19:40.023,16.2400,100
37266186138480,10:21:06.186,16.2400,100
37266186138480,10:21:06.186,16.2400,55
37266186143497,10:21:06.186,16.2400,45
37270808864613,10:21:10.808,16.2300,100
37270862703845,10:21:10.862,16.2300,100
37270862703845,10:21:10.862,16.2300,100
37274320113737,10:21:14.320,16.2300,100
37297242077924,10:21:37.242,16.2300,100
37297242077924,10:21:37.242,16.2300,100
37325439165037,10:22:05.439,16.2300,100
37378235102289,10:22:58.235,16.2000,100
37378235102289,10:22:58.235,16.2000,5
37378235102289,10:22:58.235,16.2000,100
37378235102289,10:22:58.235,16.2000,95
37378235196378,10:22:58.235,16.2000,5
37378235870691,10:22:58.235,16.2000,100
37378235980471,10:22:58.235,16.2000,100
37378242297505,10:22:58.242,16.2000,100
37378242332724,10:22:58.242,16.2000,100
37425971908502,10:23:45.971,16.1900,100
37425971908502,10:23:45.971,16.1900,300
37425972097597,10:23:45.972,16.1900,100
37432640088352,10:23:52.640,16.2000,100
37432640775007,10:23:52.640,16.2000,100
37522865151530,10:25:22.865,16.2000,100
37522865151530,10:25:22.865,16.2000,100
37531217255384,10:25:31.217,16.2000,100
37536278511928,10:25:36.278,16.2000,100
37536278511928,10:25:36.278,16.2000,100
37645684517306,10:27:25.684,16.2000,100
37662418970313,10:27:42.418,16.2100,34
37724311733158,10:28:44.311,16.2100,52
37724311733158,10:28:44.311,16.2100,30
37792790508846,10:29:52.790,16.2100,70
37792790508846,10:29:52.790,16.2100,30
37792790567712,10:29:52.790,16.2100,70
37792790567712,10:29:52.790,16.2100,3
38050230642340,10:34:10.230,16.2700,100
38050230871367,10:34:10.230,16.2700,5
38051594266999,10:34:11.594,16.2600,100
38051594266999,10:34:11.594,16.2600,34
38069635647251,10:34:29.635,16.2500,100
38069635647251,10:34:29.635,16.2500,100
38076398718305,10:34:36.398,16.2300,100
38178443473445,10:36:18.443,16.2200,70
38245226668869,10:37:25.226,16.2200,130
38245226668869,10:37:25.226,16.2200,70
38245226700596,10:37:25.226,16.2200,30
38248071457981,10:37:28.071,16.2100,100
38248071457981,10:37:28.071,16.2100,200
38248071457981,10:37:28.071,16.2100,23
38248074422149,10:37:28.074,16.2100,30
38248074627998,10:37:28.074,16.2100,100
38248240882382,10:37:28.240,16.2000,100
38249320525240,10:37:29.320,16.2000,30
38249320525240,10:37:29.320,16.2000,70
38272677933180,10:37:52.677,16.2100,100
38294712671687,10:38:14.712,16.2100,32
38294712678124,10:38:14.712,16.2100,68
38294712678124,10:38:14.712,16.2100,10
38294712693063,10:38:14.712,16.2100,90
38294714740556,10:38:14.714,16.2200,100
38299728399530,10:38:19.728,16.2300,100
38299729082375,10:38:19.729,16.2300,100
38299729082375,10:38:19.729,16.2300,100
38328818886190,10:38:48.818,16.2300,100
38328818886190,10:38:48.818,16.2300,100
38328982218848,10:38:48.982,16.2400,100
38328982248502,10:38:48.982,16.2400,300
38328982248502,10:38:48.982,16.2400,100
38344455140194,10:39:04.455,16.2500,100
38344455140194,10:39:04.455,16.2500,100
38344525699641,10:39:04.525,16.2500,100
38344525699641,10:39:04.525,16.2500,100
38349435940744,10:39:09.435,16.2600,100
38358151966563,10:39:18.151,16.2600,300
38416415034916,10:40:16.415,16.2500,100
38416415130502,10:40:16.415,16.2500,100
38447842537535,10:40:47.842,16.2500,100
38505023898091,10:41:45.023,16.2300,100
38533589735726,10:42:13.589,16.2300,100
38605621282589,10:43:25.621,16.2300,1
38605621316590,10:43:25.621,16.2300,99
38605621316590,10:43:25.621,16.2300,100
38627137206466,10:43:47.137,16.2500,100
38627137206466,10:43:47.137,16.2500,100
38959795831294,10:49:19.795,16.2600,100
38959795831294,10:49:19.795,16.2600,100
38959796798949,10:49:19.796,16.2700,10
38959800076960,10:49:19.800,16.2700,100
38959945135905,10:49:19.945,16.2700,34
38959945135905,10:49:19.945,16.2700,100
38959945135905,10:49:19.945,16.2700,1
38959948638521,10:49:19.948,16.2700,100
38959948638521,10:49:19.948,16.2700,100
38976921911316,10:49:36.921,16.2700,100
39000776716796,10:50:00.776,16.2700,100
39000776716796,10:50:00.776,16.2700,150
39022719157252,10:50:22.719,16.2700,100
39022719157252,10:50:22.719,16.2700,100
39036265323681,10:50:36.265,16.2700,100
39127321731232,10:52:07.321,16.2800,100
39127321731232,10:52:07.321,16.2800,100
39127321731232,10:52:07.321,16.2800,100
39128482687844,10:52:08.482,16.2900,2
39128484051002,10:52:08.484,16.2900,2
39144164395521,10:52:24.164,16.2800,100
39144175679112,10:52:24.175,16.2800,96
39169562973365,10:52:49.562,16.2700,100
39169579273562,10:52:49.579,16.2700,100
39244347241970,10:54:04.347,16.2700,2
39260223289989,10:54:20.223,16.2700,98
39260223289989,10:54:20.223,16.2700,10
39260223320917,10:54:20.223,16.2700,90
39270021734705,10:54:30.021,16.2900,100
39369521959016,10:56:09.521,16.2900,34
39369521959016,10:56:09.521,16.2900,4
39369522612041,10:56:09.522,16.2900,60
39466898714997,10:57:46.898,16.2800,100
39466898714997,10:57:46.898,16.2800,10
39487466735800,10:58:07.466,16.2900,100
39601018351021,11:00:01.018,16.2900,6
39601028912228,11:00:01.028,16.2900,94
39663461616096,11:01:03.461,16.3000,100
39663461616096,11:01:03.461,16.3000,200
39663470186949,11:01:03.470,16.3000,100
39663470597417,11:01:03.470,16.3000,100
39663475330409,11:01:03.475,16.3000,100
39663475657709,11:01:03.475,16.3000,100
39663477114244,11:01:03.477,16.3000,92
39663482114460,11:01:03.482,16.3000,35
39663491740367,11:01:03.491,16.3000,100
39663518480748,11:01:03.518,16.3000,100
39663597261795,11:01:03.597,16.3000,100
39723919528210,11:02:03.919,16.3000,100
39723919528210,11:02:03.919,16.3000,27
39723919545968,11:02:03.919,16.3000,73
39723919545968,11:02:03.919,16.3000,127
39724772631970,11:02:04.772,16.3000,100
39735902204134,11:02:15.902,16.3000,100
39792265570807,11:03:12.265,16.3000,42
39792265731014,11:03:12.265,16.3000,58
39792265781070,11:03:12.265,16.2950,100
39981092737634,11:06:21.092,16.2900,100
39981101704280,11:06:21.101,16.2900,1
39981101704280,11:06:21.101,16.2900,99
39995683696466,11:06:35.683,16.2900,142
39995683754048,11:06:35.683,16.2900,58
39995683754048,11:06:35.683,16.2900,35
39995684155275,11:06:35.684,16.2900,38
40037254431267,11:07:17.254,16.2800,48
40059926449675,11:07:39.926,16.2800,100
40059926449675,11:07:39.926,16.2800,1
40121252594969,11:08:41.252,16.2900,100
40128071858900,11:08:48.071,16.2900,100
40154932464904,11:09:14.932,16.2900,40
40154932639052,11:09:14.932,16.2900,60
40220080775883,11:10:20.080,16.2900,9
40228335441515,11:10:28.335,16.2900,29
40228335441515,11:10:28.335,16.2900,71
40283464433612,11:11:23.464,16.2800,38
40283464494605,11:11:23.464,16.2800,62
40283464494605,11:11:23.464,16.2800,38
40283464528785,11:11:23.464,16.2800,38
40283464531618,11:11:23.464,16.2800,70
40403474812827,11:13:23.474,16.2800,78
40440320083409,11:14:00.320,16.2900,100
40440320083409,11:14:00.320,16.2900,61
40440320083409,11:14:00.320,16.2900,139
40531183747433,11:15:31.183,16.2900,100
40531183747433,11:15:31.183,16.2900,100
40531183747433,11:15:31.183,16.2900,100
40531366234607,11:15:31.366,16.2800,100
40531366234607,11:15:31.366,16.2800,51
40531366467369,11:15:31.366,16.2800,49
40531366467369,11:15:31.366,16.2800,100
40531366467369,11:15:31.366,16.2800,100
40531366467369,11:15:31.366,16.2800,15
40531366472327,11:15:31.366,16.2800,85
40531366472327,11:15:31.366,16.2800,7
40531366481400,11:15:31.366,16.2800,93
40531366481400,11:15:31.366,16.2800,9
40531366482186,11:15:31.366,16.2800,91
40531366482186,11:15:31.366,16.2800,9
40531366487799,11:15:31.366,16.2800,91
40534102564342,11:15:34.102,16.2700,50
40534107044837,11:15:34.107,16.2700,50
40534107044837,11:15:34.107,16.2700,50
40534107096844,11:15:34.107,16.2700,50
40553746097564,11:15:53.746,16.2700,100
40583929071368,11:16:23.929,16.2800,100
40583929071368,11:16:23.929,16.2800,100
40583929071368,11:16:23.929,16.2800,100
40930113608102,11:22:10.113,16.2700,100
40930113664923,11:22:10.113,16.2700,152
40930113664923,11:22:10.113,16.2700,48
40930113677202,11:22:10.113,16.2700,52
40930114486916,11:22:10.114,16.2700,19
40930118692035,11:22:10.118,16.2600,84
40930118799410,11:22:10.118,16.2600,16
40950023372387,11:22:30.023,16.2600,100
41028210717713,11:23:48.210,16.2700,100
41028210717713,11:23:48.210,16.2700,111
41028210734760,11:23:48.210,16.2700,89
41121477857612,11:25:21.477,16.2700,100
41121481503778,11:25:21.481,16.2600,20
41184610817762,11:26:24.610,16.2600,4
41287987442410,11:28:07.987,16.2700,200
41287987442410,11:28:07.987,16.2700,100
41331039060742,11:28:51.039,16.2700,61
41331039498520,11:28:51.039,16.2700,39
41331039498520,11:28:51.039,16.2700,100
41331039498520,11:28:51.039,16.2700,10
41364242971777,11:29:24.242,16.2700,100
41428343172367,11:30:28.343,16.2600,6
41428343172367,11:30:28.343,16.2600,100
41476262827460,11:31:16.262,16.2500,100
41476262827460,11:31:16.262,16.2500,100
41499070490269,11:31:39.070,16.2600,100
41515256323148,11:31:55.256,16.2700,100
41655547911006,11:34:15.547,16.2700,100
41655547911006,11:34:15.547,16.2700,100
41660151633713,11:34:20.151,16.2800,100
41660151633713,11:34:20.151,16.2800,100
41795026709111,11:36:35.026,16.2700,51
41795026764580,11:36:35.026,16.2700,49
41795026764580,11:36:35.026,16.2700,2
41795026782584,11:36:35.026,16.2700,100
41795026816559,11:36:35.026,16.2700,42
41795026816559,11:36:35.026,16.2700,9
41795026819368,11:36:35.026,16.2700,12
41854258550479,11:37:34.258,16.2600,100
42046961617115,11:40:46.961,16.2400,100
42065704371378,11:41:05.704,16.2400,100
42187965685627,11:43:07.965,16.2400,100
42188072184117,11:43:08.072,16.2400,90
42336173929067,11:45:36.173,16.2500,100
42409511718778,11:46:49.511,16.2400,86
42409511929247,11:46:49.511,16.2400,62
42409511929247,11:46:49.511,16.2400,100
42467339682051,11:47:47.339,16.2400,100
42467339682051,11:47:47.339,16.2400,99
42467339683022,11:47:47.339,16.2400,1
42467339683022,11:47:47.339,16.2400,5
42467339710142,11:47:47.339,16.2400,95
42544006221202,11:49:04.006,16.2500,100
42600626126371,11:50:00.626,16.2600,20
42612932082432,11:50:12.932,16.2500,100
42612932082432,11:50:12.932,16.2500,100
42665388972360,11:51:05.388,16.2400,66
42665746880533,11:51:05.746,16.2400,100
42692023537172,11:51:32.023,16.2500,100
42692023537172,11:51:32.023,16.2500,100
42749599645689,11:52:29.599,16.2400,100
42749599707507,11:52:29.599,16.2400,52
42785461322275,11:53:05.461,16.2400,100
42785461322275,11:53:05.461,16.2400,100
42843260304052,11:54:03.260,16.2500,4
42952566767277,11:55:52.566,16.2500,100
42995004981840,11:56:35.004,16.2400,100
43133806876641,11:58:53.806,16.2400,100
43147327505088,11:59:07.327,16.2300,100
43198673415609,11:59:58.673,16.2400,14
43198673431167,11:59:58.673,16.2400,86
43198673431167,11:59:58.673,16.2400,14
43198673660405,11:59:58.673,16.2400,86
43208563452571,12:00:08.563,16.2500,100
43343759942333,12:02:23.759,16.2500,100
43356669821134,12:02:36.669,16.2500,100
43401136222965,12:03:21.136,16.2600,100
43472775955681,12:04:32.775,16.2600,100
43472776086773,12:04:32.776,16.2600,12
43472776086773,12:04:32.776,16.2600,100
43472776086773,12:04:32.776,16.2600,146
43810514490867,12:10:10.514,16.2700,200
43810549612579,12:10:10.549,16.2700,1
43976126887025,12:12:56.126,16.2700,100
43976126887025,12:12:56.126,16.2700,100
44018019045031,12:13:38.019,16.2800,100
44018019045031,12:13:38.019,16.2800,100
44018019045031,12:13:38.019,16.2800,10
44018114128117,12:13:38.114,16.2800,100
44018114128117,12:13:38.114,16.2800,39
44028583562713,12:13:48.583,16.2800,61
44028583562713,12:13:48.583,16.2800,39
44031304026442,12:13:51.304,16.2800,100
44137649001838,12:15:37.649,16.2800,100
44151799226064,12:15:51.799,16.2900,100
44276599755754,12:17:56.599,16.2800,100
44276599755754,12:17:56.599,16.2800,100
44276599755754,12:17:56.599,16.2800,83
44276599755754,12:17:56.599,16.2800,100
44276599755754,12:17:56.599,16.2800,1
44276605737804,12:17:56.605,16.2700,100
44276605737804,12:17:56.605,16.2700,100
44276605737804,12:17:56.605,16.2700,10
44276605737804,12:17:56.605,16.2700,148
44276605737804,12:17:56.605,16.2700,100
44276611417280,12:17:56.611,16.2600,100
44276611417280,12:17:56.611,16.2600,100
44276611417280,12:17:56.611,16.2600,100
44276611417280,12:17:56.611,16.2600,100
44276611417280,12:17:56.611,16.2600,100
44276611625555,12:17:56.611,16.2600,100
44276612973987,12:17:56.612,16.2600,100
44276612973987,12:17:56.612,16.2600,100
44276612973987,12:17:56.612,16.2600,100
44276612973987,12:17:56.612,16.2600,100
44276613088636,12:17:56.613,16.2600,100
44276620673839,12:17:56.620,16.2600,100
44276620673839,12:17:56.620,16.2600,100
44276620673839,12:17:56.620,16.2600,100
44276620673839,12:17:56.620,16.2600,100
44276620778490,12:17:56.620,16.2600,100
44276625810980,12:17:56.625,16.2500,100
44276625810980,12:17:56.625,16.2500,100
44276625810980,12:17:56.625,16.2500,100
44276625810980,12:17:56.625,16.2500,100
44279584123335,12:17:59.584,16.2500,100
44279584123335,12:17:59.584,16.2500,100
44279584176738,12:17:59.584,16.2500,100
44279586821034,12:17:59.586,16.2500,100
44279586821034,12:17:59.586,16.2500,100
44279586821034,12:17:59.586,16.2500,100
44279605858874,12:17:59.605,16.2500,100
44279605858874,12:17:59.605,16.2500,100
44279605858874,12:17:59.605,16.2500,100
44279605858874,12:17:59.605,16.2500,100
44279606758579,12:17:59.606,16.2500,100
44282785607487,12:18:02.785,16.2400,39
44282786966251,12:18:02.786,16.2400,42
44282788781634,12:18:02.788,16.2400,58
44282846581770,12:18:02.846,16.2300,100
44282846675420,12:18:02.846,16.2300,100
44282847004963,12:18:02.847,16.2300,100
44338216093445,12:18:58.216,16.2300,100
44338216093445,12:18:58.216,16.2300,100
44447905335571,12:20:47.905,16.2300,100
44816934887828,12:26:56.934,16.2300,2
44816934940742,12:26:56.934,16.2300,98
44816934940742,12:26:56.934,16.2300,2
44816934974186,12:26:56.934,16.2300,98
44888304860614,12:28:08.304,16.2400,1
44944229166159,12:29:04.229,16.2400,99
44944229166159,12:29:04.229,16.2400,100
45005943955307,12:30:05.943,16.2400,100
45225441584475,12:33:45.441,16.2300,16
45225441584475,12:33:45.441,16.2300,100
45225441584475,12:33:45.441,16.2300,84
45225441820297,12:33:45.441,16.2300,16
45234207722166,12:33:54.207,16.2200,5
45240024541066,12:34:00.024,16.2200,100
45362098913510,12:36:02.098,16.2200,100
45362098913510,12:36:02.098,16.2200,100
45526913182070,12:38:46.913,16.2100,100
45692757345092,12:41:32.757,16.2100,100
45692757630169,12:41:32.757,16.2100,100
45692757651475,12:41:32.757,16.2100,100
45692757679745,12:41:32.757,16.2100,100
45692757712295,12:41:32.757,16.2100,100
45693534050849,12:41:33.534,16.2000,100
45693534192903,12:41:33.534,16.2000,100
45874647830493,12:44:34.647,16.2000,100
45911808223019,12:45:11.808,16.2000,100
46021509808872,12:47:01.509,16.2000,86
46021509847743,12:47:01.509,16.2000,14
46043254596983,12:47:23.254,16.2100,100
46134488486607,12:48:54.488,16.2100,100
46135021964304,12:48:55.021,16.2100,100
46171018942107,12:49:31.018,16.2000,100
46171018942107,12:49:31.018,16.2000,100
46181187279282,12:49:41.187,16.2000,100
46186995197551,12:49:46.995,16.2000,100
46186995197551,12:49:46.995,16.2000,100
46187898997933,12:49:47.898,16.2000,87
46209075535574,12:50:09.075,16.2000,7
46233378914123,12:50:33.378,16.2100,100
46236194953603,12:50:36.194,16.2100,100
46246019819738,12:50:46.019,16.2100,100
46246019819738,12:50:46.019,16.2100,200
46253850899646,12:50:53.850,16.2100,100
46279153638359,12:51:19.153,16.2200,100
46283342408525,12:51:23.342,16.2300,100
46283342408525,12:51:23.342,16.2300,100
46283342408525,12:51:23.342,16.2300,100
46348850288471,12:52:28.850,16.2350,100
46413833744580,12:53:33.833,16.2300,100
46413833744580,12:53:33.833,16.2300,156
46413833744580,12:53:33.833,16.2300,44
46413833778775,12:53:33.833,16.2300,556
46413833778775,12:53:33.833,16.2300,100
46413833778775,12:53:33.833,16.2300,68
46413833778775,12:53:33.833,16.2300,200
46414019716712,12:53:34.019,16.2200,200
46414019716712,12:53:34.019,16.2200,1
46500044171217,12:55:00.044,16.2100,100
46500044171217,12:55:00.044,16.2100,10
46500044171217,12:55:00.044,16.2100,87
46520026221778,12:55:20.026,16.2100,100
46521020372330,12:55:21.020,16.2100,100
46521020372330,12:55:21.020,16.2100,100
46526089625899,12:55:26.089,16.2100,200
46526089625899,12:55:26.089,16.2100,100
46526089625899,12:55:26.089,16.2100,100
46551853535443,12:55:51.853,16.2100,100
46595751846810,12:56:35.751,16.2200,100
46595751846810,12:56:35.751,16.2200,100
46639706916001,12:57:19.706,16.2200,400
46786260794453,12:59:46.260,16.2300,100
46786260794453,12:59:46.260,16.2300,100
46916357610955,13:01:56.357,16.2300,6
46916357610955,13:01:56.357,16.2300,94
46916357643805,13:01:56.357,16.2300,6
46918019780830,13:01:58.019,16.2300,100
46918019780830,13:01:58.019,16.2300,200
46918364256859,13:01:58.364,16.2300,63
46918365130251,13:01:58.365,16.2300,34
46919173820890,13:01:59.173,16.2300,66
46919173820890,13:01:59.173,16.2300,34
46937019366474,13:02:17.019,16.2300,10
46937019366474,13:02:17.019,16.2300,77
46937019366474,13:02:17.019,16.2300,1
47098522371235,13:04:58.522,16.2400,100
47101305360254,13:05:01.305,16.2400,100
47204138858554,13:06:44.138,16.2400,100
47204138858554,13:06:44.138,16.2400,100
47233031043918,13:07:13.031,16.2500,100
47233031043918,13:07:13.031,16.2500,7
47233031043918,13:07:13.031,16.2500,100
47257849123965,13:07:37.849,16.2400,100
47257849123965,13:07:37.849,16.2400,100
47257849123965,13:07:37.849,16.2400,100
47257849123965,13:07:37.849,16.2400,100
47333407753693,13:08:53.407,16.2400,100
47343058058044,13:09:03.058,16.2400,79
47343058058044,13:09:03.058,16.2400,21
47365719509506,13:09:25.719,16.2400,13
47365719588361,13:09:25.719,16.2400,66
47410070946007,13:10:10.070,16.2500,6
47423019873601,13:10:23.019,16.2500,63
47423019873601,13:10:23.019,16.2500,100
47423019873601,13:10:23.019,16.2500,100
47423019873601,13:10:23.019,16.2500,37
47423019906267,13:10:23.019,16.2500,63
47621895973855,13:13:41.895,16.2500,100
47629202097294,13:13:49.202,16.2500,5
47629332959221,13:13:49.332,16.2500,95
47705079198034,13:15:05.079,16.2500,100
47705079198034,13:15:05.079,16.2500,100
47844020371872,13:17:24.020,16.2400,100
47868019693307,13:17:48.019,16.2400,100
47877231778159,13:17:57.231,16.2400,40
47992608425799,13:19:52.608,16.2400,33
47992608659489,13:19:52.608,16.2400,67
47992608659489,13:19:52.608,16.2400,59
47992608670479,13:19:52.608,16.2400,41
47992608670479,13:19:52.608,16.2400,59
47992608675228,13:19:52.608,16.2400,41
47992608675228,13:19:52.608,16.2400,59
47992608676906,13:19:52.608,16.2400,1
48053038979684,13:20:53.038,16.2300,100
48156292730471,13:22:36.292,16.2200,1
48156292730471,13:22:36.292,16.2200,36
48156292805191,13:22:36.292,16.2200,34
48156292805191,13:22:36.292,16.2200,3
48156293032345,13:22:36.293,16.2200,97
48185448615693,13:23:05.448,16.2100,100
48211376300764,13:23:31.376,16.2100,103
48211376307114,13:23:31.376,16.2100,97
48211376307114,13:23:31.376,16.2100,104
48211376405129,13:23:31.376,16.2100,96
48256219583033,13:24:16.219,16.2200,100
48305197055044,13:25:05.197,16.2200,100
48305197055044,13:25:05.197,16.2200,34
48607838645214,13:30:07.838,16.2200,100
48607838701802,13:30:07.838,16.2200,3
48607838701802,13:30:07.838,16.2200,97
48607838731775,13:30:07.838,16.2200,3
48617847044031,13:30:17.847,16.2200,3
48777352640513,13:32:57.352,16.2300,100
48777352640513,13:32:57.352,16.2300,100
48831866292743,13:33:51.866,16.2300,95
48831866292743,13:33:51.866,16.2300,100
48831866292743,13:33:51.866,16.2300,100
48863140633320,13:34:23.140,16.2300,100
49028190696215,13:37:08.190,16.2350,100
49041658061646,13:37:21.658,16.2300,100
49041658061646,13:37:21.658,16.2300,100
49041658061646,13:37:21.658,16.2300,10
49041658061646,13:37:21.658,16.2300,8
49139780426876,13:38:59.780,16.2200,100
49350120454865,13:42:30.120,16.2200,100
49350120454865,13:42:30.120,16.2200,100
49350120454865,13:42:30.120,16.2200,50
49452159133455,13:44:12.159,16.2200,100
49534177128660,13:45:34.177,16.2200,8
49536625039848,13:45:36.625,16.2200,100
49536625039848,13:45:36.625,16.2200,100
49570018867670,13:46:10.018,16.2200,52
49611441541837,13:46:51.441,16.2100,16
49615019365817,13:46:55.019,16.2100,100
49615019365817,13:46:55.019,16.2100,100
49619997981847,13:46:59.997,16.2100,100
49739366679283,13:48:59.366,16.2100,100
49750241282313,13:49:10.241,16.2100,100
49856647238726,13:50:56.647,16.2100,7
49977493288983,13:52:57.493,16.2200,19
49977493362731,13:52:57.493,16.2200,81
49977493362731,13:52:57.493,16.2200,19
50053157962461,13:54:13.157,16.2200,81
50053160904252,13:54:13.160,16.2200,4
50096387471347,13:54:56.387,16.2300,100
50106476916876,13:55:06.476,16.2200,10
50106476916876,13:55:06.476,16.2200,100
50106476916876,13:55:06.476,16.2200,90
50106477093337,13:55:06.477,16.2200,10
50106477093337,13:55:06.477,16.2200,67
50129272707898,13:55:29.272,16.2200,4
50129272707898,13:55:29.272,16.2200,96
50131019617385,13:55:31.019,16.2200,100
50208821637199,13:56:48.821,16.2200,100
50208836551386,13:56:48.836,16.2200,4
50211018703477,13:56:51.018,16.2200,100
50324558560168,13:58:44.558,16.2300,100
50324563407690,13:58:44.563,16.2300,1
50330804929834,13:58:50.804,16.2200,100
50330804929834,13:58:50.804,16.2200,100
50330804929834,13:58:50.804,16.2200,1
50330804929834,13:58:50.804,16.2200,100
50338113641224,13:58:58.113,16.2200,100
50338113892410,13:58:58.113,16.2100,1
50338113892410,13:58:58.113,16.2100,54
50402708669382,14:00:02.708,16.2200,1
50403201912222,14:00:03.201,16.2300,128
50407841201001,14:00:07.841,16.2400,97
50407841213715,14:00:07.841,16.2400,3
50409453471110,14:00:09.453,16.2500,100
50413091519781,14:00:13.091,16.2600,100
50413091519781,14:00:13.091,16.2600,100
50413091527104,14:00:13.091,16.2600,100
50423350957326,14:00:23.350,16.2400,100
50425505587921,14:00:25.505,16.2300,100
50425505587921,14:00:25.505,16.2300,78
50443311093039,14:00:43.311,16.2200,100
50453924701051,14:00:53.924,16.2200,100
50466715441032,14:01:06.715,16.2100,60
50466715674886,14:01:06.715,16.2100,40
50471393406230,14:01:11.393,16.2000,100
50471393406230,14:01:11.393,16.2000,200
50474649336877,14:01:14.649,16.2100,100
50509062475269,14:01:49.062,16.2100,100
50537829799077,14:02:17.829,16.1900,98
50537829799077,14:02:17.829,16.1900,100
50537830017530,14:02:17.830,16.1900,300
50537840151001,14:02:17.840,16.1900,100
50566049415873,14:02:46.049,16.1900,5
50566049495066,14:02:46.049,16.1900,95
50595087290477,14:03:15.087,16.2100,100
50628762164074,14:03:48.762,16.2400,100
50681763031954,14:04:41.763,16.2700,100
50681763031954,14:04:41.763,16.2700,100
50684532591508,14:04:44.532,16.2700,26
50712651457194,14:05:12.651,16.2700,9
50713581308731,14:05:13.581,16.2800,100
50715787888539,14:05:15.787,16.2900,31
50715787951603,14:05:15.787,16.2900,69
50715787951603,14:05:15.787,16.2900,100
50759241908582,14:05:59.241,16.2800,10
50759241908582,14:05:59.241,16.2800,4
50759256250988,14:05:59.256,16.2800,100
50837897440999,14:07:17.897,16.3000,100
50853869170140,14:07:33.869,16.3000,48
50878345118440,14:07:58.345,16.3000,100
50878345118440,14:07:58.345,16.3000,71
50878345118440,14:07:58.345,16.3000,100
51016944661367,14:10:16.944,16.2800,100
51016944661367,14:10:16.944,16.2800,44
51016944902706,14:10:16.944,16.2800,156
51016944902706,14:10:16.944,16.2800,40
51016944902706,14:10:16.944,16.2800,100
51025715555050,14:10:25.715,16.2700,70
51025715734259,14:10:25.715,16.2700,30
51025715734259,14:10:25.715,16.2700,70
51025715897061,14:10:25.715,16.2700,30
51025715897061,14:10:25.715,16.2700,100
51039317476663,14:10:39.317,16.2600,100
51045499922254,14:10:45.499,16.2600,10
51045502681015,14:10:45.502,16.2600,100
51045502703180,14:10:45.502,16.2600,100
51045502720961,14:10:45.502,16.2600,39
51064630253118,14:11:04.630,16.2700,13
51064630259062,14:11:04.630,16.2700,87
51124149790241,14:12:04.149,16.2800,80
51128319771780,14:12:08.319,16.2800,21
51128319835221,14:12:08.319,16.2800,20
51137846920731,14:12:17.846,16.2800,59
51149778842920,14:12:29.778,16.2800,100
51169980957959,14:12:49.980,16.2900,100
51207707342950,14:13:27.707,16.2900,50
51212677334745,14:13:32.677,16.2900,100
51212677334745,14:13:32.677,16.2900,100
51212677334745,14:13:32.677,16.2900,98
51212677376839,14:13:32.677,16.2900,2
51212677376839,14:13:32.677,16.2900,180
51212743297973,14:13:32.743,16.2800,141
51212743379341,14:13:32.743,16.2800,59
51212743379341,14:13:32.743,16.2800,100
51212743379341,14:13:32.743,16.2800,100
51212743379341,14:13:32.743,16.2800,41
51212743506250,14:13:32.743,16.2800,59
51212743864470,14:13:32.743,16.2800,73
51226323938919,14:13:46.323,16.2700,100
51226326896789,14:13:46.326,16.2700,100
51226468385613,14:13:46.468,16.2700,93
51226468414880,14:13:46.468,16.2700,7
51236076183555,14:13:56.076,16.2700,100
51300193366148,14:15:00.193,16.2800,100
51300193813544,14:15:00.193,16.2800,180
51300193813544,14:15:00.193,16.2800,1
51300265231235,14:15:00.265,16.2700,100
51300265231235,14:15:00.265,16.2700,100
51300265231235,14:15:00.265,16.2700,100
51300265231235,14:15:00.265,16.2700,100
51347004660585,14:15:47.004,16.2800,1
51365023046284,14:16:05.023,16.2800,99
51365023046284,14:16:05.023,16.2800,1
51365023102555,14:16:05.023,16.2800,99
51381681030673,14:16:21.681,16.2900,98
51381681068573,14:16:21.681,16.2900,2
51423090182824,14:17:03.090,16.3000,10
51464152874525,14:17:44.152,16.3100,100
51549354889897,14:19:09.354,16.3200,96
51562928031016,14:19:22.928,16.3200,100
51583915348680,14:19:43.915,16.3200,100
51583915370436,14:19:43.915,16.3200,96
51583920470055,14:19:43.920,16.3200,4
51583920470055,14:19:43.920,16.3200,100
51583921392463,14:19:43.921,16.3200,5
51583921482958,14:19:43.921,16.3200,95
51612662308948,14:20:12.662,16.3200,10
51615795432059,14:20:15.795,16.3200,90
51615795432059,14:20:15.795,16.3200,200
51615795432059,14:20:15.795,16.3200,180
51615795432059,14:20:15.795,16.3200,100
51626953915701,14:20:26.953,16.3200,100
51716708507591,14:21:56.708,16.3400,100
51716708507591,14:21:56.708,16.3400,70
51716708507591,14:21:56.708,16.3400,180
51718299401746,14:21:58.299,16.3400,100
51770713426895,14:22:50.713,16.3400,100
51772812838105,14:22:52.812,16.3400,100
51772812838105,14:22:52.812,16.3400,100
51772812838105,14:22:52.812,16.3400,100
51772812838105,14:22:52.812,16.3400,100
51809826068933,14:23:29.826,16.3400,100
51818638862614,14:23:38.638,16.3200,100
51818638862614,14:23:38.638,16.3200,100
51818638862614,14:23:38.638,16.3200,200
51830083710157,14:23:50.083,16.3300,100
51998049530360,14:26:38.049,16.3100,100
52059389959547,14:27:39.389,16.3000,100
52059389959547,14:27:39.389,16.3000,100
52064090549936,14:27:44.090,16.3000,100
52064090549936,14:27:44.090,16.3000,100
52074867759681,14:27:54.867,16.3000,100
52074867759681,14:27:54.867,16.3000,100
52075834636657,14:27:55.834,16.2900,100
52075835101658,14:27:55.835,16.2900,100
52169993297796,14:29:29.993,16.3000,100
52202023139986,14:30:02.023,16.3000,100
52202023139986,14:30:02.023,16.3000,300
52202301204308,14:30:02.301,16.3000,70
52204777146027,14:30:04.777,16.2900,100
52204777590727,14:30:04.777,16.2900,100
52204777590727,14:30:04.777,16.2900,100
52208066391383,14:30:08.066,16.2900,100
52223812956078,14:30:23.812,16.2900,4
52223812956078,14:30:23.812,16.2900,93
52223812985545,14:30:23.812,16.2900,7
52249201099719,14:30:49.201,16.3000,100
52249201099719,14:30:49.201,16.3000,100
52311022613747,14:31:51.022,16.2800,100
52316046820603,14:31:56.046,16.2800,300
52316046820603,14:31:56.046,16.2800,100
52356468618370,14:32:36.468,16.2800,100
52356468618370,14:32:36.468,16.2800,100
52356517175459,14:32:36.517,16.2700,100
52361071532646,14:32:41.071,16.2700,100
52361071532646,14:32:41.071,16.2700,100
52361071532646,14:32:41.071,16.2700,100
52361071532646,14:32:41.071,16.2700,100
52361071532646,14:32:41.071,16.2700,100
52361071532646,14:32:41.071,16.2700,100
52487579671058,14:34:47.579,16.2700,100
52487579671058,14:34:47.579,16.2700,100
52490190818007,14:34:50.190,16.2800,100
52538626297955,14:35:38.626,16.2800,100
52565021586978,14:36:05.021,16.2700,100
52629021759380,14:37:09.021,16.2600,200
52629021759380,14:37:09.021,16.2600,100
52629021906933,14:37:09.021,16.2600,71
52644098717744,14:37:24.098,16.2600,10
52644098717744,14:37:24.098,16.2600,100
52644098717744,14:37:24.098,16.2600,45
52644098753384,14:37:24.098,16.2600,55
52724495470950,14:38:44.495,16.2700,100
52724495502241,14:38:44.495,16.2700,100
52791338544434,14:39:51.338,16.2600,100
52801572019388,14:40:01.572,16.2500,100
52801572019388,14:40:01.572,16.2500,100
52850020735796,14:40:50.020,16.2500,100
52850020735796,14:40:50.020,16.2500,100
52932774027104,14:42:12.774,16.2500,100
52947170979310,14:42:27.170,16.2600,100
52979631695004,14:42:59.631,16.2600,100
52996096951641,14:43:16.096,16.2400,20
52996096951641,14:43:16.096,16.2400,180
52997101163635,14:43:17.101,16.2400,100
52997101163635,14:43:17.101,16.2400,100
52997101163635,14:43:17.101,16.2400,100
53010701028249,14:43:30.701,16.2500,100
53027328581398,14:43:47.328,16.2500,98
53027328608443,14:43:47.328,16.2500,118
53083861443635,14:44:43.861,16.2600,100
53083861443635,14:44:43.861,16.2600,4
53083861443635,14:44:43.861,16.2600,100
53083861443635,14:44:43.861,16.2600,100
53083861645946,14:44:43.861,16.2600,100
53113450807579,14:45:13.450,16.2600,12
53188336435068,14:46:28.336,16.2700,100
53216219801345,14:46:56.219,16.2900,100
53270789602437,14:47:50.789,16.3000,100
53270789602437,14:47:50.789,16.3000,100
53270789602437,14:47:50.789,16.3000,96
53283439511778,14:48:03.439,16.3000,100
53299609112538,14:48:19.609,16.2900,1
53299609112538,14:48:19.609,16.2900,97
53299609124998,14:48:19.609,16.2900,3
53376019152825,14:49:36.019,16.2800,100
53376019152825,14:49:36.019,16.2800,100
53376019152825,14:49:36.019,16.2800,100
53376019334445,14:49:36.019,16.2800,20
53376071056183,14:49:36.071,16.2800,100
53445275948419,14:50:45.275,16.2900,100
53446019861899,14:50:46.019,16.2900,100
53446019861899,14:50:46.019,16.2900,200
53466030948886,14:51:06.030,16.2800,100
53466030948886,14:51:06.030,16.2800,64
53466030948886,14:51:06.030,16.2800,100
53509467736788,14:51:49.467,16.2800,100
53509467736788,14:51:49.467,16.2800,21
53509468350240,14:51:49.468,16.2800,121
53509469101444,14:51:49.469,16.2800,258
53524267613640,14:52:04.267,16.2900,100
53526021243001,14:52:06.021,16.3000,100
53537090151592,14:52:17.090,16.3000,300
53537090151592,14:52:17.090,16.3000,100
53542010712002,14:52:22.010,16.3100,100
53542056855793,14:52:22.056,16.3100,100
53543330992683,14:52:23.330,16.3100,100
53543942753751,14:52:23.942,16.3100,100
53546746067888,14:52:26.746,16.3100,100
53580489575420,14:53:00.489,16.3100,100
53580489575420,14:53:00.489,16.3100,200
53580490881116,14:53:00.490,16.3100,100
53580491115597,14:53:00.491,16.3100,100
53580491115597,14:53:00.491,16.3100,48
53580491198970,14:53:00.491,16.3100,52
53580652915234,14:53:00.652,16.3000,100
53580652915234,14:53:00.652,16.3000,100
53685631666900,14:54:45.631,16.3100,100
53804586484400,14:56:44.586,16.3200,100
53804587779310,14:56:44.587,16.3200,100
53804592036910,14:56:44.592,16.3200,100
53858434277390,14:57:38.434,16.3300,100
53883862788886,14:58:03.862,16.3300,100
53883862788886,14:58:03.862,16.3300,100
53883863106202,14:58:03.863,16.3300,100
53883863146174,14:58:03.863,16.3300,100
53923882122659,14:58:43.882,16.3300,100
53923882122659,14:58:43.882,16.3300,100
53952019503636,14:59:12.019,16.3300,47
53952019503636,14:59:12.019,16.3300,100
53982019172743,14:59:42.019,16.3300,100
54007152662316,15:00:07.152,16.3300,100
54013821742230,15:00:13.821,16.3300,100
54013821742230,15:00:13.821,16.3300,8
54013821746648,15:00:13.821,16.3300,92
54014817792245,15:00:14.817,16.3300,13
54020711032750,15:00:20.711,16.3300,100
54020711032750,15:00:20.711,16.3300,100
54020711032750,15:00:20.711,16.3300,100
54075567372777,15:01:15.567,16.3300,100
54162776792946,15:02:42.776,16.3300,100
54198138285476,15:03:18.138,16.3300,100
54237093969403,15:03:57.093,16.3200,100
54237093969403,15:03:57.093,16.3200,100
54237093969403,15:03:57.093,16.3200,100
54237093969403,15:03:57.093,16.3200,100
54237093969403,15:03:57.093,16.3200,200
54237093969403,15:03:57.093,16.3200,100
54245021678093,15:04:05.021,16.3100,100
54245021678093,15:04:05.021,16.3100,100
54278019729057,15:04:38.019,16.3000,100
54278019729057,15:04:38.019,16.3000,100
54278019729057,15:04:38.019,16.3000,42
54278590162564,15:04:38.590,16.2900,100
54278590162564,15:04:38.590,16.2900,100
54278590162564,15:04:38.590,16.2900,100
54279005670327,15:04:39.005,16.2900,100
54383020046511,15:06:23.020,16.2900,100
54383020046511,15:06:23.020,16.2900,100
54383020046511,15:06:23.020,16.2900,100
54383020046511,15:06:23.020,16.2900,100
54383020285124,15:06:23.020,16.2900,75
54480341497091,15:08:00.341,16.2900,100
54480341497091,15:08:00.341,16.2900,100
54480341497091,15:08:00.341,16.2900,100
54480341497091,15:08:00.341,16.2900,100
54480341497091,15:08:00.341,16.2900,100
54483084181476,15:08:03.084,16.3000,100
54485979977461,15:08:05.979,16.3000,29
54485983463851,15:08:05.983,16.3000,71
54518020216708,15:08:38.020,16.3000,100
54518020216708,15:08:38.020,16.3000,100
54518020216708,15:08:38.020,16.3000,100
54545022622001,15:09:05.022,16.3000,100
54545022622001,15:09:05.022,16.3000,100
54600044729539,15:10:00.044,16.2900,26
54600044729539,15:10:00.044,16.2900,100
54639023754563,15:10:39.023,16.2800,200
54639023935167,15:10:39.023,16.2800,100
54639023935167,15:10:39.023,16.2800,100
54639023935167,15:10:39.023,16.2800,100
54671021410879,15:11:11.021,16.2700,100
54671021410879,15:11:11.021,16.2700,100
54671021410879,15:11:11.021,16.2700,100
54671021622720,15:11:11.021,16.2700,80
54690173757673,15:11:30.173,16.2700,14
54745272439209,15:12:25.272,16.2800,100
54894347997212,15:14:54.347,16.2800,100
54922895689231,15:15:22.895,16.2900,100
54930957402155,15:15:30.957,16.2900,28
54998522096696,15:16:38.522,16.3000,100
54998522096696,15:16:38.522,16.3000,21
54998522157515,15:16:38.522,16.3000,121
54998522328167,15:16:38.522,16.3000,6
54998522333711,15:16:38.522,16.3000,190
54998522335342,15:16:38.522,16.3000,62
54998522335342,15:16:38.522,16.3000,87
54998522338427,15:16:38.522,16.3000,13
54998522338427,15:16:38.522,16.3000,87
54998522349975,15:16:38.522,16.3000,13
55044554981704,15:17:24.554,16.2950,300
55045020657782,15:17:25.020,16.2900,100
55045020657782,15:17:25.020,16.2900,100
55045020970483,15:17:25.020,16.2900,100
55045020970483,15:17:25.020,16.2900,100
55045037032808,15:17:25.037,16.2900,100
55045222136165,15:17:25.222,16.2900,100
55045222136165,15:17:25.222,16.3000,300
55045222136165,15:17:25.222,16.3000,100
55045222136165,15:17:25.222,16.3000,100
55045222136165,15:17:25.222,16.3000,400
55045222136165,15:17:25.222,16.3000,100
55045222136165,15:17:25.222,16.3000,100
55045222136165,15:17:25.222,16.3000,55
55045222136165,15:17:25.222,16.3000,100
55045224335420,15:17:25.224,16.3000,4
55045225129857,15:17:25.225,16.3000,96
55054877512623,15:17:34.877,16.2900,100
55202661075662,15:20:02.661,16.2900,100
55202661075662,15:20:02.661,16.2900,83
55202661085479,15:20:02.661,16.2900,17
55202661085479,15:20:02.661,16.2900,100
55214640018793,15:20:14.640,16.3000,23
55219062050573,15:20:19.062,16.3000,77
55219062050573,15:20:19.062,16.3000,100
55219062050573,15:20:19.062,16.3000,100
55306692785375,15:21:46.692,16.2900,200
55306693031896,15:21:46.693,16.2900,19
55306693031896,15:21:46.693,16.2900,81
55306693031896,15:21:46.693,16.2900,100
55306693031896,15:21:46.693,16.2900,10
55330021066072,15:22:10.021,16.2800,100
55342659829124,15:22:22.659,16.2700,100
55342660970484,15:22:22.660,16.2700,100
55409020891082,15:23:29.020,16.2600,100
55409020891082,15:23:29.020,16.2600,200
55412099491945,15:23:32.099,16.2600,100
55412099491945,15:23:32.099,16.2600,100
55412099491945,15:23:32.099,16.2600,100
55412099491945,15:23:32.099,16.2600,100
55447020650859,15:24:07.020,16.2600,100
55447020650859,15:24:07.020,16.2600,100
55600934609375,15:26:40.934,16.2600,84
55600934654119,15:26:40.934,16.2600,16
55600934654119,15:26:40.934,16.2600,100
55600934654119,15:26:40.934,16.2600,200
55600934654119,15:26:40.934,16.2600,100
55600934654119,15:26:40.934,16.2600,100
55610102210611,15:26:50.102,16.2600,100
55610102210611,15:26:50.102,16.2600,100
55610102621604,15:26:50.102,16.2600,100
55610102621604,15:26:50.102,16.2600,100
55610102621604,15:26:50.102,16.2600,100
55611019172000,15:26:51.019,16.2500,200
55611019172000,15:26:51.019,16.2500,100
55617064478840,15:26:57.064,16.2500,100
55629100241742,15:27:09.100,16.2500,100
55629100241742,15:27:09.100,16.2500,100
55631273995434,15:27:11.273,16.2500,100
55644105535210,15:27:24.105,16.2500,100
55644110129960,15:27:24.110,16.2500,100
55646019174169,15:27:26.019,16.2500,100
55661128197043,15:27:41.128,16.2500,100
55661128197043,15:27:41.128,16.2500,100
55661145170724,15:27:41.145,16.2500,73
55676967328833,15:27:56.967,16.2500,196
55676967693259,15:27:56.967,16.2500,4
55676967693259,15:27:56.967,16.2500,100
55751484635020,15:29:11.484,16.2500,204
55751484635020,15:29:11.484,16.2500,100
55751484635020,15:29:11.484,16.2500,296
55751484681616,15:29:11.484,16.2500,204
55754107636581,15:29:14.107,16.2500,100
55754107636581,15:29:14.107,16.2500,226
55754107636581,15:29:14.107,16.2500,100
55754107636581,15:29:14.107,16.2500,100
55760019334756,15:29:20.019,16.2500,100
55760019334756,15:29:20.019,16.2500,100
55800675888459,15:30:00.675,16.2400,100
55800679036018,15:30:00.679,16.2400,100
55800679036018,15:30:00.679,16.2400,100
55801233831222,15:30:01.233,16.2400,34
55868548881695,15:31:08.548,16.2400,66
55868548881695,15:31:08.548,16.2400,100
55868548881695,15:31:08.548,16.2400,100
55891348812786,15:31:31.348,16.2500,100
55891348812786,15:31:31.348,16.2500,100
55905199410103,15:31:45.199,16.2500,300
55906020220181,15:31:46.020,16.2500,100
55906020220181,15:31:46.020,16.2500,100
55906020220181,15:31:46.020,16.2500,100
55951726822263,15:32:31.726,16.2500,100
55952019756246,15:32:32.019,16.2500,100
55952019756246,15:32:32.019,16.2500,100
55952019756246,15:32:32.019,16.2500,64
55955163260347,15:32:35.163,16.2500,136
55955163260347,15:32:35.163,16.2500,100
55955163260347,15:32:35.163,16.2500,100
55967396793883,15:32:47.396,16.2600,100
55967396793883,15:32:47.396,16.2600,100
55967396793883,15:32:47.396,16.2600,200
55967396793883,15:32:47.396,16.2600,100
55967396793883,15:32:47.396,16.2600,300
55967396793883,15:32:47.396,16.2600,100
56035020031270,15:33:55.020,16.2500,100
56035020031270,15:33:55.020,16.2500,100
56038313896366,15:33:58.313,16.2500,100
56038313896366,15:33:58.313,16.2500,100
56038313896366,15:33:58.313,16.2500,100
56040343098591,15:34:00.343,16.2500,20
56042115609317,15:34:02.115,16.2500,100
56042115609317,15:34:02.115,16.2500,100
56042115609317,15:34:02.115,16.2500,100
56042115609317,15:34:02.115,16.2500,100
56045446033181,15:34:05.446,16.2500,100
56045446033181,15:34:05.446,16.2500,100
56045457275973,15:34:05.457,16.2500,100
56045457275973,15:34:05.457,16.2500,300
56045457275973,15:34:05.457,16.2500,100
56045457275973,15:34:05.457,16.2500,100
56045457275973,15:34:05.457,16.2500,100
56045457275973,15:34:05.457,16.2500,100
56045457275973,15:34:05.457,16.2500,200
56045457333404,15:34:05.457,16.2500,100
56045460812028,15:34:05.460,16.2600,100
56045460812028,15:34:05.460,16.2600,100
56045460812028,15:34:05.460,16.2600,100
56045462272008,15:34:05.462,16.2600,100
56045462272008,15:34:05.462,16.2600,100
56045462272008,15:34:05.462,16.2600,100
56045462326036,15:34:05.462,16.2600,100
56045462326036,15:34:05.462,16.2600,182
56045463938572,15:34:05.463,16.2600,100
56045463938572,15:34:05.463,16.2600,100
56053021098160,15:34:13.021,16.2500,100
56053021098160,15:34:13.021,16.2500,100
56053021254890,15:34:13.021,16.2500,100
56060341273434,15:34:20.341,16.2400,200
56060341273434,15:34:20.341,16.2400,100
56060341273434,15:34:20.341,16.2400,100
56080092374475,15:34:40.092,16.2400,100
56080092374475,15:34:40.092,16.2400,100
56080092688052,15:34:40.092,16.2400,100
56080092688052,15:34:40.092,16.2400,22
56084115551299,15:34:44.115,16.2400,100
56084115551299,15:34:44.115,16.2400,100
56084115551299,15:34:44.115,16.2400,100
56085021404656,15:34:45.021,16.2400,100
56085021404656,15:34:45.021,16.2400,100
56236019125440,15:37:16.019,16.2400,34
56236019125440,15:37:16.019,16.2400,100
56236019125440,15:37:16.019,16.2400,66
56255842818882,15:37:35.842,16.2400,100
56255842818882,15:37:35.842,16.2400,100
56255842818882,15:37:35.842,16.2400,100
56255843425170,15:37:35.843,16.2400,70
56258095928463,15:37:38.095,16.2400,199
56258095928463,15:37:38.095,16.2400,100
56258095928463,15:37:38.095,16.2400,100
56258095928463,15:37:38.095,16.2400,101
56258096865699,15:37:38.096,16.2400,1
56258097732719,15:37:38.097,16.2400,9
56259019992213,15:37:39.019,16.2400,100
56259019992213,15:37:39.019,16.2400,100
56266256413539,15:37:46.256,16.2300,100
56278540674672,15:37:58.540,16.2300,100
56306116702603,15:38:26.116,16.2300,100
56306116702603,15:38:26.116,16.2300,100
56324611912499,15:38:44.611,16.2400,100
56324612084981,15:38:44.612,16.2400,100
56327730726994,15:38:47.730,16.2400,100
56333893968842,15:38:53.893,16.2400,100
56383417036456,15:39:43.417,16.2400,100
56383417036456,15:39:43.417,16.2400,100
56383417036456,15:39:43.417,16.2400,100
56384019938414,15:39:44.019,16.2300,100
56401021011272,15:40:01.021,16.2350,100
56401021011272,15:40:01.021,16.2300,200
56402116274498,15:40:02.116,16.2300,100
56402116274498,15:40:02.116,16.2300,100
56402116274498,15:40:02.116,16.2300,100
56402116274498,15:40:02.116,16.2300,100
56403529635731,15:40:03.529,16.2300,100
56478891909376,15:41:18.891,16.2200,180
56478891909376,15:41:18.891,16.2200,100
56478891909376,15:41:18.891,16.2200,20
56478892003925,15:41:18.892,16.2200,300
56478892118222,15:41:18.892,16.2200,5
56478892158577,15:41:18.892,16.2200,100
56478892194041,15:41:18.892,16.2200,5
56478892265338,15:41:18.892,16.2200,31
56478892316676,15:41:18.892,16.2200,39
56479152464424,15:41:19.152,16.2200,66
56479152464424,15:41:19.152,16.2200,100
56479152464424,15:41:19.152,16.2200,34
56479255971652,15:41:19.255,16.2200,66
56479255971652,15:41:19.255,16.2200,34
56494102187924,15:41:34.102,16.2150,100
56526212776918,15:42:06.212,16.2100,100
56558122649675,15:42:38.122,16.2100,100
56558122649675,15:42:38.122,16.2100,100
56558122710803,15:42:38.122,16.2100,100
56558123839631,15:42:38.123,16.2100,100
56558123926863,15:42:38.123,16.2100,100
56612898103545,15:43:32.898,16.2200,100
56618140789261,15:43:38.140,16.2200,4
56618140789261,15:43:38.140,16.2200,100
56631431764793,15:43:51.431,16.2300,100
56631431764793,15:43:51.431,16.2300,100
56652228478725,15:44:12.228,16.2300,100
56652228478725,15:44:12.228,16.2300,100
56652228478725,15:44:12.228,16.2300,100
56652228498667,15:44:12.228,16.2300,24
56666947068404,15:44:26.947,16.2200,100
56666947068404,15:44:26.947,16.2200,15
56696487521811,15:44:56.487,16.2200,100
56746696677832,15:45:46.696,16.2300,100
56765029121477,15:46:05.029,16.2300,100
56765029121477,15:46:05.029,16.2300,100
56780711189367,15:46:20.711,16.2300,100
56782287126928,15:46:22.287,16.2300,15
56827608166319,15:47:07.608,16.2300,4
56828019875845,15:47:08.019,16.2300,100
56828019875845,15:47:08.019,16.2300,172
56828019875845,15:47:08.019,16.2300,28
56828020466954,15:47:08.020,16.2300,72
56853020875277,15:47:33.020,16.2200,100
56853020875277,15:47:33.020,16.2200,180
56853020875277,15:47:33.020,16.2200,15
56853020875277,15:47:33.020,16.2200,5
56853020922133,15:47:33.020,16.2200,95
56944019882475,15:49:04.019,16.2100,100
56944020027354,15:49:04.020,16.2100,200
56944020027354,15:49:04.020,16.2100,48
56944020045175,15:49:04.020,16.2100,100
56944020065019,15:49:04.020,16.2100,21
56950006406101,15:49:10.006,16.2100,13
56950098030567,15:49:10.098,16.2100,10
56950125561296,15:49:10.125,16.2100,10
56965771259150,15:49:25.771,16.2100,67
56965771259150,15:49:25.771,16.2100,100
56965771259150,15:49:25.771,16.2100,76
57007515624991,15:50:07.515,16.2100,3
57007519056713,15:50:07.519,16.2100,97
57007519056713,15:50:07.519,16.2100,10
57007519056713,15:50:07.519,16.2100,100
57007519056713,15:50:07.519,16.2100,100
57007520939450,15:50:07.520,16.2100,7
57034705929743,15:50:34.705,16.2100,100
57127327579304,15:52:07.327,16.2000,100
57127327685965,15:52:07.327,16.2000,100
57127327685965,15:52:07.327,16.2000,100
57127327685965,15:52:07.327,16.2000,15
57145707983739,15:52:25.707,16.1900,111
57146044528853,15:52:26.044,16.1900,89
57146044528853,15:52:26.044,16.1900,100
57154107818593,15:52:34.107,16.1800,100
57154107818593,15:52:34.107,16.1800,100
57169757141395,15:52:49.757,16.1800,100
57169757141395,15:52:49.757,16.1800,100
57204483264302,15:53:24.483,16.1800,100
57230082886777,15:53:50.082,16.1750,100
57230082886777,15:53:50.082,16.1750,100
57230083502136,15:53:50.083,16.1750,100
57230084454391,15:53:50.084,16.1700,100
57230085687814,15:53:50.085,16.1700,100
57230085687814,15:53:50.085,16.1700,100
57247143159311,15:54:07.143,16.1700,7
57247143159311,15:54:07.143,16.1700,10
57247143159311,15:54:07.143,16.1700,9
57247145539618,15:54:07.145,16.1700,91
57247145539618,15:54:07.145,16.1700,100
57247145539618,15:54:07.145,16.1700,100
57247145539618,15:54:07.145,16.1700,100
57247145539618,15:54:07.145,16.1700,100
57247145539618,15:54:07.145,16.1700,100
57247145539618,15:54:07.145,16.1700,28
57247145539618,15:54:07.145,16.1700,147
57247145539618,15:54:07.145,16.1700,100
57247151443807,15:54:07.151,16.1600,2
57247152199515,15:54:07.152,16.1600,2
57250508227562,15:54:10.508,16.1650,15
57300230785367,15:55:00.230,16.1650,100
57300230785367,15:55:00.230,16.1600,100
57300230785367,15:55:00.230,16.1600,100
57300230785367,15:55:00.230,16.1600,100
57300230785367,15:55:00.230,16.1600,100
57300230785367,15:55:00.230,16.1600,100
57300230789452,15:55:00.230,16.1600,100
57300230789452,15:55:00.230,16.1600,180
57300230789452,15:55:00.230,16.1600,100
57300230789452,15:55:00.230,16.1500,100
57300230789452,15:55:00.230,16.1500,600
57300230789452,15:55:00.230,16.1500,100
57300230789452,15:55:00.230,16.1500,100
57300230789452,15:55:00.230,16.1500,100
57300230789452,15:55:00.230,16.1400,100
57300230789452,15:55:00.230,16.1400,100
57300230789452,15:55:00.230,16.1400,100
57300230924850,15:55:00.230,16.1600,377
57300231309664,15:55:00.231,16.1300,100
57300231309664,15:55:00.231,16.1300,100
57300231653314,15:55:00.231,16.1600,100
57300231653314,15:55:00.231,16.1600,100
57300231653314,15:55:00.231,16.1600,400
57300231653314,15:55:00.231,16.1600,100
57300231653314,15:55:00.231,16.1600,400
57300231653314,15:55:00.231,16.1600,67
57300231653314,15:55:00.231,16.1600,100
57300231653314,15:55:00.231,16.1600,682
57300231653314,15:55:00.231,16.1600,100
57300231653314,15:55:00.231,16.1600,200
57300232459911,15:55:00.232,16.1600,100
57300232465842,15:55:00.232,16.1600,100
57300233645711,15:55:00.233,16.1500,100
57300233645711,15:55:00.233,16.1500,100
57300233645711,15:55:00.233,16.1500,100
57300233645711,15:55:00.233,16.1500,100
57300233645711,15:55:00.233,16.1500,100
57300233645711,15:55:00.233,16.1500,100
57300293469794,15:55:00.293,16.1500,100
57300293788329,15:55:00.293,16.1500,6
57300381439565,15:55:00.381,16.1500,94
57307673027699,15:55:07.673,16.1600,100
57308107447926,15:55:08.107,16.1600,100
57308107447926,15:55:08.107,16.1600,200
57308107447926,15:55:08.107,16.1600,200
57308107447926,15:55:08.107,16.1600,70
57308107447926,15:55:08.107,16.1600,1111
57308107447926,15:55:08.107,16.1600,100
57318869342032,15:55:18.869,16.1650,100
57324994132224,15:55:24.994,16.1600,96
57330001909429,15:55:30.001,16.1600,4
57330001909429,15:55:30.001,16.1600,100
57330001909429,15:55:30.001,16.1600,100
57330001909429,15:55:30.001,16.1600,100
57330001909429,15:55:30.001,16.1600,34
57331673692095,15:55:31.673,16.1600,100
57331673692095,15:55:31.673,16.1600,108
57335002812906,15:55:35.002,16.1600,100
57335002812906,15:55:35.002,16.1600,100
57335002812906,15:55:35.002,16.1600,88
57360073646396,15:56:00.073,16.1600,100
57360073646396,15:56:00.073,16.1600,100
57363943793374,15:56:03.943,16.1600,100
57370009717160,15:56:10.009,16.1600,24
57372928684219,15:56:12.928,16.1600,100
57381223877754,15:56:21.223,16.1600,100
57381224406823,15:56:21.224,16.1600,2
57381224406823,15:56:21.224,16.1600,98
57389395734778,15:56:29.395,16.1600,54
57389395734778,15:56:29.395,16.1600,46
57391815836904,15:56:31.815,16.1550,100
57391815836904,15:56:31.815,16.1550,100
57391815836904,15:56:31.815,16.1550,100
57391815836904,15:56:31.815,16.1550,100
57391815836904,15:56:31.815,16.1550,100
57393425172263,15:56:33.425,16.1550,172
57393425172263,15:56:33.425,16.1600,28
57398387671422,15:56:38.387,16.1600,26
57398387671422,15:56:38.387,16.1600,74
57407068156659,15:56:47.068,16.1600,100
57416113866447,15:56:56.113,16.1600,4
57416113866447,15:56:56.113,16.1600,14
57416113866447,15:56:56.113,16.1600,152
57416113866447,15:56:56.113,16.1600,30
57423128319262,15:57:03.128,16.1600,2
57423699681082,15:57:03.699,16.1600,1
57425035423403,15:57:05.035,16.1600,67
57425035423403,15:57:05.035,16.1600,33
57425058479881,15:57:05.058,16.1600,67
57425058479881,15:57:05.058,16.1600,33
57425058793702,15:57:05.058,16.1600,105
57434957615868,15:57:14.957,16.1700,100
57442462607316,15:57:22.462,16.1600,16
57442465018723,15:57:22.465,16.1600,16
57444033999353,15:57:24.033,16.1600,68
57444033999353,15:57:24.033,16.1600,32
57444993671472,15:57:24.993,16.1600,80
57444993671472,15:57:24.993,16.1600,100
57444993671472,15:57:24.993,16.1600,93
57447516259479,15:57:27.516,16.1600,100
57450001195458,15:57:30.001,16.1600,234
57455047468248,15:57:35.047,16.1600,91
57455048336187,15:57:35.048,16.1600,9
57455048336187,15:57:35.048,16.1600,100
57455048336187,15:57:35.048,16.1600,1
57455048336187,15:57:35.048,16.1600,43
57455048375631,15:57:35.048,16.1600,57
57455048375631,15:57:35.048,16.1600,100
57455048375631,15:57:35.048,16.1600,1
57455048378158,15:57:35.048,16.1600,100
57455048555561,15:57:35.048,16.1600,100
57455048555561,15:57:35.048,16.1600,200
57499739927586,15:58:19.739,16.1600,300
57508275782497,15:58:28.275,16.1600,100
57508275782497,15:58:28.275,16.1600,29
57509382127657,15:58:29.382,16.1600,1
57509382127657,15:58:29.382,16.1600,99
57523831530187,15:58:43.831,16.1600,100
57527695979709,15:58:47.695,16.1600,100
57535367801662,15:58:55.367,16.1600,154
57535367801662,15:58:55.367,16.1600,46
57542948292721,15:59:02.948,16.1600,54
57542948292721,15:59:02.948,16.1600,77
57542948292721,15:59:02.948,16.1600,100
57542948292721,15:59:02.948,16.1600,100
57542948292721,15:59:02.948,16.1600,69
57542948342885,15:59:02.948,16.1600,126
57542948400073,15:59:02.948,16.1600,20
57542948462737,15:59:02.948,16.1600,20
57542948512930,15:59:02.948,16.1600,20
57542948643537,15:59:02.948,16.1600,20
57542948717512,15:59:02.948,16.1600,20
57542949148251,15:59:02.949,16.1600,20
57543814678046,15:59:03.814,16.1700,200
57546193561954,15:59:06.193,16.1700,600
57546193561954,15:59:06.193,16.1700,100
57548170732779,15:59:08.170,16.1700,48
57548170813620,15:59:08.170,16.1700,47
57558849972095,15:59:18.849,16.1700,105
57558849972095,15:59:18.849,16.1700,87
57558849972095,15:59:18.849,16.1700,100
57558849972095,15:59:18.849,16.1700,100
57558849972095,15:59:18.849,16.1700,156
57559172610661,15:59:19.172,16.1700,100
57562673474795,15:59:22.673,16.1700,100
57562673474795,15:59:22.673,16.1700,100
57564492319341,15:59:24.492,16.1700,18
57567172727673,15:59:27.172,16.1700,82
57567172727673,15:59:27.172,16.1700,18
57569483662815,15:59:29.483,16.1650,33
57569487713865,15:59:29.487,16.1700,108
57569487713865,15:59:29.487,16.1700,4
57569487713865,15:59:29.487,16.1700,88
57569895207576,15:59:29.895,16.1700,12
57569895207576,15:59:29.895,16.1700,100
57569895207576,15:59:29.895,16.1700,100
57572522463928,15:59:32.522,16.1750,100
57590627566202,15:59:50.627,16.1700,175
57590772787462,15:59:50.772,16.1750,100
57590772787462,15:59:50.772,16.1800,100
57590772787462,15:59:50.772,16.1800,25
57590779022057,15:59:50.779,16.1800,100
57595838265998,15:59:55.838,16.1800,100
57599976463075,15:59:59.976,16.1800,392
57600225724506,16:00:00.225,16.1700,912
57600225724506,16:00:00.225,16.1700,600
57600225724506,16:00:00.225,16.1700,1400
57600225724506,16:00:00.225,16.1700,700
57600225724506,16:00:00.225,16.1700,100
57600225724506,16:00:00.225,16.1700,4700
57600225724506,16:00:00.225,16.1700,1000
57600225724506,16:00:00.225,16.1700,1000
57600225724506,16:00:00.225,16.1700,1000
57600225724506,16:00:00.225,16.1700,119314
