timestamp,time,price,volume
34200282261421,09:30:00.282,19.5700,5648
34556098669595,09:35:56.098,19.5000,100
34556098753353,09:35:56.098,19.5000,1000
34950768556985,09:42:30.768,19.4500,20
35324353621869,09:48:44.353,19.4000,100
35324353649071,09:48:44.353,19.4000,70
35649216770450,09:54:09.216,19.3300,3
35649216794211,09:54:09.216,19.3200,100
35649218732967,09:54:09.218,19.2900,55
35649218746664,09:54:09.218,19.2900,45
35649576551720,09:54:09.576,19.2900,29
35777890783838,09:56:17.890,19.3200,82
36004666407358,10:00:04.666,19.2900,92
36015466627511,10:00:15.466,19.2800,100
36110251693462,10:01:50.251,19.3300,4
36121782095370,10:02:01.782,19.3300,3
36124768575048,10:02:04.768,19.3300,3
36130372084905,10:02:10.372,19.3300,3
36132423112897,10:02:12.423,19.3300,3
36132916764019,10:02:12.916,19.3300,4
36135227577899,10:02:15.227,19.3300,3
36135567955541,10:02:15.567,19.3300,3
36136905344236,10:02:16.905,19.3300,3
36137486263841,10:02:17.486,19.3300,3
36137486348440,10:02:17.486,19.3300,68
36137486348440,10:02:17.486,19.3300,100
36137486348440,10:02:17.486,19.3300,100
36180321880276,10:03:00.321,19.3300,100
36354469031680,10:05:54.469,19.4300,4
36584993557186,10:09:44.993,19.4000,100
36611109128142,10:10:11.109,19.4000,100
36630187525562,10:10:30.187,19.3900,100
36730575010305,10:12:10.575,19.3400,100
36812119924866,10:13:32.119,19.2800,86
36812120116105,10:13:32.120,19.2800,86
36878595160110,10:14:38.595,19.2600,1
36878595160110,10:14:38.595,19.2600,100
36879350722288,10:14:39.350,19.2600,81
36879350837466,10:14:39.350,19.2600,19
37034167159703,10:17:14.167,19.2500,100
37052112939170,10:17:32.112,19.2500,150
37052112939170,10:17:32.112,19.2500,50
37056250876234,10:17:36.250,19.2500,100
37085341034641,10:18:05.341,19.2500,100
37095869646645,10:18:15.869,19.2600,5
37105442882841,10:18:25.442,19.2500,100
37133535115431,10:18:53.535,19.2500,100
37133570668378,10:18:53.570,19.2500,500
37133570733683,10:18:53.570,19.2500,100
37133570774247,10:18:53.570,19.2500,400
37133570805953,10:18:53.570,19.2500,100
37133570822964,10:18:53.570,19.2500,100
37133570836851,10:18:53.570,19.2500,100
37133570854574,10:18:53.570,19.2500,100
37133570859557,10:18:53.570,19.2500,150
37133570859557,10:18:53.570,19.2500,100
37133570859557,10:18:53.570,19.2500,200
37133571293111,10:18:53.571,19.2400,58
37133571299090,10:18:53.571,19.2400,42
37133571344652,10:18:53.571,19.2200,134
37133571350407,10:18:53.571,19.2200,127
37165157401073,10:19:25.157,19.2200,100
37165157533608,10:19:25.157,19.2200,100
37178221073611,10:19:38.221,19.2200,139
37178221073611,10:19:38.221,19.2200,100
37178221073611,10:19:38.221,19.2200,61
37178230158224,10:19:38.230,19.2100,30
37178230163325,10:19:38.230,19.2100,63
37178230229018,10:19:38.230,19.2100,64
37178230236878,10:19:38.230,19.2100,243
37181065520092,10:19:41.065,19.2300,90
37186591995927,10:19:46.591,19.2200,200
37187259027863,10:19:47.259,19.2300,166
37189593089800,10:19:49.593,19.2300,18
37213196071890,10:20:13.196,19.2300,100
37214799314766,10:20:14.799,19.2400,27
37359257716895,10:22:39.257,19.2800,100
37740081618201,10:29:00.081,19.2300,86
37740081618201,10:29:00.081,19.2300,14
37799322806779,10:29:59.322,19.2300,8
37816175837154,10:30:16.175,19.2300,92
37891528811623,10:31:31.528,19.2500,1
37933282196000,10:32:13.282,19.2100,99
37939813712622,10:32:19.813,19.2400,100
37939813712622,10:32:19.813,19.2400,200
37939813861420,10:32:19.813,19.2400,100
37939813866596,10:32:19.813,19.2400,100
37939813935950,10:32:19.813,19.2400,100
37979698175579,10:32:59.698,19.2500,100
37979698358929,10:32:59.698,19.2500,100
37980436958713,10:33:00.436,19.2500,100
38280736112295,10:38:00.736,19.3400,4
38333408735878,10:38:53.408,19.3300,100
38333408749528,10:38:53.408,19.3200,52
38333408750871,10:38:53.408,19.3200,103
38551003669211,10:42:31.003,19.2700,100
38618536635194,10:43:38.536,19.2800,1
38674917147951,10:44:34.917,19.2800,3
38797657034065,10:46:37.657,19.2800,4
38829407231661,10:47:09.407,19.2800,3
38836623448933,10:47:16.623,19.2800,4
38867004517511,10:47:47.004,19.2800,4
38874061444459,10:47:54.061,19.2800,3
38874593407467,10:47:54.593,19.2800,3
38876459332082,10:47:56.459,19.2800,4
38877201658388,10:47:57.201,19.2800,3
38879208078266,10:47:59.208,19.2800,3
38880515859886,10:48:00.515,19.2800,3
38882038046561,10:48:02.038,19.2800,3
38883653982684,10:48:03.653,19.2800,3
38964052070150,10:49:24.052,19.2800,4
38964681868734,10:49:24.681,19.2800,4
38966233198528,10:49:26.233,19.2800,3
39024238025500,10:50:24.238,19.2800,3
39024948155670,10:50:24.948,19.2800,3
39026575483141,10:50:26.575,19.2800,3
39027132504297,10:50:27.132,19.2800,1
39308179371551,10:55:08.179,19.2900,200
39308179521952,10:55:08.179,19.2900,177
39308179598872,10:55:08.179,19.3000,64
39308179601453,10:55:08.179,19.3000,36
39308181763647,10:55:08.181,19.2900,100
39314741926428,10:55:14.741,19.2900,100
39562097729193,10:59:22.097,19.3500,52
39562097729193,10:59:22.097,19.3500,80
40253005620599,11:10:53.005,19.3900,70
40253008343566,11:10:53.008,19.4000,2
40253008371974,11:10:53.008,19.4000,58
40253012072149,11:10:53.012,19.4200,6
40253016106518,11:10:53.016,19.4300,100
40253016106518,11:10:53.016,19.4300,100
40771087357713,11:19:31.087,19.4700,100
40771093288667,11:19:31.093,19.4800,100
40771093288667,11:19:31.093,19.4800,100
40771093288667,11:19:31.093,19.4800,100
41277129532227,11:27:57.129,19.5000,200
41277129532227,11:27:57.129,19.5000,100
41350466428340,11:29:10.466,19.4900,100
41358125398719,11:29:18.125,19.5000,200
41358127054854,11:29:18.127,19.5100,100
41443291047517,11:30:43.291,19.5400,100
41443291233611,11:30:43.291,19.5500,8
41466967734825,11:31:06.967,19.5600,591
41466967734825,11:31:06.967,19.5600,100
41675903572862,11:34:35.903,19.5600,141
41675958391886,11:34:35.958,19.5600,200
41676416710440,11:34:36.416,19.5600,161
41682258735665,11:34:42.258,19.5600,641
41682259014312,11:34:42.259,19.5600,283
41819091864651,11:36:59.091,19.5100,50
42071600726177,11:41:11.600,19.5500,100
42518356194084,11:48:38.356,19.5400,35
42518356329406,11:48:38.356,19.5400,65
42764584815398,11:52:44.584,19.5500,4
43208406801510,12:00:08.406,19.5500,100
43279005342027,12:01:19.005,19.5500,300
43883507377091,12:11:23.507,19.5600,69
43883507377091,12:11:23.507,19.5600,31
43883507455747,12:11:23.507,19.5600,69
43883507599592,12:11:23.507,19.5600,100
44049786849514,12:14:09.786,19.5800,70
44420006485432,12:20:20.006,19.5500,100
44420006485432,12:20:20.006,19.5500,100
44930196004658,12:28:50.196,19.5200,100
45472252325843,12:37:52.252,19.4900,100
45705152519483,12:41:45.152,19.5000,200
45705152519483,12:41:45.152,19.5000,100
45905164162431,12:45:05.164,19.5000,100
45916451957036,12:45:16.451,19.4900,100
46237454151433,12:50:37.454,19.4900,100
46237454151433,12:50:37.454,19.4900,100
46446241050529,12:54:06.241,19.5000,742
46446241050529,12:54:06.241,19.5000,358
46446241277341,12:54:06.241,19.5000,42
46446241488521,12:54:06.241,19.5000,42
46466679312470,12:54:26.679,19.5000,358
46466679312470,12:54:26.679,19.5000,42
46466778749659,12:54:26.778,19.5000,158
46531400068237,12:55:31.400,19.5000,100
46531400068237,12:55:31.400,19.5000,100
46585903004303,12:56:25.903,19.5000,29
46585903004303,12:56:25.903,19.5000,271
46610419265058,12:56:50.419,19.5200,100
46970172134623,13:02:50.172,19.5400,698
46970172134623,13:02:50.172,19.5400,100
46970172985724,13:02:50.172,19.5300,100
47082329761061,13:04:42.329,19.5300,100
47082329761061,13:04:42.329,19.5300,100
47082334449426,13:04:42.334,19.5200,67
47082334525590,13:04:42.334,19.5200,33
47300760485947,13:08:20.760,19.5300,100
47300760485947,13:08:20.760,19.5300,100
47300841302639,13:08:20.841,19.5300,1800
48058602216462,13:20:58.602,19.5200,50
48058602236216,13:20:58.602,19.5200,50
48058602236216,13:20:58.602,19.5200,100
48058602236216,13:20:58.602,19.5200,50
48058602654935,13:20:58.602,19.5200,40
48058602690500,13:20:58.602,19.5200,100
48058603054906,13:20:58.603,19.5200,40
48351431288062,13:25:51.431,19.5200,100
48351431288062,13:25:51.431,19.5200,100
48351510951201,13:25:51.510,19.5200,100
48351510951201,13:25:51.510,19.5200,100
48351510951201,13:25:51.510,19.5200,4300
48358411644240,13:25:58.411,19.5200,1400
48358412972394,13:25:58.412,19.5200,53
48358412978700,13:25:58.412,19.5200,552
48358412978700,13:25:58.412,19.5200,100
48358418456170,13:25:58.418,19.5100,6
48739933308453,13:32:19.933,19.5100,100
48739933308453,13:32:19.933,19.5100,100
49260534086642,13:41:00.534,19.5100,4
49260534180590,13:41:00.534,19.5100,96
49260534180590,13:41:00.534,19.5100,100
49260535251368,13:41:00.535,19.5000,2
49260535314149,13:41:00.535,19.5000,1
49855396797969,13:50:55.396,19.5100,4
50041957058502,13:54:01.957,19.5000,100
50041957058502,13:54:01.957,19.5000,100
50041957058502,13:54:01.957,19.5000,100
50041957058502,13:54:01.957,19.5000,100
50041957172835,13:54:01.957,19.5000,100
50041957172835,13:54:01.957,19.5000,100
50041957172835,13:54:01.957,19.5000,100
50041957310657,13:54:01.957,19.5000,100
50082049154096,13:54:42.049,19.4800,100
50082049154096,13:54:42.049,19.4800,7
50082049218629,13:54:42.049,19.4800,93
50082049664610,13:54:42.049,19.4700,40
50082049715702,13:54:42.049,19.4700,60
50082049715702,13:54:42.049,19.4700,40
50082049735551,13:54:42.049,19.4700,40
50082049744600,13:54:42.049,19.4700,20
50415761105490,14:00:15.761,19.4800,100
50415761105490,14:00:15.761,19.4800,100
50415761105490,14:00:15.761,19.4800,40
50415761140050,14:00:15.761,19.4800,60
50415761140050,14:00:15.761,19.4800,100
50415761486353,14:00:15.761,19.4900,12
50415761579245,14:00:15.761,19.4900,48
50415763279289,14:00:15.763,19.4800,31
50415763282920,14:00:15.763,19.4800,69
50699181975009,14:04:59.181,19.5250,100
50699181975009,14:04:59.181,19.5300,100
50699182002146,14:04:59.182,19.5300,100
50699182146967,14:04:59.182,19.5300,100
50699183785235,14:04:59.183,19.5300,100
50860991727735,14:07:40.991,19.5700,100
50861008190995,14:07:41.008,19.5700,100
50999845980201,14:09:59.845,19.5700,100
51235036341350,14:13:55.036,19.6000,3
51239641023435,14:13:59.641,19.6000,3
51240678595188,14:14:00.678,19.6000,4
51258841403354,14:14:18.841,19.6000,3
51278481026491,14:14:38.481,19.6000,3
51300171094635,14:15:00.171,19.5800,100
51300171094635,14:15:00.171,19.5800,21
51300192666506,14:15:00.192,19.5800,79
51554832116041,14:19:14.832,19.5700,100
51554832116041,14:19:14.832,19.5700,100
51554832202422,14:19:14.832,19.5700,80
51554832218413,14:19:14.832,19.5700,20
51583319503747,14:19:43.319,19.5800,4
51585029857069,14:19:45.029,19.5800,4
51587966365727,14:19:47.966,19.5800,92
51587966485046,14:19:47.966,19.5800,100
51735743554814,14:22:15.743,19.6000,4
51780431023001,14:23:00.431,19.6000,147
51780431029795,14:23:00.431,19.6000,42
51780431165025,14:23:00.431,19.6000,2
51780431265834,14:23:00.431,19.6000,89
51780431265834,14:23:00.431,19.6000,1
51780431272656,14:23:00.431,19.6000,89
51780431332518,14:23:00.431,19.6000,10
52104321941770,14:28:24.321,19.5900,100
52195467440818,14:29:55.467,19.5800,100
52195467440818,14:29:55.467,19.5800,100
52195467440818,14:29:55.467,19.5800,100
52195467440818,14:29:55.467,19.5800,100
52195468916204,14:29:55.468,19.5700,49
52200492033855,14:30:00.492,19.5400,100
52200492033855,14:30:00.492,19.5400,100
52200492935127,14:30:00.492,19.5400,26
52362088606953,14:32:42.088,19.5500,100
52362088606953,14:32:42.088,19.5500,100
52362090138480,14:32:42.090,19.5600,9
52362090385591,14:32:42.090,19.5600,9
52362090567767,14:32:42.090,19.5600,9
52362090688963,14:32:42.090,19.5600,9
52362090740979,14:32:42.090,19.5600,9
52362139420456,14:32:42.139,19.5500,500
52362139420456,14:32:42.139,19.5500,100
52362139420456,14:32:42.139,19.5500,100
52545852219063,14:35:45.852,19.5500,100
52939766772066,14:42:19.766,19.5500,100
52945879636904,14:42:25.879,19.5500,100
53097791915320,14:44:57.791,19.5500,88
53097792077473,14:44:57.792,19.5500,12
53189698819123,14:46:29.698,19.5400,100
53189698819123,14:46:29.698,19.5400,100
53493250329569,14:51:33.250,19.5100,3
53543330008014,14:52:23.330,19.5200,100
53557928092721,14:52:37.928,19.5100,100
53557928092721,14:52:37.928,19.5100,56
53564028300068,14:52:44.028,19.5100,100
53564028300068,14:52:44.028,19.5100,100
53873577047589,14:57:53.577,19.5000,75
53873577150681,14:57:53.577,19.5000,25
53873577150681,14:57:53.577,19.5000,100
53873577150681,14:57:53.577,19.5000,100
54041260623904,15:00:41.260,19.5000,65
54251485630653,15:04:11.485,19.4800,62
54489852633510,15:08:09.852,19.4900,100
54489852633510,15:08:09.852,19.4900,200
54489852633510,15:08:09.852,19.4900,100
54489852633510,15:08:09.852,19.4900,100
54788757611569,15:13:08.757,19.4900,100
54788757611569,15:13:08.757,19.4900,100
54788757611569,15:13:08.757,19.4900,178
54788758172560,15:13:08.758,19.4800,38
54788758172560,15:13:08.758,19.4800,141
54788758582592,15:13:08.758,19.4800,1859
54788758582592,15:13:08.758,19.4800,100
54788758582592,15:13:08.758,19.4800,100
54788758954677,15:13:08.758,19.4700,100
54788758954677,15:13:08.758,19.4700,100
55242636676960,15:20:42.636,19.4700,100
55242636676960,15:20:42.636,19.4700,100
55958781753819,15:32:38.781,19.4700,80
55958781753819,15:32:38.781,19.4700,20
56058810181720,15:34:18.810,19.4800,47
56137011853361,15:35:37.011,19.4900,100
56137011853361,15:35:37.011,19.4900,100
56137011853361,15:35:37.011,19.4900,100
56461825081943,15:41:01.825,19.5000,100
56461829774130,15:41:01.829,19.5100,100
56463253010544,15:41:03.253,19.5200,100
56463253026307,15:41:03.253,19.5200,100
56463687909196,15:41:03.687,19.5300,200
56463687909196,15:41:03.687,19.5300,100
56463687909196,15:41:03.687,19.5300,100
56463713184771,15:41:03.713,19.5400,100
56463743790602,15:41:03.743,19.5400,63
56463743804801,15:41:03.743,19.5400,37
56463744140403,15:41:03.744,19.5300,49
56463744140948,15:41:03.744,19.5300,36
56463744148838,15:41:03.744,19.5300,15
56584740874452,15:43:04.740,19.5300,31
57127632772147,15:52:07.632,19.5300,14
57134588496831,15:52:14.588,19.5250,100
57304911254125,15:55:04.911,19.5300,100
57304911254125,15:55:04.911,19.5300,100
57304911296064,15:55:04.911,19.5300,47
57304911300959,15:55:04.911,19.5300,47
57304911476819,15:55:04.911,19.5300,6
57304911476819,15:55:04.911,19.5300,41
57304911482882,15:55:04.911,19.5300,47
57304911492212,15:55:04.911,19.5300,12
57304911492212,15:55:04.911,19.5300,9
57304911520379,15:55:04.911,19.5300,47
57304911618015,15:55:04.911,19.5300,44
57407688748031,15:56:47.688,19.5450,87
57450899859844,15:57:30.899,19.5400,100
57450900001020,15:57:30.900,19.5400,56
57450900001020,15:57:30.900,19.5400,44
57450900004051,15:57:30.900,19.5400,56
57450900004051,15:57:30.900,19.5400,44
57450900035586,15:57:30.900,19.5400,68
57450900542603,15:57:30.900,19.5400,68
57471079284222,15:57:51.079,19.5300,16
57572199326679,15:59:32.199,19.5200,100
57572199326679,15:59:32.199,19.5200,100
57572199326679,15:59:32.199,19.5200,19
57572199326679,15:59:32.199,19.5200,600
57572200326867,15:59:32.200,19.5100,47
57573602803788,15:59:33.602,19.5100,3
57579979626591,15:59:39.979,19.5000,41
57583413595529,15:59:43.413,19.5200,100
57583413595529,15:59:43.413,19.5200,150
57590775006277,15:59:50.775,19.5200,100
57590775006277,15:59:50.775,19.5200,18
57590882113136,15:59:50.882,19.5000,3059
57590882113136,15:59:50.882,19.5000,100
57590882113136,15:59:50.882,19.5000,300
57600528282940,16:00:00.528,19.5500,5992
