timestamp,time,price,volume
27402369487375,07:36:42.369,242.9000,8
34200034738957,09:30:00.034,238.9000,100
34200244902848,09:30:00.244,238.7700,100
34205438018442,09:30:05.438,238.0000,100
34205438573702,09:30:05.438,238.0000,100
34230008773567,09:30:30.008,238.7800,100
34230008773567,09:30:30.008,238.7900,50
34231002262864,09:30:31.002,238.8400,100
34235008911095,09:30:35.008,238.8400,100
34236775027912,09:30:36.775,239.0300,100
34236884664560,09:30:36.884,239.0300,100
34266259848148,09:31:06.259,238.9600,100
34345053126498,09:32:25.053,239.3650,100
34345056489912,09:32:25.056,239.8300,100
34345056556790,09:32:25.056,239.8300,89
34345056557388,09:32:25.056,239.8800,50
34345056560618,09:32:25.056,239.8800,50
34345056567731,09:32:25.056,239.8300,11
34345191415014,09:32:25.191,239.6000,10
34349335952477,09:32:29.335,240.3800,100
34351554806398,09:32:31.554,240.3700,5
34351554806398,09:32:31.554,240.3700,95
34358844064135,09:32:38.844,239.7100,100
34358844064135,09:32:38.844,239.7100,100
34358844177654,09:32:38.844,239.7100,28
34358844206958,09:32:38.844,239.7100,44
34358844210633,09:32:38.844,239.7100,28
34359391903521,09:32:39.391,239.7100,1
34359391903521,09:32:39.391,239.6600,99
34359391964082,09:32:39.391,239.6600,1
34359391964082,09:32:39.391,239.6600,1
34359391972306,09:32:39.391,239.6600,1
34359391985225,09:32:39.391,239.6600,1
34359392013227,09:32:39.392,239.6600,100
34359392017094,09:32:39.392,239.6600,97
34361204085532,09:32:41.204,239.1200,14
34361204114319,09:32:41.204,239.1200,86
34361204114319,09:32:41.204,239.1200,100
34361204114319,09:32:41.204,239.1200,14
34361204120258,09:32:41.204,239.1200,86
34361204193559,09:32:41.204,239.1200,14
34361204392891,09:32:41.204,239.1200,86
34361204392891,09:32:41.204,239.1200,14
34361204503679,09:32:41.204,239.1200,100
34372793685798,09:32:52.793,238.5000,100
34381651807625,09:33:01.651,238.0500,100
34381651852253,09:33:01.651,238.0500,100
34381651890639,09:33:01.651,238.0500,100
34381653083933,09:33:01.653,238.0000,30
34393754662921,09:33:13.754,237.6900,22
34393754662921,09:33:13.754,237.5900,5
34393754662921,09:33:13.754,237.5800,22
34393754916676,09:33:13.754,237.5700,22
34393756264576,09:33:13.756,237.5200,5
34393761418524,09:33:13.761,237.5200,95
34393761418524,09:33:13.761,237.5200,93
34393761486993,09:33:13.761,237.5200,7
34394902891333,09:33:14.902,237.7000,100
34394902891333,09:33:14.902,237.7000,41
34394902918136,09:33:14.902,237.7000,59
34398875565237,09:33:18.875,237.8100,70
34398875565237,09:33:18.875,237.8400,30
34398875566909,09:33:18.875,237.8400,70
34398875653980,09:33:18.875,237.9100,100
34403474082792,09:33:23.474,238.0700,100
34403474551086,09:33:23.474,238.1300,100
34403474552782,09:33:23.474,238.1300,43
34403474559568,09:33:23.474,238.1300,17
34403474575237,09:33:23.474,238.1300,40
34403474575237,09:33:23.474,238.1300,17
34403474577068,09:33:23.474,238.1300,57
34403474602398,09:33:23.474,238.1300,100
34403474603877,09:33:23.474,238.1300,100
34403474636892,09:33:23.474,238.1300,100
34403474835861,09:33:23.474,238.1300,100
34403474843039,09:33:23.474,238.1300,100
34403474843563,09:33:23.474,238.1300,50
34403475069973,09:33:23.475,238.1300,100
34403475142544,09:33:23.475,238.1300,100
34403475228013,09:33:23.475,238.1300,100
34403475309736,09:33:23.475,238.1300,50
34403475336886,09:33:23.475,238.1300,26
34403498456441,09:33:23.498,238.1200,100
34403498456441,09:33:23.498,238.1000,50
34403498456441,09:33:23.498,238.1000,100
34403498456441,09:33:23.498,238.0700,15
34403498541526,09:33:23.498,238.0700,85
34407743948260,09:33:27.743,237.7700,200
34407743978777,09:33:27.743,237.7700,22
34407744092645,09:33:27.744,237.7700,100
34407744128985,09:33:27.744,237.7800,50
34407818683090,09:33:27.818,237.6100,100
34413052519604,09:33:33.052,237.4000,100
34413052538648,09:33:33.052,237.4000,37
34413052573590,09:33:33.052,237.4000,63
34413055030871,09:33:33.055,237.1000,1
34413055030871,09:33:33.055,237.0700,149
34414969415827,09:33:34.969,237.0900,22
34414969417118,09:33:34.969,237.0900,78
34414969417118,09:33:34.969,237.0700,22
34414969935779,09:33:34.969,237.0000,40
34414969935779,09:33:34.969,237.0000,20
34415273513646,09:33:35.273,236.8500,100
34419464299970,09:33:39.464,236.4900,22
34419464299970,09:33:39.464,236.4600,100
34419464299970,09:33:39.464,236.4200,100
34419464299970,09:33:39.464,236.3800,100
34419464299970,09:33:39.464,236.3800,178
34419465145419,09:33:39.465,236.3800,90
34419465189775,09:33:39.465,236.3800,100
34419465201937,09:33:39.465,236.3800,90
34419470348796,09:33:39.470,236.2300,100
34419516020477,09:33:39.516,236.2400,100
34421608610667,09:33:41.608,236.1300,100
34421608820041,09:33:41.608,236.1000,100
34421610360021,09:33:41.610,236.1000,15
34421610516100,09:33:41.610,236.0600,15
34421610879429,09:33:41.610,236.0600,15
34421610913275,09:33:41.610,236.0600,7
34421610914499,09:33:41.610,236.0600,7
34421610983665,09:33:41.610,236.1100,100
34421611186441,09:33:41.611,236.1000,19
34421611252041,09:33:41.611,236.1000,10
34421620012733,09:33:41.620,236.0000,100
34424839026045,09:33:44.839,236.4300,100
34424839036900,09:33:44.839,236.4300,100
34424839048964,09:33:44.839,236.4700,100
34424839120118,09:33:44.839,236.6100,5
34424839120118,09:33:44.839,236.6100,15
34424839122108,09:33:44.839,236.6100,50
34424839176978,09:33:44.839,236.4700,100
34424839534730,09:33:44.839,236.6100,30
34424840260797,09:33:44.840,236.7600,100
34424840545055,09:33:44.840,236.8000,100
34424840834778,09:33:44.840,236.8000,100
34429183714574,09:33:49.183,236.7200,27
34430768705256,09:33:50.768,236.7200,12
34440133544372,09:34:00.133,236.6500,22
34440133616578,09:34:00.133,236.6500,92
34440133754788,09:34:00.133,236.6500,8
34440134065100,09:34:00.134,236.5700,100
34440134417429,09:34:00.134,236.4900,90
34440134417429,09:34:00.134,236.4900,10
34443781810372,09:34:03.781,236.9200,100
34478348284764,09:34:38.348,236.9400,1
34478348384630,09:34:38.348,236.9600,3
34478348402008,09:34:38.348,236.9700,50
34478348666942,09:34:38.348,237.0300,100
34478348738166,09:34:38.348,237.0300,100
34478350820517,09:34:38.350,237.1500,15
34478350820517,09:34:38.350,237.1500,13
34478350853694,09:34:38.350,237.1000,10
34483163645220,09:34:43.163,237.2600,5
34483165098255,09:34:43.165,237.5100,53
34483195112025,09:34:43.195,237.5100,47
34485187569175,09:34:45.187,238.3700,5
34494244604526,09:34:54.244,238.6300,200
34494244605885,09:34:54.244,238.5700,100
34494244612751,09:34:54.244,238.5700,100
34494244612751,09:34:54.244,238.5700,100
34494244642000,09:34:54.244,238.5700,100
34494244672071,09:34:54.244,238.5700,100
34494244676934,09:34:54.244,238.5700,100
34494244689515,09:34:54.244,238.5700,100
34494244709049,09:34:54.244,238.5700,100
34494244711818,09:34:54.244,238.5700,100
34494244713207,09:34:54.244,238.5700,65
34494244763074,09:34:54.244,238.5700,35
34494244772677,09:34:54.244,238.5700,100
34494244788107,09:34:54.244,238.5200,42
34494244789896,09:34:54.244,238.5200,42
34494244860342,09:34:54.244,238.5200,16
34494245611788,09:34:54.245,238.5300,15
34494245611788,09:34:54.245,238.5200,85
34494245695069,09:34:54.245,238.5200,15
34494245695069,09:34:54.245,238.5200,85
34494245981587,09:34:54.245,238.5200,15
34494246010024,09:34:54.246,238.5200,85
34494256197846,09:34:54.256,238.3300,100
34494256272837,09:34:54.256,238.2800,100
34496129644098,09:34:56.129,238.3500,100
34496131307582,09:34:56.131,238.3500,100
34496131602645,09:34:56.131,238.3500,100
34496131603868,09:34:56.131,238.3500,100
34496131605532,09:34:56.131,238.3500,100
34496138734341,09:34:56.138,238.7500,100
34496141266003,09:34:56.141,238.9000,100
34496141330528,09:34:56.141,238.9000,100
34496141332090,09:34:56.141,238.9000,101
34496642311099,09:34:56.642,238.9900,100
34508857032395,09:35:08.857,238.2600,3
34508857102508,09:35:08.857,238.2600,97
34508857102508,09:35:08.857,238.2600,3
34508857569824,09:35:08.857,238.2400,100
34508857572764,09:35:08.857,238.2200,100
34508857647567,09:35:08.857,238.2000,100
34508857653406,09:35:08.857,238.2000,100
34508857745552,09:35:08.857,238.2000,9
34508857884669,09:35:08.857,238.2000,91
34508858100612,09:35:08.858,238.2000,100
34508858545499,09:35:08.858,238.2000,10
34525883143553,09:35:25.883,238.4800,72
34531772270027,09:35:31.772,238.4800,18
34531772270027,09:35:31.772,238.5100,100
34531772270027,09:35:31.772,238.5300,85
34531772271281,09:35:31.772,238.5300,15
34531772271281,09:35:31.772,238.5300,3
34531772271281,09:35:31.772,238.5300,82
34531772274577,09:35:31.772,238.5300,18
34531772357248,09:35:31.772,238.5300,100
34531772730273,09:35:31.772,238.5800,100
34536900882445,09:35:36.900,238.3300,100
34536900934865,09:35:36.900,238.3000,100
34536901015253,09:35:36.901,238.3000,100
34564873130788,09:36:04.873,238.4400,100
34564873366634,09:36:04.873,238.4400,100
34564873366634,09:36:04.873,238.4400,100
34564873893524,09:36:04.873,238.4500,100
34632310811627,09:37:12.310,239.0600,1
34632310811627,09:37:12.310,239.0600,99
34632310818702,09:37:12.310,239.0600,1
34632310889381,09:37:12.310,239.0600,100
34635077477105,09:37:15.077,239.0400,30
34635089969965,09:37:15.089,238.9700,10
34635095553026,09:37:15.095,238.9800,100
34675027979051,09:37:55.027,239.3400,100
34675028902382,09:37:55.028,239.5000,100
34675028902382,09:37:55.028,239.5000,100
34675028967991,09:37:55.028,239.5000,100
34675029219087,09:37:55.029,239.5000,100
34675029225596,09:37:55.029,239.4900,50
34675029265632,09:37:55.029,239.5200,27
34682743048693,09:38:02.743,239.6600,100
34703935801212,09:38:23.935,239.3700,1
34705793795678,09:38:25.793,239.4700,5
34705827427561,09:38:25.827,239.3000,100
34705828055198,09:38:25.828,239.3000,100
34705829231980,09:38:25.829,239.2400,26
34705829239654,09:38:25.829,239.2400,72
34705829241445,09:38:25.829,239.2300,100
34705829248622,09:38:25.829,239.2400,2
34705829286532,09:38:25.829,239.2200,100
34705829286532,09:38:25.829,239.2200,15
34705829288702,09:38:25.829,239.2200,50
34705830365567,09:38:25.830,239.2200,35
34705830365567,09:38:25.830,239.2100,5
34705831514144,09:38:25.831,239.2100,95
34705831514144,09:38:25.831,239.2100,5
34705837255312,09:38:25.837,239.2100,95
34705837255312,09:38:25.837,239.2000,96
34705837557802,09:38:25.837,239.2000,4
34705837595267,09:38:25.837,239.1900,80
34705837598899,09:38:25.837,239.1900,20
34705837598899,09:38:25.837,239.1900,100
34705837598899,09:38:25.837,239.1900,80
34705837599919,09:38:25.837,239.1900,20
34734067425614,09:38:54.067,239.3300,6
34734067456700,09:38:54.067,239.3300,94
34734067456700,09:38:54.067,239.3300,100
34734067456700,09:38:54.067,239.3300,100
34734067659192,09:38:54.067,239.3300,100
34734067977143,09:38:54.067,239.3300,100
34734068476199,09:38:54.068,239.3800,100
34734068838370,09:38:54.068,239.2400,50
34734068845907,09:38:54.068,239.2300,50
34734069267793,09:38:54.069,239.3200,100
34734600847030,09:38:54.600,239.4800,33
34734876935964,09:38:54.876,239.4800,50
34734876935964,09:38:54.876,239.4600,50
34734877532317,09:38:54.877,239.4600,50
34748136634452,09:39:08.136,239.6100,100
34748137416785,09:39:08.137,239.6800,100
34772572631736,09:39:32.572,239.7800,16
34810800598405,09:40:10.800,239.5500,100
34810800598405,09:40:10.800,239.6300,5
34813470199155,09:40:13.470,239.6500,105
34813470274135,09:40:13.470,239.6500,79
34813470274135,09:40:13.470,239.6700,5
34813470274135,09:40:13.470,239.6700,21
34813929726293,09:40:13.929,239.6900,100
34813930361324,09:40:13.930,239.7200,100
34813931245396,09:40:13.931,239.7200,100
34813931297710,09:40:13.931,239.7200,90
34813931301850,09:40:13.931,239.6500,15
34813931402567,09:40:13.931,239.7100,50
34813931436961,09:40:13.931,239.7000,15
34813931490466,09:40:13.931,239.7000,15
34813931516186,09:40:13.931,239.7000,35
34813931517940,09:40:13.931,239.7700,100
34813931567385,09:40:13.931,239.6500,100
34813932153074,09:40:13.932,239.7700,35
34813932153074,09:40:13.932,239.7700,15
34813948411454,09:40:13.948,239.8200,100
34815325389837,09:40:15.325,239.6900,100
34821557881668,09:40:21.557,239.7600,7
34843198762427,09:40:43.198,239.6600,100
34843198902789,09:40:43.198,239.6600,100
34843206542288,09:40:43.206,239.5900,100
34843206614651,09:40:43.206,239.5900,66
34870684337999,09:41:10.684,239.5900,5
34870684435835,09:41:10.684,239.6200,100
34870684570915,09:41:10.684,239.6200,100
34870684897174,09:41:10.684,239.6700,50
34870684897789,09:41:10.684,239.6700,50
34870684994683,09:41:10.684,239.6100,15
34870685000488,09:41:10.685,239.6100,35
34870685000488,09:41:10.685,239.6100,15
34870685082622,09:41:10.685,239.6700,15
34870685085159,09:41:10.685,239.6700,24
34870685483093,09:41:10.685,239.6300,15
34870685495009,09:41:10.685,239.6300,21
34870685499084,09:41:10.685,239.6300,3
34870685514440,09:41:10.685,239.6300,61
34870685525718,09:41:10.685,239.6400,21
34870686198600,09:41:10.686,239.6300,100
34870956610737,09:41:10.956,239.5200,100
34870956695791,09:41:10.956,239.5200,100
34870956713807,09:41:10.956,239.5200,100
34875494237212,09:41:15.494,239.4100,1
34886268515891,09:41:26.268,239.5900,200
34886268515891,09:41:26.268,239.5900,1
34886827164661,09:41:26.827,239.5300,100
34907127128699,09:41:47.127,239.6100,1
34907127128699,09:41:47.127,239.6100,99
34907127172870,09:41:47.127,239.6100,1
34907127214455,09:41:47.127,239.6600,15
34907127217756,09:41:47.127,239.6100,100
34907127235225,09:41:47.127,239.6600,5
34907127251085,09:41:47.127,239.6600,80
34907127539637,09:41:47.127,239.6000,56
34907127647304,09:41:47.127,239.6800,19
34907133872658,09:41:47.133,239.6000,44
34907133872658,09:41:47.133,239.6000,21
34907566898770,09:41:47.566,239.6000,100
34907566925337,09:41:47.566,239.6000,22
34907567042957,09:41:47.567,239.6700,50
34907567047347,09:41:47.567,239.6000,50
34907567143728,09:41:47.567,239.6000,50
34907567143728,09:41:47.567,239.6000,50
34907567181065,09:41:47.567,239.6000,20
34907571711196,09:41:47.571,239.6000,50
34907592323675,09:41:47.592,239.6700,96
34907592352414,09:41:47.592,239.6700,4
34907592352414,09:41:47.592,239.6700,20
34907592391556,09:41:47.592,239.6700,24
34907788003957,09:41:47.788,239.6000,100
34908977740811,09:41:48.977,239.5300,100
34924195184170,09:42:04.195,239.5600,9
34930282931883,09:42:10.282,239.5600,100
34930282931883,09:42:10.282,239.5600,100
34936852857079,09:42:16.852,239.6000,100
34936853493955,09:42:16.853,239.6400,100
34936853570048,09:42:16.853,239.6400,100
34936853655861,09:42:16.853,239.6000,21
34936853657114,09:42:16.853,239.6000,29
34936853966507,09:42:16.853,239.6200,76
34937019793362,09:42:17.019,239.4900,158
34937019869620,09:42:17.019,239.4900,100
34937019891613,09:42:17.019,239.4800,42
34937020265313,09:42:17.020,239.4900,100
34940697155489,09:42:20.697,239.4000,41
34940697239024,09:42:20.697,239.4400,15
34940699823933,09:42:20.699,239.3300,100
34940700994624,09:42:20.700,239.3300,5
34940700995850,09:42:20.700,239.3300,5
34940700997323,09:42:20.700,239.3300,5
34940701011387,09:42:20.701,239.3300,10
34948758972352,09:42:28.758,239.0900,28
34948759006686,09:42:28.759,239.0800,14
34948759006686,09:42:28.759,239.0700,14
34948759006686,09:42:28.759,239.0400,46
34948759080282,09:42:28.759,239.0400,50
34948759104089,09:42:28.759,239.0400,4
34977041992883,09:42:57.041,238.8100,100
34977041992883,09:42:57.041,238.8000,400
34977042143664,09:42:57.042,238.8000,349
34977042150309,09:42:57.042,238.8000,100
34977042151862,09:42:57.042,238.8000,151
34977042325164,09:42:57.042,238.7900,100
34977042812882,09:42:57.042,238.7900,2
34977042998021,09:42:57.042,238.7900,298
34977043092117,09:42:57.043,238.8100,100
34977048829198,09:42:57.048,238.8000,100
34977048829198,09:42:57.048,238.7900,55
34977107613584,09:42:57.107,238.7900,100
34977581882889,09:42:57.581,238.7700,55
34977588904989,09:42:57.588,238.7700,100
35029470317266,09:43:49.470,238.7200,25
35032454860933,09:43:52.454,238.7200,75
35032454860933,09:43:52.454,238.7300,10
35032454860933,09:43:52.454,238.7400,25
35032454860933,09:43:52.454,238.7400,15
35032454862209,09:43:52.454,238.7400,85
35032454926070,09:43:52.454,238.7600,100
35032454929629,09:43:52.454,238.7400,100
35032455339579,09:43:52.455,238.7500,30
35032455768751,09:43:52.455,238.7400,10
35032458831877,09:43:52.458,238.8200,100
35032459302728,09:43:52.459,238.8600,100
35032697301067,09:43:52.697,238.7400,2
35032697883251,09:43:52.697,238.7400,88
35034506374957,09:43:54.506,238.8700,100
35047806877717,09:44:07.806,238.6600,100
35047806877717,09:44:07.806,238.6600,50
35047807121345,09:44:07.807,238.6600,50
35047808214362,09:44:07.808,238.6500,100
35047808344018,09:44:07.808,238.6500,8
35047808532733,09:44:07.808,238.6500,70
35047812337062,09:44:07.812,238.6800,100
35047815323011,09:44:07.815,238.6800,8
35047815420471,09:44:07.815,238.6800,8
35047815820850,09:44:07.815,238.6800,8
35047838119686,09:44:07.838,238.6800,29
35048739734151,09:44:08.739,238.6800,47
35048740455300,09:44:08.740,238.6500,100
35048740690672,09:44:08.740,238.6000,60
35048748876425,09:44:08.748,238.7000,15
35048759734375,09:44:08.759,238.6900,30
35048785951393,09:44:08.785,238.6800,15
35048817211446,09:44:08.817,238.5500,100
35049350447025,09:44:09.350,238.7500,19
35055490111672,09:44:15.490,238.5100,100
35060743912049,09:44:20.743,238.6150,100
35060743952714,09:44:20.743,238.7100,100
35060743952714,09:44:20.743,238.7100,100
35060744015958,09:44:20.744,238.7300,95
35060744019616,09:44:20.744,238.7300,5
35060744019616,09:44:20.744,238.7300,13
35060744021561,09:44:20.744,238.7300,87
35060744764767,09:44:20.744,238.7300,100
35060744764767,09:44:20.744,238.7300,100
35060830111457,09:44:20.830,238.7100,100
35060830519055,09:44:20.830,238.7700,15
35060830603399,09:44:20.830,238.7200,100
35065386553529,09:44:25.386,238.7850,100
35065521798423,09:44:25.521,238.8600,100
35065521858909,09:44:25.521,238.8600,100
35065521874408,09:44:25.521,238.8500,50
35065521874408,09:44:25.521,238.8500,6
35065521896792,09:44:25.521,238.8500,50
35065522107239,09:44:25.522,238.8900,37
35065522118233,09:44:25.522,238.8900,37
35065522346565,09:44:25.522,238.8900,26
35065524388118,09:44:25.524,238.9400,100
35065525364501,09:44:25.525,238.9400,11
35065996638248,09:44:25.996,238.9100,44
35065996638248,09:44:25.996,238.8900,56
35067359857191,09:44:27.359,238.9200,100
35067359938383,09:44:27.359,238.9200,100
35067359990111,09:44:27.359,238.9200,100
35067447769444,09:44:27.447,238.9200,100
35072906931127,09:44:32.906,238.8900,44
35072906934577,09:44:32.906,238.8900,44
35072907043479,09:44:32.907,238.8900,100
35072907087948,09:44:32.907,238.9200,100
35079826637446,09:44:39.826,238.8500,100
35089217196609,09:44:49.217,238.8500,100
35089218430061,09:44:49.218,238.7700,100
35089731829073,09:44:49.731,238.6500,8
35092029612532,09:44:52.029,238.5700,100
35110519606920,09:45:10.519,238.5800,100
35110519606920,09:45:10.519,238.7000,8
35110520415125,09:45:10.520,238.7000,32
35110520415125,09:45:10.520,238.7100,68
35110520468461,09:45:10.520,238.7100,32
35110520468461,09:45:10.520,238.7100,8
35110520540222,09:45:10.520,238.7100,100
35110520570531,09:45:10.520,238.7100,56
35110520574219,09:45:10.520,238.7100,18
35110520579832,09:45:10.520,238.7100,26
35110520637094,09:45:10.520,238.7000,70
35110521436285,09:45:10.521,238.7100,156
35119133056148,09:45:19.133,238.6500,100
35158553102135,09:45:58.553,238.7300,56
35158553127413,09:45:58.553,238.7300,19
35182224936459,09:46:22.224,238.7800,100
35204895364664,09:46:44.895,238.6200,100
35206034134651,09:46:46.034,238.5800,8
35212136031625,09:46:52.136,238.6400,100
35212136044012,09:46:52.136,238.7100,2
35212136046541,09:46:52.136,238.7100,5
35212136049440,09:46:52.136,238.7100,2
35212136070200,09:46:52.136,238.7100,91
35212136070200,09:46:52.136,238.7100,1
35212136378014,09:46:52.136,238.7100,100
35229250721104,09:47:09.250,238.8350,100
35233246020257,09:47:13.246,238.7800,3
35233246393761,09:47:13.246,238.7800,23
35233246418363,09:47:13.246,238.7800,77
35233246544521,09:47:13.246,238.8700,15
35247115593202,09:47:27.115,238.9200,6
35278982248914,09:47:58.982,238.8650,100
35282818497393,09:48:02.818,239.1500,50
35282818526432,09:48:02.818,239.0550,100
35282818571224,09:48:02.818,239.1500,100
35287885842791,09:48:07.885,239.1000,100
35287885854003,09:48:07.885,239.0900,3
35287886578511,09:48:07.886,239.0900,100
35287886990222,09:48:07.886,239.0900,21
35287887247541,09:48:07.887,239.0600,100
35287887781149,09:48:07.887,239.0500,100
35287888187263,09:48:07.888,239.0900,100
35290868819648,09:48:10.868,239.0300,73
35290868820999,09:48:10.868,239.0300,27
35290870493280,09:48:10.870,239.0300,100
35306976994854,09:48:26.976,239.0800,100
35330635212987,09:48:50.635,239.0100,100
35330646006402,09:48:50.646,239.0100,8
35330647526925,09:48:50.647,239.0100,7
35330670531698,09:48:50.670,239.0000,100
35330671090312,09:48:50.671,238.9900,100
35330678077987,09:48:50.678,238.9700,3
35333163716082,09:48:53.163,238.9500,100
35374053062280,09:49:34.053,238.8700,100
35375935245584,09:49:35.935,238.7800,100
35385105916462,09:49:45.105,238.7700,1
35385105957711,09:49:45.105,238.7700,1
35388638189222,09:49:48.638,238.7700,100
35388643002519,09:49:48.643,238.7700,40
35389116343260,09:49:49.116,238.7400,3
35410498170890,09:50:10.498,238.7550,100
35410498170890,09:50:10.498,238.7700,100
35410498573541,09:50:10.498,238.8600,100
35410498573541,09:50:10.498,238.8800,100
35410498641962,09:50:10.498,238.8800,100
35410498959550,09:50:10.498,238.8800,100
35410499751184,09:50:10.499,238.8800,100
35410500242976,09:50:10.500,238.9000,7
35411826230600,09:50:11.826,238.8800,10
35411826434101,09:50:11.826,238.8800,100
35431939160265,09:50:31.939,238.9200,100
35431939364522,09:50:31.939,238.8600,100
35460082186788,09:51:00.082,238.7800,3
35460082310404,09:51:00.082,238.8100,100
35460082479675,09:51:00.082,238.8100,87
35468165843840,09:51:08.165,238.8200,100
35472398350384,09:51:12.398,238.8300,100
35531073521547,09:52:11.073,238.8550,100
35531073562294,09:52:11.073,238.9100,100
35531073562294,09:52:11.073,238.9300,100
35531073562294,09:52:11.073,238.9300,100
35531073562294,09:52:11.073,238.9300,100
35531073575108,09:52:11.073,238.9300,100
35531073645761,09:52:11.073,238.9300,100
35531077199923,09:52:11.077,238.9900,100
35531077272738,09:52:11.077,238.9900,45
35531195794095,09:52:11.195,238.9500,100
35531199366515,09:52:11.199,239.0000,50
35531897867280,09:52:11.897,238.9600,35
35532668788088,09:52:12.668,238.9700,3
35543484696376,09:52:23.484,239.0000,100
35543484699586,09:52:23.484,239.0000,100
35543592331112,09:52:23.592,239.0700,200
35543592465900,09:52:23.592,239.0700,100
35543592844245,09:52:23.592,239.0800,200
35543592951410,09:52:23.592,239.0800,100
35543596107955,09:52:23.596,239.1200,100
35551299218823,09:52:31.299,239.1800,100
35551299650519,09:52:31.299,239.2200,100
35551300134075,09:52:31.300,239.2400,300
35560908917709,09:52:40.908,239.2800,100
35560909576380,09:52:40.909,239.2200,100
35579442110923,09:52:59.442,239.1700,3
35584546347700,09:53:04.546,239.1500,27
35584758186886,09:53:04.758,239.1400,100
35584759272598,09:53:04.759,239.1200,100
35584759739721,09:53:04.759,239.1000,100
35584761580935,09:53:04.761,239.1300,25
35584761582759,09:53:04.761,239.1300,27
35584761866004,09:53:04.761,239.1300,100
35584762109430,09:53:04.762,239.1300,35
35586057515697,09:53:06.057,239.1900,1
35586057515697,09:53:06.057,239.2000,37
35586057805026,09:53:06.057,239.1900,100
35591420207085,09:53:11.420,239.0800,100
35591420310546,09:53:11.420,239.0800,56
35591420351582,09:53:11.420,239.0800,44
35591420473885,09:53:11.420,239.0800,100
35592133916523,09:53:12.133,239.0000,100
35592133994462,09:53:12.133,239.0000,100
35592134670770,09:53:12.134,239.0200,100
35592141785861,09:53:12.141,239.0200,100
35592141785861,09:53:12.141,239.0000,100
35592380059096,09:53:12.380,239.0100,100
35596608144116,09:53:16.608,239.1500,100
35596637684735,09:53:16.637,239.0900,100
35597396649755,09:53:17.396,239.0500,100
35597718939189,09:53:17.718,239.1500,100
35598450362484,09:53:18.450,239.0900,100
35609069450670,09:53:29.069,239.1700,36
35609069477820,09:53:29.069,239.1050,100
35609069477820,09:53:29.069,239.1700,64
35609069509441,09:53:29.069,239.1700,100
35609070461809,09:53:29.070,239.1700,100
35609070461809,09:53:29.070,239.1600,100
35609070461809,09:53:29.070,239.1600,100
35618888749027,09:53:38.888,239.1000,50
35618888749027,09:53:38.888,239.0900,50
35619841221609,09:53:39.841,239.0900,50
35619841344178,09:53:39.841,239.0900,100
35620241292967,09:53:40.241,239.0500,100
35621743288448,09:53:41.743,239.0500,100
35621743404703,09:53:41.743,239.0500,100
35621746028193,09:53:41.746,239.0500,100
35621746028193,09:53:41.746,239.0400,58
35622068254234,09:53:42.068,239.0400,100
35622068382806,09:53:42.068,239.0400,100
35623089102673,09:53:43.089,239.0000,100
35624327872826,09:53:44.327,239.0000,100
35624328161098,09:53:44.328,239.0000,100
35624328166235,09:53:44.328,239.0000,100
35624328420524,09:53:44.328,239.0000,100
35624329203820,09:53:44.329,239.0000,100
35624329203820,09:53:44.329,239.0000,500
35624333924896,09:53:44.333,239.0000,100
35624338397670,09:53:44.338,239.0350,100
35624338399004,09:53:44.338,239.0700,30
35626345212557,09:53:46.345,239.0000,100
35626345344753,09:53:46.345,239.0000,92
35628797072003,09:53:48.797,238.9400,100
35628797978866,09:53:48.797,238.9000,100
35629274445586,09:53:49.274,238.8500,100
35637710990962,09:53:57.710,238.7800,3
35638926293641,09:53:58.926,238.6800,100
35646821291553,09:54:06.821,238.3700,100
35666892685123,09:54:26.892,238.1100,3
35667446150967,09:54:27.446,238.1100,8
35673515351411,09:54:33.515,238.1000,100
35673515714052,09:54:33.515,238.2000,100
35673515714052,09:54:33.515,238.2000,100
35673515718459,09:54:33.515,238.2000,100
35673515719918,09:54:33.515,238.2000,50
35673515788968,09:54:33.515,238.2000,100
35673515788968,09:54:33.515,238.2000,20
35673515791833,09:54:33.515,238.2000,100
35673515806197,09:54:33.515,238.2000,86
35673515811227,09:54:33.515,238.2000,69
35673515815410,09:54:33.515,238.2000,44
35673515823813,09:54:33.515,238.2000,88
35673515833228,09:54:33.515,238.2000,100
35673515839298,09:54:33.515,238.2000,43
35673515850206,09:54:33.515,238.2000,100
35673516168303,09:54:33.516,238.2300,100
35673516243240,09:54:33.516,238.2300,100
35673518798176,09:54:33.518,238.2700,100
35673532902785,09:54:33.532,238.2700,10
35673532902785,09:54:33.532,238.2700,10
35674004108737,09:54:34.004,238.2900,100
35674866347894,09:54:34.866,238.2300,100
35697641383633,09:54:57.641,238.3000,100
35697642154119,09:54:57.642,238.3900,100
35705803312537,09:55:05.803,238.4900,100
35705803419006,09:55:05.803,238.4900,74
35705803806579,09:55:05.803,238.4900,26
35706885422609,09:55:06.885,238.4600,100
35726304337485,09:55:26.304,238.5600,100
35733535277904,09:55:33.535,238.6850,100
35733535277904,09:55:33.535,238.7300,100
35755003781693,09:55:55.003,238.8100,200
35755003781693,09:55:55.003,238.8100,74
35755003807362,09:55:55.003,238.8100,26
35755003807362,09:55:55.003,238.8100,100
35756395890344,09:55:56.395,238.9350,100
35756395891802,09:55:56.395,239.0300,100
35756395961776,09:55:56.395,239.0300,100
35756397931642,09:55:56.397,239.0700,100
35757579076579,09:55:57.579,239.1200,100
35757979260444,09:55:57.979,239.1400,100
35771549506832,09:56:11.549,239.1700,3
35801700752989,09:56:41.700,239.0500,100
35801700754286,09:56:41.700,239.0500,100
35801700754286,09:56:41.700,239.0500,100
35801701014506,09:56:41.701,239.0500,100
35829814211896,09:57:09.814,238.8700,3
35830572872998,09:57:10.572,238.8200,62
35833578363792,09:57:13.578,238.7300,100
35833578392821,09:57:13.578,238.7300,76
35833579235544,09:57:13.579,238.7000,54
35842307001135,09:57:22.307,238.6300,100
35842307743253,09:57:22.307,238.6100,32
35844290159933,09:57:24.290,238.6100,68
35866737350119,09:57:46.737,238.2800,100
35947728928533,09:59:07.728,238.1400,100
35947729299314,09:59:07.729,238.2400,100
35947729303616,09:59:07.729,238.2600,100
35947732745830,09:59:07.732,238.2800,100
35954801617394,09:59:14.801,238.2200,100
35962316514045,09:59:22.316,238.0900,100
35962316514045,09:59:22.316,238.0900,100
35962316554348,09:59:22.316,238.0600,100
35962316645545,09:59:22.316,238.0900,100
35968610679815,09:59:28.610,238.1050,100
35969813760665,09:59:29.813,238.0200,100
35969813760665,09:59:29.813,238.0200,100
35969813826715,09:59:29.813,238.0000,36
35969814391996,09:59:29.814,238.0000,64
35969814829576,09:59:29.814,237.9400,12
35969814837279,09:59:29.814,237.9400,67
35969814844706,09:59:29.814,237.9400,18
35969814872859,09:59:29.814,237.9400,3
35969815438911,09:59:29.815,237.9700,97
35969817882861,09:59:29.817,237.9400,29
35969827186746,09:59:29.827,238.0200,100
35969854640384,09:59:29.854,238.0200,100
35969905759688,09:59:29.905,237.9300,100
35969905759688,09:59:29.905,237.8800,100
35969911620772,09:59:29.911,237.8100,100
35970094762600,09:59:30.094,237.8100,100
35975894441102,09:59:35.894,237.7850,100
35975897657915,09:59:35.897,237.8800,200
35975897687501,09:59:35.897,237.8800,200
35975897756795,09:59:35.897,237.8800,400
35975897827417,09:59:35.897,237.8800,100
35976649444742,09:59:36.649,237.8800,100
35984810889362,09:59:44.810,237.9300,100
35993740199451,09:59:53.740,237.9300,100
35999367964394,09:59:59.367,237.6800,100
36001104006260,10:00:01.104,237.8600,100
36001604004909,10:00:01.604,237.8600,100
36002104004536,10:00:02.104,237.8600,100
36003564014683,10:00:03.564,237.8600,100
36004064005621,10:00:04.064,237.8600,100
36004564008769,10:00:04.564,237.8650,100
36005064008068,10:00:05.064,237.8650,100
36005565009600,10:00:05.565,237.8650,100
36006065009933,10:00:06.065,237.8650,100
36016538708977,10:00:16.538,237.8500,1
36025222056942,10:00:25.222,237.9300,56
36025222060981,10:00:25.222,237.9300,44
36025222060981,10:00:25.222,237.9500,12
36025222062671,10:00:25.222,237.9500,44
36025222062671,10:00:25.222,237.9500,1
36025222092708,10:00:25.222,237.8350,100
36025222126619,10:00:25.222,237.9500,23
36025222330611,10:00:25.222,237.9500,77
36025223989002,10:00:25.223,238.0300,100
36025224289324,10:00:25.224,238.0300,100
36025241627254,10:00:25.241,238.1000,100
36027223460767,10:00:27.223,238.0700,100
36033515602992,10:00:33.515,238.0500,200
36033515650591,10:00:33.515,238.0500,100
36033515721199,10:00:33.515,238.0500,100
36045201975949,10:00:45.201,238.2600,5
36045202003376,10:00:45.202,238.2600,95
36047193965089,10:00:47.193,238.2600,100
36055570646061,10:00:55.570,238.4400,100
36055570756020,10:00:55.570,238.4400,100
36055579102925,10:00:55.579,238.6000,100
36055580384033,10:00:55.580,238.6500,100
36055586286287,10:00:55.586,238.7400,30
36055586286287,10:00:55.586,238.7600,70
36055586994376,10:00:55.586,238.7600,30
36055587197813,10:00:55.587,238.7700,100
36055587244359,10:00:55.587,238.7700,100
36055587249675,10:00:55.587,238.7600,100
36056729122790,10:00:56.729,238.8500,89
36056729238971,10:00:56.729,238.8500,11
36056729238971,10:00:56.729,238.8700,22
36056729360565,10:00:56.729,238.8700,78
36056730877392,10:00:56.730,239.0000,89
36056731164270,10:00:56.731,239.0000,89
36056731433081,10:00:56.731,239.0000,89
36056731458181,10:00:56.731,239.0000,90
36056731492122,10:00:56.731,239.0000,89
36056731520500,10:00:56.731,239.0000,254
36060584922088,10:01:00.584,239.0400,100
36062136593292,10:01:02.136,239.0200,50
36062136851573,10:01:02.136,239.0200,50
36062136851573,10:01:02.136,239.0200,2
36062136851573,10:01:02.136,239.0200,31
36062137328080,10:01:02.137,239.0200,69
36062137396180,10:01:02.137,239.0100,91
36062137482230,10:01:02.137,239.0100,9
36062137727870,10:01:02.137,238.9500,8
36062137784491,10:01:02.137,238.9500,16
36062137857351,10:01:02.137,238.9500,15
36062137857351,10:01:02.137,238.9300,9
36062140433840,10:01:02.140,238.9300,91
36062140433840,10:01:02.140,238.9300,100
36068153818634,10:01:08.153,238.9100,100
36073760953965,10:01:13.760,238.8900,100
36073761077846,10:01:13.761,238.8800,100
36090587136205,10:01:30.587,238.6000,8
36090847425132,10:01:30.847,238.6000,8
36090847969746,10:01:30.847,238.6000,8
36090848975579,10:01:30.848,238.6000,8
36090849386623,10:01:30.849,238.6000,8
36090849678866,10:01:30.849,238.6000,8
36090849971408,10:01:30.849,238.6000,8
36092717714099,10:01:32.717,238.7400,100
36092717802429,10:01:32.717,238.7400,100
36092717872198,10:01:32.717,238.7400,100
36092717875128,10:01:32.717,238.7400,100
36092718156662,10:01:32.718,238.7900,27
36092719486987,10:01:32.719,238.7400,100
36095240819397,10:01:35.240,238.6000,44
36095240820734,10:01:35.240,238.6000,44
36095240839798,10:01:35.240,238.6000,44
36095240842490,10:01:35.240,238.6000,12
36095240905022,10:01:35.240,238.6000,100
36100014614479,10:01:40.014,238.4600,40
36100651201267,10:01:40.651,238.4600,50
36103473556373,10:01:43.473,238.4600,10
36112275413000,10:01:52.275,238.3800,8
36112275601860,10:01:52.275,238.3800,8
36112275647591,10:01:52.275,238.3800,8
36117274849618,10:01:57.274,238.3400,100
36117274889647,10:01:57.274,238.3300,8
36117274913331,10:01:57.274,238.3300,92
36134304417149,10:02:14.304,238.2400,3
36134307051256,10:02:14.307,238.2700,15
36134307174918,10:02:14.307,238.2700,15
36143783411992,10:02:23.783,238.3000,100
36143783411992,10:02:23.783,238.3000,100
36143783817805,10:02:23.783,238.3000,100
36143783905349,10:02:23.783,238.3000,100
36143783932052,10:02:23.783,238.3700,19
36143783983152,10:02:23.783,238.3000,100
36143784082045,10:02:23.784,238.3700,31
36143784346462,10:02:23.784,238.3500,32
36143784347898,10:02:23.784,238.3500,18
36143784347898,10:02:23.784,238.3700,10
36143784347898,10:02:23.784,238.3900,22
36143784392489,10:02:23.784,238.3000,100
36143786148263,10:02:23.786,238.3000,4
36145258006468,10:02:25.258,238.4300,100
36145258006468,10:02:25.258,238.4300,100
36145258045563,10:02:25.258,238.4600,7
36145258208162,10:02:25.258,238.5000,10
36145258656788,10:02:25.258,238.5000,90
36145258656788,10:02:25.258,238.5000,61
36145258683752,10:02:25.258,238.5000,39
36145258683752,10:02:25.258,238.5000,100
36145258800388,10:02:25.258,238.5100,27
36145259230784,10:02:25.259,238.5100,73
36159915633199,10:02:39.915,238.4300,30
36159915633199,10:02:39.915,238.4000,70
36159915699558,10:02:39.915,238.4000,6
36159915741202,10:02:39.915,238.4300,56
36159915753197,10:02:39.915,238.4000,6
36159915873129,10:02:39.915,238.3900,6
36159920509055,10:02:39.920,238.3700,100
36159920509055,10:02:39.920,238.3700,100
36159924903472,10:02:39.924,238.3700,50
36164791440398,10:02:44.791,238.3200,150
36166659213713,10:02:46.659,238.3200,8
36166659260021,10:02:46.659,238.3200,16
36166659589165,10:02:46.659,238.3100,8
36166686539729,10:02:46.686,238.3100,30
36166686591053,10:02:46.686,238.3100,80
36166686591053,10:02:46.686,238.3000,96
36166686591053,10:02:46.686,238.3000,20
36166686747432,10:02:46.686,238.3000,80
36166686747432,10:02:46.686,238.3000,102
36166686857132,10:02:46.686,238.3000,14
36166687139004,10:02:46.687,238.3000,84
36166688715263,10:02:46.688,238.2700,100
36166689130477,10:02:46.689,238.2700,100
36166705356300,10:02:46.705,238.2400,16
36166710797786,10:02:46.710,238.2400,84
36166717370852,10:02:46.717,238.2300,8
36166718337532,10:02:46.718,238.2300,8
36166718612815,10:02:46.718,238.2300,8
36166719272297,10:02:46.719,238.2300,8
36168621063980,10:02:48.621,238.2300,68
36168621063980,10:02:48.621,238.2000,32
36168621096844,10:02:48.621,238.2000,68
36168621494971,10:02:48.621,238.2300,3
36171619444351,10:02:51.619,238.2600,100
36182909642838,10:03:02.909,238.5300,100
36182909733882,10:03:02.909,238.5300,56
36208316160213,10:03:28.316,238.6400,94
36208316184964,10:03:28.316,238.6400,6
36208316491189,10:03:28.316,238.6500,100
36211306003670,10:03:31.306,238.6900,29
36217882889767,10:03:37.882,238.6900,29
36228595249246,10:03:48.595,238.8200,100
36228595249246,10:03:48.595,238.8200,100
36228595335510,10:03:48.595,238.8200,100
36228595355673,10:03:48.595,238.8200,100
36229578236616,10:03:49.578,238.7700,100
36251774865745,10:04:11.774,238.6800,2
36251775237950,10:04:11.775,238.6500,100
36251775258356,10:04:11.775,238.6400,7
36251775258356,10:04:11.775,238.6400,22
36253857407278,10:04:13.857,238.5700,100
36253857407278,10:04:13.857,238.5400,100
36255146470529,10:04:15.146,238.5300,100
36266301677518,10:04:26.301,238.5000,100
36266301752987,10:04:26.301,238.5000,100
36266301771779,10:04:26.301,238.5000,100
36266302520146,10:04:26.302,238.5000,90
36266302557019,10:04:26.302,238.5000,10
36284372993213,10:04:44.372,238.5100,100
36284373022980,10:04:44.373,238.5100,100
36284373022980,10:04:44.373,238.5100,100
36284373030494,10:04:44.373,238.5100,62
36284373071616,10:04:44.373,238.5100,100
36284373102136,10:04:44.373,238.5100,32
36284373144878,10:04:44.373,238.5100,100
36284373169026,10:04:44.373,238.5100,100
36284373222219,10:04:44.373,238.5100,6
36284373933976,10:04:44.373,238.5200,100
36284374010798,10:04:44.374,238.5200,100
36284374431985,10:04:44.374,238.5200,100
36284374519338,10:04:44.374,238.5200,100
36284374527076,10:04:44.374,238.5200,100
36284374570487,10:04:44.374,238.5300,100
36284378464298,10:04:44.378,238.5400,100
36293533020043,10:04:53.533,238.5000,6
36314284438764,10:05:14.284,238.4500,17
36314284438764,10:05:14.284,238.4500,17
36314284463164,10:05:14.284,238.4500,66
36315118596697,10:05:15.118,238.4600,1
36333866401166,10:05:33.866,238.6500,100
36333866401166,10:05:33.866,238.6500,100
36341448117953,10:05:41.448,238.8400,100
36341448869952,10:05:41.448,238.8400,100
36368911579445,10:06:08.911,238.7600,99
36368911579445,10:06:08.911,238.7600,2
36368911833113,10:06:08.911,238.7600,100
36368912058378,10:06:08.912,238.7500,38
36368912231661,10:06:08.912,238.7500,62
36368917635028,10:06:08.917,238.7300,15
36368926807345,10:06:08.926,238.7600,100
36368927275733,10:06:08.927,238.7900,29
36369096140383,10:06:09.096,238.7600,100
36386163027665,10:06:26.163,238.6500,4
36386163181930,10:06:26.163,238.6500,8
36386163332587,10:06:26.163,238.6500,8
36386163868244,10:06:26.163,238.6500,18
36386164185884,10:06:26.164,238.6500,6
36386164315183,10:06:26.164,238.6500,16
36386164678132,10:06:26.164,238.6500,8
36386164706432,10:06:26.164,238.6500,32
36386165297180,10:06:26.165,238.6400,7
36404116395936,10:06:44.116,238.7900,100
36404712615408,10:06:44.712,238.6900,100
36404712679420,10:06:44.712,238.6900,100
36437369325601,10:07:17.369,238.5000,100
36437369326440,10:07:17.369,238.5000,100
36438576261325,10:07:18.576,238.5900,100
36439501058446,10:07:19.501,238.5300,100
36439501157644,10:07:19.501,238.5300,100
36439501218819,10:07:19.501,238.5300,100
36440496363738,10:07:20.496,238.5300,100
36440496469295,10:07:20.496,238.5100,100
36440711091625,10:07:20.711,238.4800,100
36475827881520,10:07:55.827,238.5400,12
36477360781268,10:07:57.360,238.5100,42
36480061842705,10:08:00.061,238.4900,45
36481489240336,10:08:01.489,238.4400,100
36481509462672,10:08:01.509,238.5000,30
36484219912394,10:08:04.219,238.4650,100
36488000187957,10:08:08.000,238.4600,100
36488000252959,10:08:08.000,238.5000,34
36488000292814,10:08:08.000,238.5000,32
36488000321523,10:08:08.000,238.5000,34
36488000638820,10:08:08.000,238.4600,100
36488001417262,10:08:08.001,238.5000,100
36488001799208,10:08:08.001,238.5000,100
36492759683189,10:08:12.759,238.4550,100
36492760358333,10:08:12.760,238.5200,100
36492760425233,10:08:12.760,238.5400,100
36493440936792,10:08:13.440,238.5000,100
36493441016858,10:08:13.441,238.5000,100
36493441559857,10:08:13.441,238.5200,100
36493491218000,10:08:13.491,238.5000,100
36493589467214,10:08:13.589,238.5000,100
36493589506124,10:08:13.589,238.5000,29
36493942771761,10:08:13.942,238.5000,100
36494400296616,10:08:14.400,238.5000,100
36494400337185,10:08:14.400,238.5000,2
36495024464855,10:08:15.024,238.5000,25
36495025442346,10:08:15.025,238.5000,75
36495720135488,10:08:15.720,238.4900,100
36504992624262,10:08:24.992,238.4000,100
36508733586817,10:08:28.733,238.4000,100
36508733586817,10:08:28.733,238.4000,100
36508737393961,10:08:28.737,238.3400,100
36508754683073,10:08:28.754,238.3100,100
36510651156300,10:08:30.651,238.3000,100
36510651816485,10:08:30.651,238.3000,100
36521214615809,10:08:41.214,238.3000,100
36521215986690,10:08:41.215,238.3000,100
36521235034343,10:08:41.235,238.3000,100
36521750724658,10:08:41.750,238.3000,100
36521750849646,10:08:41.750,238.3000,100
36521750959737,10:08:41.750,238.3000,100
36521751394259,10:08:41.751,238.3000,100
36543587899127,10:09:03.587,238.2500,100
36566861612102,10:09:26.861,238.2900,2
36566861787961,10:09:26.861,238.2500,100
36566861788526,10:09:26.861,238.3000,100
36578935706316,10:09:38.935,238.3000,79
36578935706316,10:09:38.935,238.3000,100
36578935708050,10:09:38.935,238.3000,100
36578935864717,10:09:38.935,238.3000,100
36591178991898,10:09:51.178,238.2100,54
36591178991898,10:09:51.178,238.2100,46
36591203644142,10:09:51.203,238.2000,100
36609877486637,10:10:09.877,238.1350,100
36609877771179,10:10:09.877,238.2000,100
36625079917140,10:10:25.079,238.0900,3
36625079917140,10:10:25.079,238.0900,97
36625079958763,10:10:25.079,238.0900,3
36625080849404,10:10:25.080,238.0800,4
36625084904574,10:10:25.084,238.0300,4
36660288151593,10:11:00.288,238.0300,100
36660288163756,10:11:00.288,238.0600,96
36660288165737,10:11:00.288,238.0600,4
36660288218599,10:11:00.288,238.0700,92
36660288671704,10:11:00.288,238.0700,8
36660288994700,10:11:00.288,238.0700,8
36660288994700,10:11:00.288,238.0600,92
36660289048428,10:11:00.289,238.0600,8
36660289239542,10:11:00.289,238.0700,8
36660557788094,10:11:00.557,238.0700,50
36660616750175,10:11:00.616,238.0700,42
36660616750175,10:11:00.616,238.0300,58
36660616753465,10:11:00.616,238.0300,100
36660617083690,10:11:00.617,238.0300,42
36660618048993,10:11:00.618,238.0000,100
36660618096011,10:11:00.618,238.0000,100
36660620167097,10:11:00.620,238.0600,100
36661220686501,10:11:01.220,238.1300,6
36664850558208,10:11:04.850,238.0700,69
36708603796151,10:11:48.603,238.1200,50
36708689288095,10:11:48.689,238.0700,100
36708689967863,10:11:48.689,238.1400,100
36708905630400,10:11:48.905,238.2100,26
36708906242628,10:11:48.906,238.2100,74
36708906308396,10:11:48.906,238.2100,100
36708910867943,10:11:48.910,238.1600,10
36708910867943,10:11:48.910,238.1600,90
36719059475599,10:11:59.059,238.2000,100
36729093241379,10:12:09.093,238.2300,100
36729093367401,10:12:09.093,238.2300,40
36748748067849,10:12:28.748,238.1600,100
36752487685257,10:12:32.487,238.1200,131
36752487685257,10:12:32.487,238.1200,3
36752489853451,10:12:32.489,238.0900,4
36752490699401,10:12:32.490,238.0900,96
36752490699401,10:12:32.490,238.0900,100
36752491062898,10:12:32.491,238.0900,100
36752494941632,10:12:32.494,238.0650,25
36752531951680,10:12:32.531,238.1400,65
36753531912810,10:12:33.531,238.1200,35
36753532784735,10:12:33.532,238.2000,100
36778136676076,10:12:58.136,238.1300,21
36794559141850,10:13:14.559,238.1100,21
36794559340172,10:13:14.559,238.0900,50
36794559340172,10:13:14.559,238.0700,15
36794559409472,10:13:14.559,238.0800,10
36794940480895,10:13:14.940,238.0000,46
36798620886008,10:13:18.620,237.9300,100
36799192209102,10:13:19.192,238.0050,100
36803714788565,10:13:23.714,237.9900,100
36809973504296,10:13:29.973,237.9300,43
36819470464184,10:13:39.470,237.9250,100
36819492998194,10:13:39.492,237.9700,53
36824135156345,10:13:44.135,237.9200,100
36883924129086,10:14:43.924,237.9000,100
36883924129086,10:14:43.924,237.9000,50
36885910433441,10:14:45.910,237.8500,51
36885910433441,10:14:45.910,237.8500,3
36885912380293,10:14:45.912,237.7700,15
36892980935378,10:14:52.980,237.7800,13
36892981013453,10:14:52.981,237.7800,100
36892981563439,10:14:52.981,237.7300,64
36893075596265,10:14:53.075,237.7200,4
36904192608756,10:15:04.192,237.8900,100
36904192736927,10:15:04.192,237.8900,56
36904192785325,10:15:04.192,237.8900,44
36904217178279,10:15:04.217,237.8900,79
36904217207131,10:15:04.217,237.8900,21
36908122039457,10:15:08.122,237.9800,100
36913030841263,10:15:13.030,237.9800,100
36913030841263,10:15:13.030,237.9800,100
36913031631369,10:15:13.031,238.0000,100
36916716905876,10:15:16.716,238.0400,47
36916716930329,10:15:16.716,238.0400,53
36918273795650,10:15:18.273,238.1300,54
36918273859672,10:15:18.273,238.1300,46
36918274392217,10:15:18.274,238.1300,10
36918293878424,10:15:18.293,238.1700,74
36923251988249,10:15:23.251,238.1000,100
36923252104270,10:15:23.252,238.0900,100
36923252231498,10:15:23.252,238.0900,56
36923252875975,10:15:23.252,238.0900,14
36924427029903,10:15:24.427,238.0900,100
36978500160734,10:16:18.500,238.1900,100
36978500160734,10:16:18.500,238.1900,100
36978500753791,10:16:18.500,238.2500,2
36978500807597,10:16:18.500,238.2500,81
36978500835186,10:16:18.500,238.2500,17
36979795217968,10:16:19.795,238.3400,100
36979795298772,10:16:19.795,238.3400,100
36979799281807,10:16:19.799,238.3800,150
36979799281807,10:16:19.799,238.3800,100
36979799356906,10:16:19.799,238.3800,56
36979799411160,10:16:19.799,238.3800,44
36979800123887,10:16:19.800,238.4000,100
36979801013559,10:16:19.801,238.4000,100
36980069802259,10:16:20.069,238.4200,100
36980069802259,10:16:20.069,238.4200,100
36980069837295,10:16:20.069,238.4200,3
36980070218655,10:16:20.070,238.4600,50
36980070612740,10:16:20.070,238.4700,30
36980070612740,10:16:20.070,238.4700,70
36980882404792,10:16:20.882,238.4200,50
36980882473577,10:16:20.882,238.4100,54
36980882911437,10:16:20.882,238.4000,28
36981453059453,10:16:21.453,238.4000,72
36981453457541,10:16:21.453,238.3900,100
36981453505598,10:16:21.453,238.3900,12
37005302760762,10:16:45.302,238.3700,20
37005302760762,10:16:45.302,238.3700,11
37005303754636,10:16:45.303,238.3500,100
37019338230894,10:16:59.338,238.2400,100
37020087988799,10:17:00.087,238.2400,100
37020142390845,10:17:00.142,238.2300,100
37020145521395,10:17:00.145,238.2100,100
37020145521395,10:17:00.145,238.2100,100
37090083240551,10:18:10.083,238.1600,21
37090083270151,10:18:10.083,238.1600,79
37090083270151,10:18:10.083,238.1600,12
37090083282475,10:18:10.083,238.1600,88
37090083282475,10:18:10.083,238.1600,3
37090089190241,10:18:10.089,238.1300,60
37090595627329,10:18:10.595,238.0600,100
37092463269364,10:18:12.463,238.0100,100
37092463269364,10:18:12.463,238.0100,100
37124859548171,10:18:44.859,237.8100,17
37129089910519,10:18:49.089,237.8000,17
37129090013898,10:18:49.090,237.8800,50
37131414548098,10:18:51.414,237.9500,46
37131414556988,10:18:51.414,237.9500,37
37131414737021,10:18:51.414,237.9500,17
37131415156029,10:18:51.415,237.9800,10
37131415559633,10:18:51.415,237.9800,8
37131415591126,10:18:51.415,237.9800,82
37131415591126,10:18:51.415,237.9800,100
37137535816460,10:18:57.535,237.9800,13
37137535816460,10:18:57.535,237.9800,50
37143242602410,10:19:03.242,237.9500,100
37148155197144,10:19:08.155,237.9500,100
37174032546338,10:19:34.032,238.0400,100
37174032648824,10:19:34.032,238.0400,56
37191950600314,10:19:51.950,238.1500,17
37191950603426,10:19:51.950,238.1500,50
37191950608825,10:19:51.950,238.1500,33
37234931526830,10:20:34.931,238.3800,100
37234931526830,10:20:34.931,238.3800,100
37234931558430,10:20:34.931,238.3800,100
37244197370603,10:20:44.197,238.4300,42
37244217172791,10:20:44.217,238.4300,39
37244605540423,10:20:44.605,238.4300,19
37283021712688,10:21:23.021,238.5000,100
37283021712688,10:21:23.021,238.5000,100
37283021789176,10:21:23.021,238.5000,100
37286267211425,10:21:26.267,238.4300,100
37286267211425,10:21:26.267,238.4300,3
37286267211425,10:21:26.267,238.4300,97
37286267260555,10:21:26.267,238.4300,3
37286268452731,10:21:26.268,238.3800,100
37286268478316,10:21:26.268,238.3800,100
37286268478316,10:21:26.268,238.3800,100
37286268488853,10:21:26.268,238.3800,100
37286269064128,10:21:26.269,238.3700,54
37286269577524,10:21:26.269,238.3700,46
37286299254410,10:21:26.299,238.3700,26
37297186318735,10:21:37.186,238.3000,100
37297190549147,10:21:37.190,238.2900,100
37297242032221,10:21:37.242,238.2500,100
37297242118257,10:21:37.242,238.2700,50
37297243045168,10:21:37.243,238.2500,50
37297243076498,10:21:37.243,238.2400,59
37304065095375,10:21:44.065,238.3000,9
37304072891015,10:21:44.072,238.3000,12
37398032843296,10:23:18.032,238.5000,45
37420622979345,10:23:40.622,238.4600,10
37432143528892,10:23:52.143,238.3900,70
37436426694400,10:23:56.426,238.3800,100
37436426694400,10:23:56.426,238.3800,3
37436426694400,10:23:56.426,238.3800,97
37436426743639,10:23:56.426,238.3800,3
37437206591909,10:23:57.206,238.2800,100
37437207643589,10:23:57.207,238.2800,10
37445758126647,10:24:05.758,238.3200,100
37479566384510,10:24:39.566,238.2500,100
37479566494172,10:24:39.566,238.2500,70
37479568575581,10:24:39.568,238.2000,100
37479569172071,10:24:39.569,238.1900,29
37481481067539,10:24:41.481,238.1900,50
37483690525948,10:24:43.690,238.1900,3
37503448051844,10:25:03.448,238.2600,100
37509068239415,10:25:09.068,238.3800,100
37509069192963,10:25:09.069,238.3900,100
37510475660772,10:25:10.475,238.3900,36
37562129304126,10:26:02.129,238.3700,6
37562130207164,10:26:02.130,238.3600,6
37562130432617,10:26:02.130,238.3600,6
37562130595597,10:26:02.130,238.3600,6
37563127064529,10:26:03.127,238.3600,8
37571125821514,10:26:11.125,238.4000,8
37574972383814,10:26:14.972,238.3900,3
37574972383814,10:26:14.972,238.3900,5
37574972476465,10:26:14.972,238.3900,8
37574972851464,10:26:14.972,238.3900,37
37574972915382,10:26:14.972,238.3700,42
37574972930304,10:26:14.972,238.3900,83
37574972962010,10:26:14.972,238.3700,158
37574972986468,10:26:14.972,238.3900,17
37574976350834,10:26:14.976,238.3800,15
37582277679955,10:26:22.277,238.4200,50
37611899945509,10:26:51.899,238.5000,100
37611900716619,10:26:51.900,238.5000,37
37611900908680,10:26:51.900,238.5000,63
37638297068230,10:27:18.297,238.3800,60
37638297102060,10:27:18.297,238.3800,40
37638297102060,10:27:18.297,238.3800,100
37638298673345,10:27:18.298,238.3500,100
37638300438926,10:27:18.300,238.3800,100
37638314512341,10:27:18.314,238.3800,100
37656529062047,10:27:36.529,238.4400,43
37656529102758,10:27:36.529,238.4400,57
37656531139552,10:27:36.531,238.4400,100
37670091612508,10:27:50.091,238.4200,92
37688317970070,10:28:08.317,238.3500,19
37692381224443,10:28:12.381,238.3200,100
37692381334490,10:28:12.381,238.3200,3
37704550573317,10:28:24.550,238.3700,4
37718599140733,10:28:38.599,238.4700,100
37718599140733,10:28:38.599,238.4700,100
37718599235527,10:28:38.599,238.4900,78
37718599267706,10:28:38.599,238.4700,56
37718599436931,10:28:38.599,238.4900,22
37718599436931,10:28:38.599,238.4900,28
37718599467660,10:28:38.599,238.4900,72
37740149879413,10:29:00.149,238.4900,100
37748233579456,10:29:08.233,238.5000,100
37748233579456,10:29:08.233,238.5000,100
37750119824882,10:29:10.119,238.4500,100
37750120793985,10:29:10.120,238.4100,100
37766952910961,10:29:26.952,238.3900,100
37770565758767,10:29:30.565,238.3900,100
37773565296047,10:29:33.565,238.4500,100
37773576342728,10:29:33.576,238.4500,100
37782808652719,10:29:42.808,238.4400,100
37782811042818,10:29:42.811,238.4400,29
37786926546721,10:29:46.926,238.5000,100
37790919907329,10:29:50.919,238.6100,15
37800087992368,10:30:00.087,238.6600,100
37847977273946,10:30:47.977,238.7200,100
37847977273946,10:30:47.977,238.7200,90
37848576663170,10:30:48.576,238.6000,3
37848576746550,10:30:48.576,238.6000,100
37848577186276,10:30:48.577,238.6000,100
37848577278969,10:30:48.577,238.5900,100
37848579189203,10:30:48.579,238.5900,29
37848602547621,10:30:48.602,238.5200,40
37869793802517,10:31:09.793,238.5000,17
37869793802517,10:31:09.793,238.5000,83
37869793871081,10:31:09.793,238.5000,55
37869793871081,10:31:09.793,238.5000,10
37869793871081,10:31:09.793,238.5000,35
37869793881891,10:31:09.793,238.5000,55
37872798703381,10:31:12.798,238.4500,100
37896226849220,10:31:36.226,238.5000,100
37900698253860,10:31:40.698,238.5400,100
37961996584397,10:32:41.996,238.5000,100
37961996584397,10:32:41.996,238.5000,84
37961996584397,10:32:41.996,238.5000,3
37961996584397,10:32:41.996,238.5000,100
37962016268402,10:32:42.016,238.4500,16
37962016784217,10:32:42.016,238.4500,84
37979664176702,10:32:59.664,238.4400,8
37979664518616,10:32:59.664,238.4400,8
37979664566257,10:32:59.664,238.4400,184
37980157928039,10:33:00.157,238.5000,100
38016333824830,10:33:36.333,238.5100,100
38016334312170,10:33:36.334,238.5000,4
38016334312170,10:33:36.334,238.5000,100
38086831060018,10:34:46.831,238.4400,100
38086831090952,10:34:46.831,238.4400,2
38088416350644,10:34:48.416,238.5000,100
38088417191036,10:34:48.417,238.5200,100
38088418068745,10:34:48.418,238.5000,5
38088418198504,10:34:48.418,238.5000,95
38090233879733,10:34:50.233,238.4800,100
38102583671888,10:35:02.583,238.4200,100
38102584194641,10:35:02.584,238.4200,44
38118083850923,10:35:18.083,238.4000,15
38119543082321,10:35:19.543,238.3700,100
38119543760517,10:35:19.543,238.3500,100
38121048661181,10:35:21.048,238.3400,100
38124408664202,10:35:24.408,238.3100,31
38125245251054,10:35:25.245,238.2800,5
38135835182334,10:35:35.835,238.2500,20
38135835239207,10:35:35.835,238.2500,20
38135835468125,10:35:35.835,238.2500,20
38135836000664,10:35:35.836,238.2500,20
38139952170242,10:35:39.952,238.3000,100
38139952663640,10:35:39.952,238.3000,100
38139952666292,10:35:39.952,238.3100,100
38146993832328,10:35:46.993,238.2400,6
38146993908516,10:35:46.993,238.2400,18
38146994994348,10:35:46.994,238.2400,18
38153892971275,10:35:53.892,238.2300,18
38153892971275,10:35:53.892,238.2300,82
38156500247268,10:35:56.500,238.2900,100
38189971659690,10:36:29.971,238.3100,100
38189972120236,10:36:29.972,238.3200,100
38189972167216,10:36:29.972,238.3200,50
38191438612108,10:36:31.438,238.4700,100
38191438683966,10:36:31.438,238.4700,100
38191445517687,10:36:31.445,238.5100,100
38191445517687,10:36:31.445,238.5100,100
38191445517687,10:36:31.445,238.5100,100
38191445810196,10:36:31.445,238.5100,100
38191445940102,10:36:31.445,238.5100,100
38202409748579,10:36:42.409,238.7900,10
38209154225358,10:36:49.154,238.8300,100
38209154289882,10:36:49.154,238.8300,100
38218335355979,10:36:58.335,238.9200,100
38235332980910,10:37:15.332,238.8300,98
38235332982260,10:37:15.332,238.8300,2
38235333065892,10:37:15.333,238.8200,100
38235334294339,10:37:15.334,238.8100,100
38235336063569,10:37:15.336,238.8200,100
38235338899689,10:37:15.338,238.8200,100
38259092928531,10:37:39.092,238.7600,100
38264911028630,10:37:44.911,238.7600,100
38264911124175,10:37:44.911,238.7600,91
38264911255671,10:37:44.911,238.7600,100
38264911295706,10:37:44.911,238.7600,9
38265020418683,10:37:45.020,238.7600,25
38265020462369,10:37:45.020,238.7600,4
38288449052980,10:38:08.449,238.8300,12
38288449079644,10:38:08.449,238.8300,56
38288449114957,10:38:08.449,238.8300,32
38293139773790,10:38:13.139,238.9500,1
38293401918139,10:38:13.401,238.9500,99
38293401918139,10:38:13.401,238.9500,1
38294294959931,10:38:14.294,238.9500,100
38294295368055,10:38:14.295,239.0000,5
38294295369261,10:38:14.295,238.9500,100
38294295397933,10:38:14.295,238.9500,100
38306403454131,10:38:26.403,239.0300,100
38314570872987,10:38:34.570,239.0300,100
38314570872987,10:38:34.570,239.0200,100
38314570872987,10:38:34.570,239.0200,2
38314570886935,10:38:34.570,239.0200,200
38314572759137,10:38:34.572,239.0000,100
38314572847478,10:38:34.572,239.0000,100
38314572862327,10:38:34.572,239.0000,100
38314573019981,10:38:34.573,239.0000,100
38314573305157,10:38:34.573,238.9800,152
38314573632000,10:38:34.573,238.9900,50
38314573632000,10:38:34.573,238.9900,10
38314573632000,10:38:34.573,239.0000,40
38314574087712,10:38:34.574,238.9800,40
38314574087712,10:38:34.574,238.9800,10
38318227674459,10:38:38.227,239.0000,60
38318227674459,10:38:38.227,239.0000,40
38318227706739,10:38:38.227,239.0000,60
38318227719305,10:38:38.227,239.0000,60
38318227885348,10:38:38.227,239.0000,100
38318228530412,10:38:38.228,239.0000,5
38320026907852,10:38:40.026,238.9400,75
38335090712280,10:38:55.090,239.0000,95
38335090712280,10:38:55.090,239.0000,37
38335090716847,10:38:55.090,239.0000,48
38335090717437,10:38:55.090,239.0000,15
38335090717437,10:38:55.090,239.0000,48
38335090721129,10:38:55.090,239.0000,63
38335090721682,10:38:55.090,239.0000,195
38335090763151,10:38:55.090,239.0000,63
38335090831002,10:38:55.090,239.0000,59
38335090849722,10:38:55.090,239.0000,10
38335090892881,10:38:55.090,239.0000,31
38335090946431,10:38:55.090,239.0000,63
38335091117248,10:38:55.091,239.0000,37
38335091117248,10:38:55.091,239.0000,26
38338948683253,10:38:58.948,238.9500,100
38345900805199,10:39:05.900,239.0200,23
38347976696038,10:39:07.976,239.0150,11
38352876462015,10:39:12.876,239.0150,100
38353875637100,10:39:13.875,239.0150,2
38366859463214,10:39:26.859,239.0000,100
38373435517760,10:39:33.435,238.9400,3
38378621674536,10:39:38.621,238.9200,2
38378621746230,10:39:38.621,238.9200,98
38378621746230,10:39:38.621,238.9200,100
38393277749773,10:39:53.277,238.9700,80
38394070609555,10:39:54.070,238.9800,100
38394070932152,10:39:54.070,238.9800,100
38395000778955,10:39:55.000,239.0000,38
38402276499138,10:40:02.276,239.0000,200
38403553721839,10:40:03.553,239.0000,200
38403638176395,10:40:03.638,239.0000,26
38407909860334,10:40:07.909,239.0000,30
38419687272810,10:40:19.687,239.0000,120
38419687272810,10:40:19.687,239.0300,80
38419959083242,10:40:19.959,239.0400,100
38419959083242,10:40:19.959,239.0400,100
38419959083242,10:40:19.959,239.0400,1
38423555485102,10:40:23.555,239.0400,100
38427239263145,10:40:27.239,239.0400,1
38440113643141,10:40:40.113,239.0400,6
38444966365657,10:40:44.966,238.9800,2
38444966365657,10:40:44.966,238.9800,100
38456970318486,10:40:56.970,238.9600,100
38469237726891,10:41:09.237,238.9150,100
38469237726891,10:41:09.237,238.8600,40
38469237756278,10:41:09.237,238.8600,100
38469237785974,10:41:09.237,238.8700,100
38499167926194,10:41:39.167,238.9700,100
38550979025992,10:42:30.979,239.0000,100
38550979061733,10:42:30.979,239.0000,98
38550979067907,10:42:30.979,239.0000,2
38550979074254,10:42:30.979,239.0000,5
38550979076987,10:42:30.979,239.0000,2
38550979079671,10:42:30.979,239.0000,5
38550979265853,10:42:30.979,239.0000,2
38550979473223,10:42:30.979,239.0000,2
38550979530798,10:42:30.979,239.0000,50
38550979551296,10:42:30.979,239.0000,27
38550979551296,10:42:30.979,239.0200,73
38550979552158,10:42:30.979,239.0200,27
38550981566788,10:42:30.981,239.0800,3
38550981596890,10:42:30.981,239.0700,2
38550981607797,10:42:30.981,239.0700,2
38550983274372,10:42:30.983,239.0700,2
38551359785889,10:42:31.359,239.0000,100
38551359785889,10:42:31.359,239.0000,100
38551360760834,10:42:31.360,239.0000,99
38551360797262,10:42:31.360,239.0150,15
38551360811482,10:42:31.360,239.0100,15
38551361019543,10:42:31.361,239.0050,30
38551365408719,10:42:31.365,239.0000,15
38553719216048,10:42:33.719,239.0150,100
38566369515971,10:42:46.369,239.0100,2
38573307712136,10:42:53.307,239.0100,2
38576243632971,10:42:56.243,238.9400,2
38588523274048,10:43:08.523,239.0000,100
38588523275990,10:43:08.523,239.0000,23
38591648763555,10:43:11.648,239.0100,53
38598545005039,10:43:18.545,239.0350,100
38599002488805,10:43:19.002,239.0350,47
38601332449765,10:43:21.332,239.0350,100
38611553908795,10:43:31.553,239.0100,100
38633698349672,10:43:53.698,239.0000,100
38633719852226,10:43:53.719,239.0000,100
38644936732317,10:44:04.936,239.0000,100
38644936746888,10:44:04.936,239.0000,100
38673709430497,10:44:33.709,238.9500,100
38673709430497,10:44:33.709,238.9500,2
38673709820603,10:44:33.709,238.9200,24
38673709850502,10:44:33.709,238.9100,100
38673711364870,10:44:33.711,238.8600,100
38680730394063,10:44:40.730,238.9000,100
38696750369083,10:44:56.750,238.9000,100
38696750809150,10:44:56.750,238.9000,100
38697059217125,10:44:57.059,238.9000,100
38711998171047,10:45:11.998,238.9350,21
38720238600370,10:45:20.238,238.8600,100
38733388270756,10:45:33.388,238.8100,100
38733388762243,10:45:33.388,238.8100,100
38740992825186,10:45:40.992,238.7700,5
38740993660086,10:45:40.993,238.7400,100
38741283739574,10:45:41.283,238.8100,100
38765521752247,10:46:05.521,238.7500,100
38765521753579,10:46:05.521,238.7500,100
38765521753579,10:46:05.521,238.7500,3
38765521835446,10:46:05.521,238.7500,100
38765521920879,10:46:05.521,238.7200,12
38765521920879,10:46:05.521,238.7200,25
38765522117703,10:46:05.522,238.7200,50
38765522244752,10:46:05.522,238.7200,25
38766218178829,10:46:06.218,238.6900,5
38801602284516,10:46:41.602,238.6300,100
38804459716293,10:46:44.459,238.6200,44
38804459794345,10:46:44.459,238.6200,56
38804460061367,10:46:44.460,238.6100,16
38838141503180,10:47:18.141,238.5500,100
38838141503180,10:47:18.141,238.5500,100
38838141604742,10:47:18.141,238.5500,25
38838141606068,10:47:18.141,238.5500,75
38838141606068,10:47:18.141,238.5600,25
38838141606762,10:47:18.141,238.5600,75
38838141994302,10:47:18.141,238.6100,300
38838142754341,10:47:18.142,238.6500,100
38856620267379,10:47:36.620,238.6300,100
38896486105133,10:48:16.486,238.7000,46
38898016048961,10:48:18.016,238.7000,19
38906912271890,10:48:26.912,238.6850,35
38921035410484,10:48:41.035,238.6200,100
38921035410484,10:48:41.035,238.6200,100
38921035438446,10:48:41.035,238.6200,3
38921036672943,10:48:41.036,238.6100,10
38921037488257,10:48:41.037,238.5500,100
38921041315403,10:48:41.041,238.5400,100
38928540452346,10:48:48.540,238.5000,13
38939380921729,10:48:59.380,238.4800,16
38939380921729,10:48:59.380,238.4800,138
38939380921729,10:48:59.380,238.4800,81
38939634469357,10:48:59.634,238.3800,4
38939635608529,10:48:59.635,238.3800,10
38940311581133,10:49:00.311,238.4900,1
38940311581133,10:49:00.311,238.4900,100
38940311581133,10:49:00.311,238.4900,99
38955365309267,10:49:15.365,238.4800,100
38955365309267,10:49:15.365,238.4800,100
38955365341569,10:49:15.365,238.4800,101
38955365391018,10:49:15.365,238.4800,100
38955365408870,10:49:15.365,238.4800,100
38955365908023,10:49:15.365,238.4800,100
38955365908023,10:49:15.365,238.4800,100
38955365909707,10:49:15.365,238.4800,99
38955372147896,10:49:15.372,238.4900,1
38955372147896,10:49:15.372,238.4900,100
38955377144310,10:49:15.377,238.4700,100
38955914402912,10:49:15.914,238.4800,39
38965340676554,10:49:25.340,238.3500,100
38965340778303,10:49:25.340,238.3500,100
38965341027700,10:49:25.341,238.3600,35
38965341039500,10:49:25.341,238.3600,65
38971579649864,10:49:31.579,238.2600,100
38971579724999,10:49:31.579,238.2600,62
38971581979989,10:49:31.581,238.2500,100
38990468996410,10:49:50.468,238.1200,100
38998823401342,10:49:58.823,238.1200,100
38998922235985,10:49:58.922,238.1100,21
38998922302545,10:49:58.922,238.1100,79
38998922302545,10:49:58.922,238.1100,21
39002248435639,10:50:02.248,238.1600,100
39027383452698,10:50:27.383,238.1400,40
39027383477036,10:50:27.383,238.1400,40
39027383512721,10:50:27.383,238.1400,20
39027385850016,10:50:27.385,238.1300,100
39027385887611,10:50:27.385,238.1300,22
39037534071498,10:50:37.534,238.0300,100
39037574005870,10:50:37.574,238.0300,126
39037574007676,10:50:37.574,238.0300,52
39037574007676,10:50:37.574,238.0200,22
39037574007676,10:50:37.574,238.0200,26
39037574102374,10:50:37.574,238.0200,74
39037574102374,10:50:37.574,238.0200,4
39037574169454,10:50:37.574,238.0100,100
39037574179132,10:50:37.574,238.0200,40
39037574205542,10:50:37.574,238.0200,41
39037574219253,10:50:37.574,238.0200,19
39037575120767,10:50:37.575,238.0600,100
39037961561654,10:50:37.961,238.0600,99
39057888339424,10:50:57.888,238.0000,65
39057888722709,10:50:57.888,238.0000,35
39057888722709,10:50:57.888,238.0000,22
39069357446704,10:51:09.357,237.9700,100
39089777187711,10:51:29.777,237.9700,100
39089777187711,10:51:29.777,237.9600,100
39094608061012,10:51:34.608,237.9600,100
39094608061012,10:51:34.608,237.9600,100
39094608061012,10:51:34.608,237.9600,100
39094609387489,10:51:34.609,237.9400,44
39095819093638,10:51:35.819,237.8900,100
39098050061831,10:51:38.050,237.8800,100
39098050628847,10:51:38.050,237.8700,100
39098051036007,10:51:38.051,237.8700,100
39109534484046,10:51:49.534,237.7500,15
39109534484046,10:51:49.534,237.7500,85
39109534998125,10:51:49.534,237.7500,15
39109534998125,10:51:49.534,237.7500,22
39111608652521,10:51:51.608,237.8000,65
39111608705282,10:51:51.608,237.8000,35
39113717797321,10:51:53.717,237.8400,23
39113719605989,10:51:53.719,237.8800,5
39113721696913,10:51:53.721,237.8800,95
39113722540841,10:51:53.722,237.9000,100
39114158134790,10:51:54.158,237.9100,30
39114158280629,10:51:54.158,237.9300,16
39114158602888,10:51:54.158,237.9200,20
39114166941862,10:51:54.166,237.9300,20
39114224994074,10:51:54.224,237.9100,100
39114224994074,10:51:54.224,237.9100,100
39114225353117,10:51:54.225,237.9000,100
39168454454936,10:52:48.454,237.8800,38
39193537446967,10:53:13.537,237.8700,100
39193537446967,10:53:13.537,237.8700,4
39193537446967,10:53:13.537,237.8700,100
39193537507771,10:53:13.537,237.8700,62
39193537546041,10:53:13.537,237.8400,100
39193537546041,10:53:13.537,237.8400,28
39193537584756,10:53:13.537,237.8400,72
39228784126966,10:53:48.784,237.7700,100
39232945747073,10:53:52.945,237.7500,46
39232945775594,10:53:52.945,237.7500,54
39232949673248,10:53:52.949,237.7400,5
39246797135557,10:54:06.797,237.8100,100
39246797135557,10:54:06.797,237.8100,100
39246798350668,10:54:06.798,237.8600,100
39246798803019,10:54:06.798,237.8800,100
39246799740061,10:54:06.799,237.9300,100
39349007770156,10:55:49.007,238.0500,100
39349007800583,10:55:49.007,238.0500,4
39349008258539,10:55:49.008,238.0500,20
39349008305562,10:55:49.008,238.0500,70
39349009594864,10:55:49.009,238.0100,30
39349009732400,10:55:49.009,238.0000,4
39349556404860,10:55:49.556,238.0000,100
39356039744110,10:55:56.039,237.9300,100
39363788876658,10:56:03.788,237.9200,4
39367412304297,10:56:07.412,238.0000,15
39374225281377,10:56:14.225,238.0900,100
39374225762874,10:56:14.225,238.1100,100
39390685831949,10:56:30.685,238.2200,100
39390685876192,10:56:30.685,238.2200,17
39393594311456,10:56:33.594,238.2300,47
39393595087500,10:56:33.595,238.2300,100
39393595186870,10:56:33.595,238.2300,25
39393595236948,10:56:33.595,238.2300,75
39393595397027,10:56:33.595,238.1900,50
39393609659661,10:56:33.609,238.1900,15
39393609964145,10:56:33.609,238.1700,100
39393644602948,10:56:33.644,238.2300,50
39401094293406,10:56:41.094,238.1100,100
39425619932438,10:57:05.619,238.1900,100
39425619967120,10:57:05.619,238.1900,1
39425641686075,10:57:05.641,238.1700,76
39433000859799,10:57:13.000,238.1500,100
39433000955328,10:57:13.000,238.1500,56
39433004264021,10:57:13.004,238.1100,100
39448482758470,10:57:28.482,238.2000,72
39466607308108,10:57:46.607,238.1200,34
39466607308108,10:57:46.607,238.1200,66
39466607328684,10:57:46.607,238.1200,34
39466611177375,10:57:46.611,238.0700,100
39466611396462,10:57:46.611,238.0600,100
39467330790591,10:57:47.330,238.0700,6
39467330799592,10:57:47.330,238.0700,94
39467330799592,10:57:47.330,238.0100,54
39467331000375,10:57:47.331,238.0100,46
39468533592369,10:57:48.533,238.0000,56
39468533889291,10:57:48.533,238.0000,44
39468533889291,10:57:48.533,238.0000,56
39489529805777,10:58:09.529,238.0500,100
39489616739643,10:58:09.616,238.0600,100
39494072922159,10:58:14.072,237.9800,3
39505880319282,10:58:25.880,237.9000,100
39508230107893,10:58:28.230,237.9000,4
39529375209685,10:58:49.375,237.8200,100
39536863352662,10:58:56.863,237.9100,100
39537114951553,10:58:57.114,237.9400,100
39544778081182,10:59:04.778,237.8000,52
39555147401899,10:59:15.147,237.8600,100
39555294093667,10:59:15.294,237.8600,100
39566455556171,10:59:26.455,237.8000,48
39566455556171,10:59:26.455,237.8000,42
39573580339050,10:59:33.580,237.9100,23
39573580339050,10:59:33.580,237.9100,100
39573751981150,10:59:33.751,238.0300,100
39574694852333,10:59:34.694,238.0500,70
39584982020058,10:59:44.982,238.0900,100
39601258379505,11:00:01.258,238.1700,93
39601258380956,11:00:01.258,238.1700,7
39601260992341,11:00:01.260,238.2200,48
39601261497431,11:00:01.261,238.2200,52
39602262260195,11:00:02.262,238.3700,100
39602262591945,11:00:02.262,238.3500,38
39602262624574,11:00:02.262,238.3500,48
39602262867896,11:00:02.262,238.3600,14
39608770560741,11:00:08.770,238.4400,32
39612452386120,11:00:12.452,238.4300,145
39612452390626,11:00:12.452,238.4300,55
39612452390626,11:00:12.452,238.4300,37
39612452390626,11:00:12.452,238.4300,96
39612452412489,11:00:12.452,238.4300,4
39612452493176,11:00:12.452,238.4200,54
39612452588036,11:00:12.452,238.4200,146
39612452588036,11:00:12.452,238.4200,54
39612452588857,11:00:12.452,238.4200,46
39614598641242,11:00:14.598,238.3600,40
39614598727144,11:00:14.598,238.3500,100
39614599183643,11:00:14.599,238.3600,100
39614599183643,11:00:14.599,238.3600,100
39624794473625,11:00:24.794,238.3400,43
39625230132739,11:00:25.230,238.3400,57
39625230132739,11:00:25.230,238.3400,4
39625230132739,11:00:25.230,238.3400,100
39630174256544,11:00:30.174,238.4300,100
39630175071584,11:00:30.175,238.4400,100
39640987615916,11:00:40.987,238.4100,100
39648821829924,11:00:48.821,238.4000,40
39654977785806,11:00:54.977,238.3900,100
39663458950294,11:01:03.458,238.6400,33
39663458956191,11:01:03.458,238.6400,67
39663466159734,11:01:03.466,238.6800,84
39663466159734,11:01:03.466,238.6600,16
39663475446464,11:01:03.475,238.6500,100
39663485800071,11:01:03.485,238.6900,50
39664572552619,11:01:04.572,238.7500,5
39664572552619,11:01:04.572,238.7500,3
39697505587667,11:01:37.505,238.6000,100
39730242054032,11:02:10.242,238.7000,100
39745138623288,11:02:25.138,238.8100,97
39745139035858,11:02:25.139,238.8100,3
39745139213677,11:02:25.139,238.7900,44
39745139243694,11:02:25.139,238.7900,56
39745140788301,11:02:25.140,238.7500,131
39745140788301,11:02:25.140,238.7500,100
39745144484483,11:02:25.144,238.7600,39
39745144484483,11:02:25.144,238.7500,39
39792265802183,11:03:12.265,238.6700,10
39792265807033,11:03:12.265,238.6700,26
39792265822394,11:03:12.265,238.6700,64
39792265891335,11:03:12.265,238.6300,50
39792266097662,11:03:12.266,238.6300,24
39792266131197,11:03:12.266,238.6300,5
39792266195141,11:03:12.266,238.6300,21
39792266199897,11:03:12.266,238.6200,4
39796301806097,11:03:16.301,238.5600,100
39815081664595,11:03:35.081,238.5450,100
39824416733060,11:03:44.416,238.4700,76
39825101852380,11:03:45.101,238.4700,100
39826395753353,11:03:46.395,238.4700,100
39890277083668,11:04:50.277,238.4600,4
39893003861098,11:04:53.003,238.4950,100
39903003428057,11:05:03.003,238.5700,28
39903003513203,11:05:03.003,238.5500,100
39903003513203,11:05:03.003,238.5700,72
39903003513203,11:05:03.003,238.5700,29
39903003623372,11:05:03.003,238.5700,71
39903003623372,11:05:03.003,238.5700,1
39917719197883,11:05:17.719,238.6200,24
39920005517853,11:05:20.005,238.6000,100
39920030516646,11:05:20.030,238.5700,100
39920030558531,11:05:20.030,238.5700,4
39920030903743,11:05:20.030,238.5700,94
39920030916045,11:05:20.030,238.5700,6
39922449307050,11:05:22.449,238.5700,200
39922452227834,11:05:22.452,238.6300,100
39927383859079,11:05:27.383,238.6500,15
39927384157906,11:05:27.384,238.6900,50
39927384489602,11:05:27.384,238.6700,5
39927384516069,11:05:27.384,238.6700,10
39927384516069,11:05:27.384,238.6700,60
39930453186622,11:05:30.453,238.5400,100
39930696299538,11:05:30.696,238.4700,100
39935004391094,11:05:35.004,238.5400,15
39949686805106,11:05:49.686,238.5300,100
39949692597099,11:05:49.692,238.4950,100
39952003873838,11:05:52.003,238.5000,100
39952003873838,11:05:52.003,238.5000,100
39952440041066,11:05:52.440,238.5700,100
39971647553463,11:06:11.647,238.6100,100
39971648692457,11:06:11.648,238.6100,100
39980002730740,11:06:20.002,238.6700,100
39980003291274,11:06:20.003,238.6900,100
39983943284691,11:06:23.943,238.6100,64
39997142307143,11:06:37.142,238.6200,6
39997142307143,11:06:37.142,238.6200,11
40010709305798,11:06:50.709,238.5700,49
40010709331737,11:06:50.709,238.5700,51
40010709331737,11:06:50.709,238.5700,3
40010709331737,11:06:50.709,238.5700,100
40027658362197,11:07:07.658,238.5800,200
40027658961787,11:07:07.658,238.5300,100
40028862992306,11:07:08.862,238.4900,100
40029979090199,11:07:09.979,238.4300,100
40035448203998,11:07:15.448,238.4700,100
40035449604919,11:07:15.449,238.4900,100
40035449604919,11:07:15.449,238.4900,10
40075263526509,11:07:55.263,238.4200,4
40075263526509,11:07:55.263,238.4100,96
40089811430631,11:08:09.811,238.4100,100
40089811462213,11:08:09.811,238.4100,3
40089811491215,11:08:09.811,238.4700,200
40089819126202,11:08:09.819,238.4700,42
40089872736176,11:08:09.872,238.4100,42
40089955477533,11:08:09.955,238.4100,100
40096393840365,11:08:16.393,238.4100,100
40096394310325,11:08:16.394,238.4700,100
40127959091289,11:08:47.959,238.6200,24
40160351151054,11:09:20.351,238.6000,100
40214125795452,11:10:14.125,238.7000,52
40214125823750,11:10:14.125,238.6450,100
40225671842490,11:10:25.671,238.8400,42
40225684310814,11:10:25.684,238.8400,8
40225684330502,11:10:25.684,238.8400,8
40225684417732,11:10:25.684,238.8400,8
40225684628209,11:10:25.684,238.8400,8
40225685907093,11:10:25.685,238.8400,8
40225686475376,11:10:25.686,238.8400,8
40226350303711,11:10:26.350,238.8400,10
40258782658652,11:10:58.782,238.7800,100
40258782659987,11:10:58.782,238.7800,100
40258782765798,11:10:58.782,238.7800,56
40258783834391,11:10:58.783,238.7700,100
40261522531840,11:11:01.522,238.7100,3
40283021435994,11:11:23.021,238.7000,100
40320579756629,11:12:00.579,238.7800,100
40320580826296,11:12:00.580,238.8300,100
40333526824352,11:12:13.526,238.8200,100
40333526824352,11:12:13.526,238.8200,100
40333526824352,11:12:13.526,238.8100,100
40333526824352,11:12:13.526,238.8100,100
40333531598676,11:12:13.531,238.8100,3
40333531598676,11:12:13.531,238.8100,97
40333531640730,11:12:13.531,238.8100,3
40333531700878,11:12:13.531,238.8000,68
40333619430343,11:12:13.619,238.7700,5
40341267777516,11:12:21.267,238.7700,95
40358750286656,11:12:38.750,238.6900,30
40411614454916,11:13:31.614,238.5900,5
40421640837620,11:13:41.640,238.6700,1
40421640869088,11:13:41.640,238.6500,100
40424954373022,11:13:44.954,238.6200,24
40424954373022,11:13:44.954,238.5900,76
40443650888582,11:14:03.650,238.6050,100
40443650965525,11:14:03.650,238.6600,100
40445663598591,11:14:05.663,238.7100,1
40445663624287,11:14:05.663,238.7100,99
40445664391170,11:14:05.664,238.6800,50
40445664391170,11:14:05.664,238.6600,100
40445664391170,11:14:05.664,238.6600,30
40445664747762,11:14:05.664,238.7100,50
40445664747762,11:14:05.664,238.7100,10
40445664747762,11:14:05.664,238.7100,10
40445664747762,11:14:05.664,238.7100,30
40445664807134,11:14:05.664,238.7200,30
40445665206070,11:14:05.665,238.7300,100
40445815378882,11:14:05.815,238.7000,1
40445817487823,11:14:05.817,238.7000,1
40445818523119,11:14:05.818,238.7000,99
40457846135845,11:14:17.846,238.6600,50
40492061429838,11:14:52.061,238.6950,100
40499353938021,11:14:59.353,238.8600,45
40499353964240,11:14:59.353,238.8600,55
40500596754180,11:15:00.596,238.9400,47
40500596777653,11:15:00.596,238.9400,23
40500598375867,11:15:00.598,238.9500,30
40508498605612,11:15:08.498,239.0800,2
40508498605612,11:15:08.498,239.0800,300
40535579398953,11:15:35.579,239.1300,40
40535580179961,11:15:35.580,239.1500,190
40535580190040,11:15:35.580,239.1500,10
40535580190040,11:15:35.580,239.1500,90
40535580222059,11:15:35.580,239.1500,10
40535580537821,11:15:35.580,239.1500,200
40535580567605,11:15:35.580,239.1500,60
40535580588586,11:15:35.580,239.1400,100
40535580797947,11:15:35.580,239.1600,50
40535580797947,11:15:35.580,239.1700,50
40535580882389,11:15:35.580,239.1700,50
40535580995856,11:15:35.580,239.1400,50
40535611504922,11:15:35.611,239.1500,2
40535692654776,11:15:35.692,239.1700,50
40535692654776,11:15:35.692,239.1700,10
40535692654776,11:15:35.692,239.1900,40
40547189109889,11:15:47.189,239.2700,50
40588474522111,11:16:28.474,239.3300,100
40588474522111,11:16:28.474,239.2600,6
40588474522111,11:16:28.474,239.2600,68
40588474535675,11:16:28.474,239.2600,32
40588474535675,11:16:28.474,239.2600,2
40588474543106,11:16:28.474,239.2600,34
40588474558861,11:16:28.474,239.2600,64
40588474558861,11:16:28.474,239.2600,2
40588474630796,11:16:28.474,239.2400,68
40588475123942,11:16:28.475,239.2400,32
40588477596628,11:16:28.477,239.2500,100
40590075952675,11:16:30.075,239.2600,50
40590075999084,11:16:30.075,239.2600,50
40590077266385,11:16:30.077,239.2400,59
40590077266385,11:16:30.077,239.2300,100
40590077266385,11:16:30.077,239.2300,41
40590086040302,11:16:30.086,239.2300,59
40590086104585,11:16:30.086,239.2200,5
40590086368833,11:16:30.086,239.2300,100
40590301134495,11:16:30.301,239.2300,69
40635665265554,11:17:15.665,239.2600,100
40680701850406,11:18:00.701,239.3300,100
40680701850406,11:18:00.701,239.4100,100
40680701850406,11:18:00.701,239.4100,200
40680701869438,11:18:00.701,239.4100,18
40680701873085,11:18:00.701,239.4100,82
40680805120707,11:18:00.805,239.4900,96
40680805152446,11:18:00.805,239.5000,100
40680805175195,11:18:00.805,239.5000,1737
40680805175195,11:18:00.805,239.5000,1000
40680805175195,11:18:00.805,239.5000,100
40680805220106,11:18:00.805,239.5300,100
40680828798394,11:18:00.828,239.5000,100
40681129955217,11:18:01.129,239.4500,17
40683193356122,11:18:03.193,239.5800,100
40683193443399,11:18:03.193,239.5200,59
40685223095097,11:18:05.223,239.5350,100
40685223095097,11:18:05.223,239.4900,2
40685223235463,11:18:05.223,239.4900,98
40685223235463,11:18:05.223,239.4900,2
40685223278953,11:18:05.223,239.4900,32
40685223292798,11:18:05.223,239.4900,28
40685223417241,11:18:05.223,239.4800,73
40685223557756,11:18:05.223,239.4800,27
40685224030385,11:18:05.224,239.4600,100
40685224061348,11:18:05.224,239.4600,35
40685224254143,11:18:05.224,239.4600,65
40685224738618,11:18:05.224,239.4500,100
40685224749108,11:18:05.224,239.4500,100
40685743266528,11:18:05.743,239.4900,59
40686373078939,11:18:06.373,239.4900,100
40691913040688,11:18:11.913,239.4300,42
40697990761059,11:18:17.990,239.4200,18
40702770286963,11:18:22.770,239.5300,100
40702770839680,11:18:22.770,239.5400,100
40728592395759,11:18:48.592,239.5100,100
40764253337279,11:19:24.253,239.4500,100
40765884018298,11:19:25.884,239.4000,30
40765884221045,11:19:25.884,239.4000,50
40765884731706,11:19:25.884,239.4000,20
40765884731706,11:19:25.884,239.4000,100
40765884731706,11:19:25.884,239.4000,30
40765885459425,11:19:25.885,239.4000,70
40799000229775,11:19:59.000,239.3400,23
40810939370235,11:20:10.939,239.4100,100
40810939474221,11:20:10.939,239.4800,100
40810939551855,11:20:10.939,239.5000,5
40843595506965,11:20:43.595,239.4700,23
40843595847755,11:20:43.595,239.4700,77
40843595847755,11:20:43.595,239.4700,2
40843595847755,11:20:43.595,239.4700,21
40860081388856,11:21:00.081,239.4000,1
40897587046796,11:21:37.587,239.4050,100
40897587046796,11:21:37.587,239.4700,100
40897587046796,11:21:37.587,239.4700,100
40897588031924,11:21:37.588,239.4800,200
40897588092224,11:21:37.588,239.4800,100
40897588167911,11:21:37.588,239.4800,100
40897588174190,11:21:37.588,239.4800,100
40897588590030,11:21:37.588,239.5000,26
40897588683205,11:21:37.588,239.4900,29
40897588683205,11:21:37.588,239.5000,74
40897588683205,11:21:37.588,239.5100,97
40897588820439,11:21:37.588,239.4500,50
40897589377821,11:21:37.589,239.5000,9
40897604822320,11:21:37.604,239.4300,100
40897606087850,11:21:37.606,239.4100,10
40897726868784,11:21:37.726,239.4800,100
40905500494437,11:21:45.500,239.4800,12
40905500494437,11:21:45.500,239.4800,88
40921184329060,11:22:01.184,239.4800,60
40921184329060,11:22:01.184,239.4800,100
40921184329060,11:22:01.184,239.4800,200
40921184329060,11:22:01.184,239.4800,1
40921186701781,11:22:01.186,239.5200,128
40921186736577,11:22:01.186,239.5200,44
40921186758963,11:22:01.186,239.5200,128
40921726144808,11:22:01.726,239.5600,100
40930727085381,11:22:10.727,239.6100,100
40931162783787,11:22:11.162,239.6400,100
40940184712959,11:22:20.184,239.6400,42
40940184780569,11:22:20.184,239.6400,258
40940184780569,11:22:20.184,239.6400,42
40940185168867,11:22:20.185,239.6400,58
40940192254024,11:22:20.192,239.6500,5
40941316897335,11:22:21.316,239.6900,100
40944036521417,11:22:24.036,239.7300,100
40948289032968,11:22:28.289,239.8000,10
40948726999606,11:22:28.726,239.8700,100
40948730135913,11:22:28.730,239.9300,100
40948749406635,11:22:28.749,239.8800,6
40949160344865,11:22:29.160,239.9300,100
40950726912695,11:22:30.726,239.9900,38
40950727754569,11:22:30.727,240.0000,62
40952692206593,11:22:32.692,239.9900,200
40952692206593,11:22:32.692,240.0000,234
40954133268802,11:22:34.133,240.0000,25
40954133862892,11:22:34.133,240.0000,72
40954133949483,11:22:34.133,240.0000,1007
40954133949483,11:22:34.133,240.0000,300
40954133949483,11:22:34.133,240.0000,450
40954133949483,11:22:34.133,240.0000,250
40954133949483,11:22:34.133,240.0000,50
40954133949483,11:22:34.133,240.0000,28
40954133949483,11:22:34.133,240.0000,200
40954133949483,11:22:34.133,240.0000,23
40954134572969,11:22:34.134,239.9700,50
40954134723985,11:22:34.134,239.9400,10
40954134993316,11:22:34.134,239.9900,5
40954135344702,11:22:34.135,239.9900,5
40954135344702,11:22:34.135,239.9900,50
40955946181287,11:22:35.946,240.0900,100
40957577284510,11:22:37.577,239.9800,2
40957577284510,11:22:37.577,239.9800,100
40957577284510,11:22:37.577,239.9800,100
40957577386789,11:22:37.577,239.9800,100
40957577594221,11:22:37.577,239.9800,100
40957578584572,11:22:37.578,239.9800,100
40957579458369,11:22:37.579,239.9800,100
40957579528690,11:22:37.579,239.9800,44
40957579539829,11:22:37.579,239.9800,56
40957609046371,11:22:37.609,239.9700,100
40957609852050,11:22:37.609,239.9600,100
40957609852050,11:22:37.609,239.9500,100
40957610274868,11:22:37.610,239.9500,100
40957710646915,11:22:37.710,239.9800,100
40957711123260,11:22:37.711,239.9500,100
40962980772335,11:22:42.980,240.0900,5
40962980772335,11:22:42.980,240.1000,100
40962980772335,11:22:42.980,240.1000,100
40962980772335,11:22:42.980,240.1000,95
40965724132407,11:22:45.724,240.0500,10
40995570015956,11:23:15.570,240.1000,37
41000207784804,11:23:20.207,239.9800,100
41000207784804,11:23:20.207,239.9800,100
41000207784804,11:23:20.207,239.9800,100
41000209449249,11:23:20.209,239.9700,100
41000209449249,11:23:20.209,239.9700,100
41000209494955,11:23:20.209,239.9500,51
41000709329747,11:23:20.709,239.9950,100
41000709329747,11:23:20.709,239.9500,22
41003980295710,11:23:23.980,239.9600,19
41003980295710,11:23:23.980,239.9500,27
41003980295710,11:23:23.980,239.9500,54
41003980333426,11:23:23.980,240.0300,100
41012171527876,11:23:32.171,240.0700,95
41012171673420,11:23:32.171,240.0050,100
41012171916686,11:23:32.171,240.0700,5
41012171916686,11:23:32.171,240.0700,100
41012171916686,11:23:32.171,240.0700,100
41012323140413,11:23:32.323,240.1000,3
41015572964756,11:23:35.572,240.1000,60
41015572964756,11:23:35.572,240.1000,40
41023825084278,11:23:43.825,240.1000,60
41033343660595,11:23:53.343,240.1100,100
41033343721669,11:23:53.343,240.0900,100
41033344305885,11:23:53.344,240.0900,100
41033345652892,11:23:53.345,240.0900,100
41035461071099,11:23:55.461,240.1000,15
41041894735500,11:24:01.894,240.0600,100
41041894735500,11:24:01.894,240.0600,100
41041896258685,11:24:01.896,240.0300,100
41041896258685,11:24:01.896,240.0300,195
41041896288310,11:24:01.896,240.0300,93
41041896834029,11:24:01.896,240.0100,100
41041900236570,11:24:01.900,240.0100,100
41042561427768,11:24:02.561,240.1100,100
41042646067836,11:24:02.646,240.1400,94
41044260416548,11:24:04.260,240.1400,6
41051910228871,11:24:11.910,240.2200,1
41058703083527,11:24:18.703,240.2200,5
41075018677746,11:24:35.018,240.2000,10
41082046426681,11:24:42.046,240.2000,10
41089049609781,11:24:49.049,240.2000,10
41096684714922,11:24:56.684,240.1300,33
41096684714922,11:24:56.684,240.1300,67
41098416530254,11:24:58.416,240.1300,33
41098416530254,11:24:58.416,240.1300,100
41098416530254,11:24:58.416,240.1300,38
41098416573726,11:24:58.416,240.1300,62
41098416573726,11:24:58.416,240.1300,37
41098416983133,11:24:58.416,240.1000,3
41098417249063,11:24:58.417,240.1000,97
41139762868654,11:25:39.762,240.1400,3
41139762885274,11:25:39.762,240.0950,100
41139762907180,11:25:39.762,240.1400,97
41139780352883,11:25:39.780,240.1100,50
41139780476109,11:25:39.780,240.1400,50
41186417164983,11:26:26.417,240.1300,100
41187165090956,11:26:27.165,240.1900,100
41187165090956,11:26:27.165,240.1900,1
41187165130981,11:26:27.165,240.2000,15
41187165828128,11:26:27.165,240.2200,10
41189005641371,11:26:29.005,240.1800,124
41223535310882,11:27:03.535,240.1800,42
41255257046625,11:27:35.257,240.1700,50
41267536550982,11:27:47.536,240.2350,100
41267536585529,11:27:47.536,240.3000,30
41267536585529,11:27:47.536,240.3000,18
41267536585529,11:27:47.536,240.3000,100
41272465228090,11:27:52.465,240.3800,5
41288635200388,11:28:08.635,240.5000,49
41290839933660,11:28:10.839,240.4400,15
41305123193478,11:28:25.123,240.5000,20
41305123193478,11:28:25.123,240.5200,2
41305151178563,11:28:25.151,240.5200,192
41305151178563,11:28:25.151,240.5200,8
41311190484461,11:28:31.190,240.6500,100
41314903036786,11:28:34.903,240.6000,200
41314903036786,11:28:34.903,240.5900,100
41314903036786,11:28:34.903,240.5900,84
41314903849957,11:28:34.903,240.5900,100
41314903857098,11:28:34.903,240.5900,16
41314903857098,11:28:34.903,240.5900,40
41314903987866,11:28:34.903,240.5900,60
41314903987866,11:28:34.903,240.5900,13
41314903993014,11:28:34.903,240.5900,11
41314904009273,11:28:34.904,240.5900,76
41318919342556,11:28:38.919,240.5600,100
41318919361569,11:28:38.919,240.5600,100
41318919990751,11:28:38.919,240.5500,67
41318920393688,11:28:38.920,240.5300,100
41318920393688,11:28:38.920,240.5200,28
41318920455946,11:28:38.920,240.5200,100
41318920469659,11:28:38.920,240.5200,100
41319177983992,11:28:39.177,240.5600,95
41319971530503,11:28:39.971,240.5600,105
41319971530503,11:28:39.971,240.5600,100
41327859951448,11:28:47.859,240.6100,30
41330986538073,11:28:50.986,240.5200,100
41334029515187,11:28:54.029,240.5850,100
41342182897343,11:29:02.182,240.5100,19
41342182897343,11:29:02.182,240.5100,3
41342182897343,11:29:02.182,240.5100,78
41342182996556,11:29:02.182,240.5100,22
41342212350285,11:29:02.212,240.5200,100
41342581307029,11:29:02.581,240.5400,5
41346368244522,11:29:06.368,240.6200,100
41346368347226,11:29:06.368,240.6200,41
41346368512139,11:29:06.368,240.6200,59
41346368512139,11:29:06.368,240.6100,141
41346369096542,11:29:06.369,240.6100,31
41346369433740,11:29:06.369,240.6100,28
41346369433740,11:29:06.369,240.6100,50
41346369433740,11:29:06.369,240.6100,100
41346369468239,11:29:06.369,240.6100,22
41346369487289,11:29:06.369,240.6100,22
41346369513470,11:29:06.369,240.6100,28
41354132377539,11:29:14.132,240.6500,100
41354329407752,11:29:14.329,240.6100,20
41354330066378,11:29:14.330,240.6000,300
41354330712169,11:29:14.330,240.5900,54
41354330741799,11:29:14.330,240.5900,46
41356592690099,11:29:16.592,240.5200,100
41358521124217,11:29:18.521,240.4800,23
41360104485268,11:29:20.104,240.5200,100
41362239858153,11:29:22.239,240.4800,77
41365260299244,11:29:25.260,240.5900,200
41365261680235,11:29:25.261,240.6000,100
41393559606391,11:29:53.559,240.6000,100
41396377856467,11:29:56.377,240.6300,42
41396385408670,11:29:56.385,240.6300,10
41400316638500,11:30:00.316,240.5800,64
41407684664021,11:30:07.684,240.5700,100
41409028775672,11:30:09.028,240.5500,100
41409028775672,11:30:09.028,240.5500,100
41409029669293,11:30:09.029,240.5200,100
41433387686074,11:30:33.387,240.4800,149
41433387710813,11:30:33.387,240.4800,151
41433387710813,11:30:33.387,240.4800,34
41433387744535,11:30:33.387,240.4800,66
41433387744535,11:30:33.387,240.4800,100
41433391330079,11:30:33.391,240.4700,5
41436263282829,11:30:36.263,240.4000,100
41440093279945,11:30:40.093,240.3300,20
41440093315674,11:30:40.093,240.3300,80
41440093315674,11:30:40.093,240.3300,100
41458101809233,11:30:58.101,240.3500,54
41461441186664,11:31:01.441,240.4000,1
41461441186664,11:31:01.441,240.4000,100
41461441186664,11:31:01.441,240.4000,93
41461441188718,11:31:01.441,240.4000,7
41461441188718,11:31:01.441,240.4000,43
41461441191664,11:31:01.441,240.4000,57
41461444017779,11:31:01.444,240.4100,23
41485121889906,11:31:25.121,240.4300,100
41485147120700,11:31:25.147,240.4200,100
41485147513691,11:31:25.147,240.4200,100
41491013053291,11:31:31.013,240.4650,100
41497998667714,11:31:37.998,240.4600,100
41497998668212,11:31:37.998,240.4600,100
41498004497436,11:31:38.004,240.5000,100
41498004497436,11:31:38.004,240.5100,100
41498004525702,11:31:38.004,240.5100,100
41498005051371,11:31:38.005,240.5100,200
41498067640524,11:31:38.067,240.5100,2
41498639010482,11:31:38.639,240.6100,8
41502796111539,11:31:42.796,240.6300,100
41502797687716,11:31:42.797,240.6300,100
41570184973666,11:32:50.184,240.5900,100
41570184973666,11:32:50.184,240.5900,100
41570668948190,11:32:50.668,240.5700,100
41570669058269,11:32:50.669,240.5600,48
41570669248569,11:32:50.669,240.5600,52
41570669252333,11:32:50.669,240.5500,17
41570669450990,11:32:50.669,240.5500,83
41570669450990,11:32:50.669,240.5500,17
41570669777938,11:32:50.669,240.5500,125
41570670410690,11:32:50.670,240.5500,158
41570671866071,11:32:50.671,240.5500,100
41570696689386,11:32:50.696,240.5300,100
41570696738985,11:32:50.696,240.5100,100
41570696738985,11:32:50.696,240.5100,100
41570697198363,11:32:50.697,240.4900,100
41570755410236,11:32:50.755,240.5500,100
41576419261274,11:32:56.419,240.5700,2
41576419261274,11:32:56.419,240.5700,31
41594344003318,11:33:14.344,240.5900,100
41607514963189,11:33:27.514,240.5100,99
41607515344138,11:33:27.515,240.5100,30
41607515370527,11:33:27.515,240.5100,271
41615528385196,11:33:35.528,240.5800,100
41615528385196,11:33:35.528,240.5800,100
41615529529047,11:33:35.529,240.5900,100
41625529194994,11:33:45.529,240.5750,100
41659271274815,11:34:19.271,240.6400,52
41659271292044,11:34:19.271,240.6400,48
41659271292044,11:34:19.271,240.6400,1
41659275597125,11:34:19.275,240.6500,100
41659277286373,11:34:19.277,240.6500,29
41667781586179,11:34:27.781,240.7000,100
41667781586179,11:34:27.781,240.7000,100
41667782435653,11:34:27.782,240.7200,100
41667831050132,11:34:27.831,240.7700,25
41676256006461,11:34:36.256,240.7800,52
41676256106715,11:34:36.256,240.7800,48
41676256106715,11:34:36.256,240.7800,100
41676258710369,11:34:36.258,240.7800,100
41770699608787,11:36:10.699,240.7750,100
41771391114524,11:36:11.391,240.7950,100
41771391118943,11:36:11.391,240.7600,100
41771391175605,11:36:11.391,240.7600,100
41771391539263,11:36:11.391,240.7600,42
41771391563549,11:36:11.391,240.7500,66
41771391598679,11:36:11.391,240.7500,34
41771391621513,11:36:11.391,240.7700,200
41771391621513,11:36:11.391,240.7700,59
41771393076788,11:36:11.393,240.7600,200
41771414752792,11:36:11.414,240.7500,50
41771572207095,11:36:11.572,240.7500,9
41772719665262,11:36:12.719,240.8300,2
41772719665262,11:36:12.719,240.8300,98
41784310048193,11:36:24.310,240.8300,2
41784310110536,11:36:24.310,240.8300,100
41789780784603,11:36:29.780,240.8150,100
41789780784603,11:36:29.780,240.7600,10
41791800280268,11:36:31.800,240.7600,50
41791800468348,11:36:31.800,240.7600,2
41794189833621,11:36:34.189,240.8150,100
41794189833621,11:36:34.189,240.7600,100
41794432572522,11:36:34.432,240.7500,37
41794432602405,11:36:34.432,240.7500,63
41794434459213,11:36:34.434,240.7500,100
41795061096889,11:36:35.061,240.7500,100
41801162563102,11:36:41.162,240.7200,100
41801162563102,11:36:41.162,240.7200,100
41801164476739,11:36:41.164,240.6600,100
41801164476739,11:36:41.164,240.6600,100
41801164476739,11:36:41.164,240.6600,100
41804186385114,11:36:44.186,240.6300,100
41804186409434,11:36:44.186,240.6300,100
41804186524141,11:36:44.186,240.6300,95
41804186528033,11:36:44.186,240.6300,5
41804186951565,11:36:44.186,240.6100,53
41804187355025,11:36:44.187,240.6100,47
41824780625737,11:37:04.780,240.5700,100
41824780625737,11:37:04.780,240.5700,100
41824781649732,11:37:04.781,240.5500,100
41824781656449,11:37:04.781,240.5500,100
41824781714511,11:37:04.781,240.5500,200
41824782320629,11:37:04.782,240.5500,64
41827095469143,11:37:07.095,240.5100,50
41827293275650,11:37:07.293,240.5700,100
41827293300764,11:37:07.293,240.5700,100
41857014273743,11:37:37.014,240.6000,100
41861298446784,11:37:41.298,240.7200,100
41867966835554,11:37:47.966,240.7700,159
41867966835554,11:37:47.966,240.7700,35
41867968442778,11:37:47.968,240.7600,100
41874582242804,11:37:54.582,240.7700,100
41876745796513,11:37:56.745,240.6900,1
41884688025121,11:38:04.688,240.6900,50
41884688477392,11:38:04.688,240.6900,49
41884688477392,11:38:04.688,240.6900,100
41884688477392,11:38:04.688,240.6900,27
41902189176712,11:38:22.189,240.7050,100
41923044798898,11:38:43.044,240.6600,80
41944549127223,11:39:04.549,240.6600,220
41944549127223,11:39:04.549,240.6600,100
41944549127223,11:39:04.549,240.6600,80
41944549307129,11:39:04.549,240.6600,20
41944550543247,11:39:04.550,240.6300,100
41945020168948,11:39:05.020,240.6300,25
41946688640272,11:39:06.688,240.6300,75
41946688640272,11:39:06.688,240.6300,100
41946689335311,11:39:06.689,240.6000,100
41948574648341,11:39:08.574,240.5900,100
41948577121694,11:39:08.577,240.5700,5
41949891520969,11:39:09.891,240.5400,100
41949891859228,11:39:09.891,240.5400,4
41951319099528,11:39:11.319,240.5100,47
41954704508550,11:39:14.704,240.5400,100
41955580769084,11:39:15.580,240.5900,55
41955580773407,11:39:15.580,240.5900,45
41968993920070,11:39:28.993,240.6500,1
41968993920070,11:39:28.993,240.6500,14
41980008110599,11:39:40.008,240.6500,50
42023844809564,11:40:23.844,240.5750,100
42023844852956,11:40:23.844,240.6400,1
42023844852956,11:40:23.844,240.6400,4
42023845114765,11:40:23.845,240.6400,96
42023846177663,11:40:23.846,240.6500,100
42023847171092,11:40:23.847,240.6700,100
42026350099876,11:40:26.350,240.7400,3
42032498756479,11:40:32.498,240.7400,97
42032498756479,11:40:32.498,240.7400,3
42052072124347,11:40:52.072,240.7400,43
42052072124347,11:40:52.072,240.7400,53
42052072124347,11:40:52.072,240.7400,100
42052072124347,11:40:52.072,240.7400,123
42052073079174,11:40:52.073,240.7700,100
42052536444566,11:40:52.536,240.8600,100
42054428937784,11:40:54.428,240.8550,100
42054428974234,11:40:54.428,240.8200,100
42054428974234,11:40:54.428,240.8200,100
42074401546130,11:41:14.401,240.8800,100
42112532542867,11:41:52.532,240.9100,100
42112532542867,11:41:52.532,240.9100,100
42113581680012,11:41:53.581,240.9200,100
42114099511240,11:41:54.099,240.9800,100
42114105294220,11:41:54.105,240.9600,68
42114600858873,11:41:54.600,240.9600,32
42114600858873,11:41:54.600,240.9600,68
42117924014062,11:41:57.924,240.9900,100
42117924611027,11:41:57.924,241.0200,100
42119581735174,11:41:59.581,241.1300,5
42140821011291,11:42:20.821,241.0600,50
42140821336580,11:42:20.821,241.0600,50
42140821336580,11:42:20.821,241.0600,50
42140821367211,11:42:20.821,241.0600,50
42140821367211,11:42:20.821,241.0600,100
42140821377988,11:42:20.821,241.0600,100
42140821388538,11:42:20.821,241.0600,100
42140822032755,11:42:20.822,241.0600,100
42140823141975,11:42:20.823,241.0500,90
42140823176056,11:42:20.823,241.0500,10
42140826191358,11:42:20.826,241.0100,100
42140839412430,11:42:20.839,241.0600,100
42140839843771,11:42:20.839,241.0100,100
42148801129296,11:42:28.801,240.9900,100
42164660594298,11:42:44.660,241.0050,100
42164758653668,11:42:44.758,241.0600,2
42164758653668,11:42:44.758,241.0600,100
42174886248102,11:42:54.886,241.1200,77
42174886370342,11:42:54.886,241.1200,100
42174886372065,11:42:54.886,241.1200,23
42174887156904,11:42:54.887,241.1300,100
42185225440009,11:43:05.225,241.1500,100
42185225991328,11:43:05.225,241.1500,100
42247286362547,11:44:07.286,241.1850,100
42247286362547,11:44:07.286,241.1300,74
42247286424890,11:44:07.286,241.1300,26
42247286424890,11:44:07.286,241.1300,74
42247286426402,11:44:07.286,241.1300,26
42247286426402,11:44:07.286,241.1300,100
42247286866613,11:44:07.286,241.1200,100
42247286921962,11:44:07.286,241.1200,50
42247286923517,11:44:07.286,241.1200,50
42247286923517,11:44:07.286,241.1200,9
42247287218297,11:44:07.287,241.1200,50
42247287241026,11:44:07.287,241.1200,41
42247287241026,11:44:07.287,241.1200,35
42247287249247,11:44:07.287,241.1200,50
42247287537251,11:44:07.287,241.1300,100
42247287674271,11:44:07.287,241.1200,15
42247772595587,11:44:07.772,241.0700,100
42247772595587,11:44:07.772,241.0700,100
42247776159642,11:44:07.776,241.0500,41
42247776185033,11:44:07.776,241.0500,59
42247776188988,11:44:07.776,241.0500,59
42247776205608,11:44:07.776,241.0500,41
42247776611201,11:44:07.776,241.0400,100
42249688722516,11:44:09.688,241.0300,100
42249688754301,11:44:09.688,241.0200,30
42249689882781,11:44:09.689,240.9800,100
42249689884806,11:44:09.689,240.9800,100
42251312607075,11:44:11.312,240.9100,100
42251312844174,11:44:11.312,240.9000,100
42251315668792,11:44:11.315,240.8900,100
42258567378693,11:44:18.567,240.7600,2
42260048533377,11:44:20.048,240.7400,100
42260048533377,11:44:20.048,240.8100,100
42265922868826,11:44:25.922,240.7800,100
42265922868826,11:44:25.922,240.7800,100
42266773435145,11:44:26.773,240.8200,100
42273567867135,11:44:33.567,240.8600,100
42273567867135,11:44:33.567,240.8600,100
42292800424079,11:44:52.800,240.9100,100
42321110986307,11:45:21.110,240.9900,90
42321111028938,11:45:21.111,240.9900,10
42326091115857,11:45:26.091,241.0000,100
42333100445895,11:45:33.100,241.0350,100
42333105028910,11:45:33.105,240.9900,100
42335809533594,11:45:35.809,241.0000,100
42335816958278,11:45:35.816,241.0000,100
42335817445617,11:45:35.817,240.9900,100
42335817838724,11:45:35.817,240.9900,9
42340248140488,11:45:40.248,241.0700,3
42357313433860,11:45:57.313,241.0350,100
42357324987278,11:45:57.324,240.9900,16
42357325144717,11:45:57.325,240.9900,75
42357325144717,11:45:57.325,240.9900,25
42357325549691,11:45:57.325,240.9900,75
42357325549691,11:45:57.325,240.9900,25
42357325552878,11:45:57.325,240.9900,75
42364455051674,11:46:04.455,241.0400,1
42364455161986,11:46:04.455,241.0400,13
42364455573504,11:46:04.455,241.0800,104
42364455573504,11:46:04.455,241.0800,100
42371876507648,11:46:11.876,241.1300,64
42371876507648,11:46:11.876,241.1300,36
42371876613008,11:46:11.876,241.1300,264
42371876613008,11:46:11.876,241.1300,36
42371876643761,11:46:11.876,241.1300,100
42372020496456,11:46:12.020,241.1300,300
42372020534885,11:46:12.020,241.1300,100
42372020535554,11:46:12.020,241.1300,100
42372683690870,11:46:12.683,241.1050,100
42373087909593,11:46:13.087,241.1000,100
42373087909593,11:46:13.087,241.1000,100
42373088840788,11:46:13.088,241.0800,100
42373088840788,11:46:13.088,241.0800,100
42373300161687,11:46:13.300,241.0400,100
42377423164041,11:46:17.423,240.9800,47
42377423674741,11:46:17.423,240.9800,53
42382999583904,11:46:22.999,240.9800,100
42382999744213,11:46:22.999,240.9900,2
42389183214796,11:46:29.183,240.9000,100
42389185752374,11:46:29.185,240.8600,100
42391280713058,11:46:31.280,240.8600,100
42393827350146,11:46:33.827,240.8900,100
42406687176132,11:46:46.687,241.0400,100
42419031505934,11:46:59.031,240.9800,100
42419031505934,11:46:59.031,240.9700,300
42419031505934,11:46:59.031,240.9700,100
42419031508138,11:46:59.031,240.9700,100
42419031662385,11:46:59.031,240.9700,56
42419031930763,11:46:59.031,240.9700,44
42419034094241,11:46:59.034,240.9000,100
42419057470732,11:46:59.057,240.8400,100
42448893648680,11:47:28.893,240.9350,100
42475495056246,11:47:55.495,241.0100,100
42475495056246,11:47:55.495,241.0100,100
42475515965775,11:47:55.515,240.9600,100
42475515965775,11:47:55.515,240.9600,100
42487914427225,11:48:07.914,241.0000,100
42511355110322,11:48:31.355,240.9200,100
42511355110322,11:48:31.355,240.9000,100
42511355151433,11:48:31.355,240.9000,54
42511355493889,11:48:31.355,240.9000,44
42511356049112,11:48:31.356,240.9000,2
42529682802886,11:48:49.682,240.9450,100
42529682802886,11:48:49.682,240.9000,200
42535016167268,11:48:55.016,240.9000,100
42535019042398,11:48:55.019,240.9100,25
42539595618339,11:48:59.595,240.8700,25
42539596189115,11:48:59.596,240.8600,100
42539596189115,11:48:59.596,240.8600,100
42566281650309,11:49:26.281,240.8450,100
42566565188449,11:49:26.565,240.9000,35
42566565223317,11:49:26.565,240.9000,65
42566565223317,11:49:26.565,240.9000,1
42566565514500,11:49:26.565,240.9000,9
42577296048213,11:49:37.296,240.9700,100
42595366190959,11:49:55.366,240.9400,100
42595367712225,11:49:55.367,240.9900,23
42595367712225,11:49:55.367,240.9900,100
42595367712225,11:49:55.367,240.9900,100
42595367755962,11:49:55.367,241.0000,100
42595377030223,11:49:55.377,241.0400,100
42600284340366,11:50:00.284,241.0450,100
42600284340366,11:50:00.284,241.0000,100
42600284340366,11:50:00.284,241.0000,50
42651378174121,11:50:51.378,241.0900,1
42669768627216,11:51:09.768,241.0500,26
42669768627216,11:51:09.768,241.0500,200
