timestamp,time,price,volume
33589996376638,09:19:49.996,28.6300,5
34200944443647,09:30:00.944,0.0000,0
34209362541209,09:30:09.362,28.6100,100
34209362541209,09:30:09.362,28.6100,300
34393335890643,09:33:13.335,28.6000,400
34503144417108,09:35:03.144,28.5900,100
34503144417108,09:35:03.144,28.5900,100
34523895965390,09:35:23.895,28.5900,100
35032168111453,09:43:52.168,28.5900,100
35032168696404,09:43:52.168,28.5900,100
35032168736739,09:43:52.168,28.5900,87
35330721982001,09:48:50.721,28.5700,100
35336289296819,09:48:56.289,28.5700,200
35485650459090,09:51:25.650,28.5900,200
35485650459090,09:51:25.650,28.5900,100
35508959100611,09:51:48.959,28.5900,100
35508959100611,09:51:48.959,28.5900,200
35508959100611,09:51:48.959,28.5900,100
35508959100611,09:51:48.959,28.5900,100
35569407982812,09:52:49.407,28.5800,100
35639119444870,09:53:59.119,28.5800,10
36160248390779,10:02:40.248,28.5500,100
36206092165331,10:03:26.092,28.5400,200
36537397669874,10:08:57.397,28.5300,200
36591852655789,10:09:51.852,28.5300,43
36591852910269,10:09:51.852,28.5300,43
36840275153916,10:14:00.275,28.5500,100
37032143495356,10:17:12.143,28.5300,100
37032143495356,10:17:12.143,28.5300,200
37510269677673,10:25:10.269,28.5500,100
37510269760201,10:25:10.269,28.5500,100
37799334242092,10:29:59.334,28.5600,200
37799334242092,10:29:59.334,28.5600,100
37931191002672,10:32:11.191,28.5500,100
38086834518240,10:34:46.834,28.5600,300
38224544768367,10:37:04.544,28.5650,100
38224550290382,10:37:04.550,28.5650,100
38527099769172,10:42:07.099,28.5600,200
38527099769172,10:42:07.099,28.5600,100
38527099769172,10:42:07.099,28.5600,300
38637210822051,10:43:57.210,28.5600,300
38762355480228,10:46:02.355,28.5850,100
38884289177225,10:48:04.289,28.5750,100
38884289177225,10:48:04.289,28.5750,100
39037480866912,10:50:37.480,28.5700,100
39573394534542,10:59:33.394,28.5900,50
39573394664203,10:59:33.394,28.5900,250
39611608862898,11:00:11.608,28.6000,100
39611608862898,11:00:11.608,28.6000,300
39644459989013,11:00:44.459,28.5900,100
39644460110764,11:00:44.460,28.5900,100
40081994911654,11:08:01.994,28.5900,100
40196281882571,11:09:56.281,28.5900,300
40196281882571,11:09:56.281,28.5900,100
40281445119696,11:11:21.445,28.5900,43
40342167647721,11:12:22.167,28.6000,100
40342167647721,11:12:22.167,28.6000,142
40342168307721,11:12:22.168,28.6000,37
40451648254761,11:14:11.648,28.6000,50
40451648906068,11:14:11.648,28.6000,300
40692583089019,11:18:12.583,28.6050,100
41119892431620,11:25:19.892,28.5900,147
41244203981593,11:27:24.203,28.5900,57
41244204278727,11:27:24.204,28.5900,43
41362696570718,11:29:22.696,28.6000,121
41789843358368,11:36:29.843,28.6600,100
41948325307719,11:39:08.325,28.6500,100
43265469458955,12:01:05.469,28.6700,100
43265469517570,12:01:05.469,28.6700,100
43394785259655,12:03:14.785,28.6700,100
43394785259655,12:03:14.785,28.6700,100
43883449994255,12:11:23.449,28.6700,1
44565252900685,12:22:45.252,28.6600,300
44889562245931,12:28:09.562,28.6500,100
44889562245931,12:28:09.562,28.6500,50
45449186783505,12:37:29.186,28.6500,100
46083067731950,12:48:03.067,28.6600,500
46083067731950,12:48:03.067,28.6600,200
46083067731950,12:48:03.067,28.6600,100
46231839218105,12:50:31.839,28.6600,100
46231839218105,12:50:31.839,28.6600,300
46331952565671,12:52:11.952,28.6600,100
46519695657174,12:55:19.695,28.6600,200
46534329871028,12:55:34.329,28.6500,149
46740980703703,12:59:00.980,28.6500,151
47705548454690,13:15:05.548,28.6500,4
49510279760308,13:45:10.279,28.6300,300
50034391720557,13:53:54.391,28.6300,400
50408024267752,14:00:08.024,28.6800,100
50408024678866,14:00:08.024,28.6800,100
50408024777035,14:00:08.024,28.6800,1000
50408024777035,14:00:08.024,28.6800,300
50408024882589,14:00:08.024,28.6800,100
50408024889798,14:00:08.024,28.6800,100
50409006910626,14:00:09.006,28.6800,600
50411055789471,14:00:11.055,28.7000,100
50411056197891,14:00:11.056,28.7000,100
50411056550416,14:00:11.056,28.7000,100
50411056610952,14:00:11.056,28.7000,100
50411880182420,14:00:11.880,28.7000,100
50411880182420,14:00:11.880,28.7000,26
50411880261300,14:00:11.880,28.7000,100
50412064754407,14:00:12.064,28.7000,117
50412571717498,14:00:12.571,28.6950,100
50412582488513,14:00:12.582,28.6950,100
50413017249613,14:00:13.017,28.7000,157
50413312685379,14:00:13.312,28.7300,100
50413313064526,14:00:13.313,28.7300,400
50418462447192,14:00:18.462,28.7200,100
50418462890460,14:00:18.462,28.7200,200
50418462907319,14:00:18.462,28.7200,100
50420180036288,14:00:20.180,28.7300,100
50420180112477,14:00:20.180,28.7300,100
50420181004908,14:00:20.181,28.7400,400
50420183061023,14:00:20.183,28.7400,400
50424639714190,14:00:24.639,28.7200,100
50572020684159,14:02:52.020,28.7200,100
50660657894193,14:04:20.657,28.7600,100
50773532472490,14:06:13.532,28.7700,100
51011356484028,14:10:11.356,28.7800,100
51011356484028,14:10:11.356,28.7900,100
51011356484028,14:10:11.356,28.7900,100
51011356484028,14:10:11.356,28.7900,100
51011357601698,14:10:11.357,28.7900,100
51011357601698,14:10:11.357,28.7900,100
51011357601698,14:10:11.357,28.7900,100
51028029818498,14:10:28.029,28.7950,100
51028029818498,14:10:28.029,28.8000,100
51028029818498,14:10:28.029,28.8000,300
51061138204084,14:11:01.138,28.8000,100
51061138204084,14:11:01.138,28.8000,100
51061138204084,14:11:01.138,28.8000,9
51061138441995,14:11:01.138,28.8000,91
51061138441995,14:11:01.138,28.8000,100
51176968466111,14:12:56.968,28.8300,300
51207399169925,14:13:27.399,28.8300,500
51242889167577,14:14:02.889,28.8300,300
51300289859899,14:15:00.289,28.8400,600
51300289859899,14:15:00.289,28.8400,100
51300531234104,14:15:00.531,28.8400,43
51427060391018,14:17:07.060,28.8400,300
51429661260545,14:17:09.661,28.8500,271
51435313326666,14:17:15.313,28.8500,300
51546941134353,14:19:06.941,28.8500,300
51673719802737,14:21:13.719,28.8700,51
51676855421636,14:21:16.855,28.8700,149
51676855421636,14:21:16.855,28.8700,100
51676855421636,14:21:16.855,28.8700,100
51841846282616,14:24:01.846,28.9000,10
52275210632233,14:31:15.210,28.8700,1
52275211278196,14:31:15.211,28.8700,1
52275211357470,14:31:15.211,28.8700,1
52275214727256,14:31:15.214,28.8700,1
52275225236053,14:31:15.225,28.8700,1
52709809162989,14:38:29.809,28.9100,100
52709809162989,14:38:29.809,28.9100,300
52780993159770,14:39:40.993,28.9100,100
52780993880449,14:39:40.993,28.9100,100
52916141778435,14:41:56.141,28.9200,1
53032612895321,14:43:52.612,28.9200,100
53190689188370,14:46:30.689,28.9400,200
53190689188370,14:46:30.689,28.9400,300
53464192576515,14:51:04.192,28.9100,100
53589020843771,14:53:09.020,28.9200,100
53630536548153,14:53:50.536,28.9300,100
53630537169952,14:53:50.537,28.9300,100
53630537169952,14:53:50.537,28.9300,100
53630537169952,14:53:50.537,28.9300,100
53630537169952,14:53:50.537,28.9300,100
53630537169952,14:53:50.537,28.9300,100
53630537169952,14:53:50.537,28.9300,300
53630537350847,14:53:50.537,28.9300,100
53804831631541,14:56:44.831,28.9500,100
53804831631541,14:56:44.831,28.9500,100
53804831631541,14:56:44.831,28.9500,100
53804831631541,14:56:44.831,28.9500,100
53804831631541,14:56:44.831,28.9500,100
53804831631541,14:56:44.831,28.9500,300
53804831631541,14:56:44.831,28.9500,100
53804831631541,14:56:44.831,28.9500,500
53832842163280,14:57:12.842,28.9400,436
53832842177545,14:57:12.842,28.9400,441
53832842221638,14:57:12.842,28.9400,1423
53857132574999,14:57:37.132,28.9300,404
53965208979987,14:59:25.208,28.9500,100
53965208979987,14:59:25.208,28.9500,100
54080148735969,15:01:20.148,28.9400,200
54080148815658,15:01:20.148,28.9400,100
54093679534820,15:01:33.679,28.9400,100
54390777022139,15:06:30.777,28.9200,100
54431872105187,15:07:11.872,28.9200,400
54431872105187,15:07:11.872,28.9200,400
54665854861905,15:11:05.854,28.8900,300
54742832441461,15:12:22.832,28.8900,100
54756589113363,15:12:36.589,28.8900,100
54756589113363,15:12:36.589,28.8900,100
54793961839397,15:13:13.961,28.8900,300
54921967913329,15:15:21.967,28.8800,100
55097323468330,15:18:17.323,28.8900,289
55097323500616,15:18:17.323,28.8900,111
55190948130843,15:19:50.948,28.8800,100
55190948130843,15:19:50.948,28.8800,300
55190948130843,15:19:50.948,28.8800,100
55552379475163,15:25:52.379,28.8700,300
55552379475163,15:25:52.379,28.8700,400
55657422049034,15:27:37.422,28.8700,100
55673249550785,15:27:53.249,28.8800,100
55804461087419,15:30:04.461,28.8600,30
55895756401524,15:31:35.756,28.8600,100
56481339214826,15:41:21.339,28.8450,100
56498841232217,15:41:38.841,28.8400,1100
56926392306663,15:48:46.392,28.8500,19
56926392309254,15:48:46.392,28.8500,281
56926392309254,15:48:46.392,28.8500,19
56926392383501,15:48:46.392,28.8500,300
56926392447986,15:48:46.392,28.8500,181
57010596997832,15:50:10.596,28.8450,500
57010596997832,15:50:10.596,28.8400,300
57010596997832,15:50:10.596,28.8400,268
57015062619823,15:50:15.062,28.8400,100
57018565533164,15:50:18.565,28.8400,132
57018565533164,15:50:18.565,28.8400,68
57018565538346,15:50:18.565,28.8400,32
57074408924926,15:51:14.408,28.8400,500
57161102220989,15:52:41.102,28.8300,500
57300082607565,15:55:00.082,28.8100,300
57300082607565,15:55:00.082,28.8100,100
57300082607565,15:55:00.082,28.8100,500
57358502962831,15:55:58.502,28.8200,200
57358502962831,15:55:58.502,28.8200,300
57358502962831,15:55:58.502,28.8200,500
57358503645110,15:55:58.503,28.8200,100
57360704443842,15:56:00.704,28.8100,100
57360704443842,15:56:00.704,28.8100,200
57360704443842,15:56:00.704,28.8100,500
57360704443842,15:56:00.704,28.8100,200
57360704443842,15:56:00.704,28.8100,200
57360704856547,15:56:00.704,28.8100,100
57360704856547,15:56:00.704,28.8100,100
57360704908969,15:56:00.704,28.8100,100
57361075670516,15:56:01.075,28.8100,200
57361075670516,15:56:01.075,28.8100,400
57361075670516,15:56:01.075,28.8100,400
57361075670516,15:56:01.075,28.8100,500
57361075670516,15:56:01.075,28.8100,100
57361075670516,15:56:01.075,28.8100,100
57361075670516,15:56:01.075,28.8100,200
57361075670516,15:56:01.075,28.8100,200
57361075670516,15:56:01.075,28.8100,100
57361075670516,15:56:01.075,28.8100,100
57361076713029,15:56:01.076,28.8100,100
57361076713029,15:56:01.076,28.8100,200
57361076713029,15:56:01.076,28.8100,96
57361665175456,15:56:01.665,28.8100,900
57361665175456,15:56:01.665,28.8100,400
57361665175456,15:56:01.665,28.8100,500
57361665175456,15:56:01.665,28.8100,100
57361665175456,15:56:01.665,28.8100,200
57361665175456,15:56:01.665,28.8100,200
57361665175456,15:56:01.665,28.8100,200
57361665175456,15:56:01.665,28.8100,100
57361665175456,15:56:01.665,28.8100,300
57361992545537,15:56:01.992,28.8100,400
57362409036075,15:56:02.409,28.8100,900
57362409036075,15:56:02.409,28.8100,400
57362409036075,15:56:02.409,28.8100,500
57362409036075,15:56:02.409,28.8100,100
57362409358945,15:56:02.409,28.8100,100
57362409358945,15:56:02.409,28.8100,200
57490135027061,15:58:10.135,28.8150,116
57490135027061,15:58:10.135,28.8100,200
57490135027061,15:58:10.135,28.8100,400
57490135027061,15:58:10.135,28.8100,600
57497318634333,15:58:17.318,28.8100,51
57497318760336,15:58:17.318,28.8100,49
57497318760336,15:58:17.318,28.8100,100
57497318760336,15:58:17.318,28.8100,100
57497318760336,15:58:17.318,28.8100,100
57588001028240,15:59:48.001,28.8000,300
57588001028240,15:59:48.001,28.8000,500
57588001028240,15:59:48.001,28.8000,400
57588001028240,15:59:48.001,28.8000,55
57598006150409,15:59:58.006,28.8000,200
57600367739650,16:00:00.367,0.0000,0
