timestamp,time,price,volume
14449288779954,04:00:49.288,1063.3500,10
21225643398718,05:53:45.643,1065.0000,1
21903594039842,06:05:03.594,1065.8200,19
26351485635346,07:19:11.485,1068.6600,5
28153290282850,07:49:13.290,1067.0000,50
28228153103978,07:50:28.153,1067.9900,50
28228153103978,07:50:28.153,1068.7400,50
28437670722079,07:53:57.670,1067.0600,15
29139434630731,08:05:39.434,1067.0600,15
29867249696028,08:17:47.249,1069.0000,9
29997263683382,08:19:57.263,1068.0800,11
30005481742427,08:20:05.481,1068.0800,11
30034737047382,08:20:34.737,1068.1600,2
30034737047382,08:20:34.737,1068.0600,8
30042352142498,08:20:42.352,1068.0800,10
30042352512700,08:20:42.352,1068.0800,10
30225021648343,08:23:45.021,1067.0700,10
30232621691300,08:23:52.621,1068.4400,11
30789627157496,08:33:09.627,1067.1700,1
31046139104684,08:37:26.139,1067.1700,21
31046139104684,08:37:26.139,1067.0700,89
31708767860438,08:48:28.767,1067.9500,10
31708767861766,08:48:28.767,1067.9500,10
31708768237102,08:48:28.768,1067.9500,10
31708768606614,08:48:28.768,1067.9500,10
31708768978279,08:48:28.768,1067.9500,10
31734995069034,08:48:54.995,1068.5500,10
31798584818014,08:49:58.584,1067.2500,29
31929869637888,08:52:09.869,1068.9300,10
31929869637888,08:52:09.869,1069.0200,3
31929871454112,08:52:09.871,1070.0000,2
31929878654790,08:52:09.878,1068.5900,10
32194825128871,08:56:34.825,1067.2500,1
32228538996255,08:57:08.538,1067.3100,5
32340474469997,08:59:00.474,1067.8600,20
32432098364587,09:00:32.098,1067.8600,5
32826785524561,09:07:06.785,1069.6300,4
32872982728569,09:07:52.982,1069.9900,10
32872982728569,09:07:52.982,1070.0000,8
32872982728569,09:07:52.982,1070.0000,10
33047436686459,09:10:47.436,1070.5500,10
33047436686459,09:10:47.436,1070.5600,10
33047437259396,09:10:47.437,1070.3000,24
33047437259396,09:10:47.437,1070.5500,10
33047437259396,09:10:47.437,1070.5500,10
33047437259396,09:10:47.437,1070.6100,5
33047437259396,09:10:47.437,1070.6200,10
33047437259396,09:10:47.437,1070.7000,4
33047437487828,09:10:47.437,1070.3000,10
33047450248713,09:10:47.450,1070.1500,10
33047450252995,09:10:47.450,1070.1500,10
33047450615639,09:10:47.450,1070.1500,10
33047450642544,09:10:47.450,1070.1500,10
33047450983570,09:10:47.450,1070.1500,10
33047451010458,09:10:47.451,1070.1500,10
33047451378267,09:10:47.451,1070.1500,3
33047558430897,09:10:47.558,1070.2700,25
33108576061924,09:11:48.576,1070.2400,1
33201323537863,09:13:21.323,1069.2700,1
33201324516727,09:13:21.324,1069.4000,1
33201325524612,09:13:21.325,1069.4000,1
33201326527018,09:13:21.326,1069.4000,1
33201327533766,09:13:21.327,1069.4000,1
33201328548214,09:13:21.328,1069.4000,1
33201329563641,09:13:21.329,1069.4000,1
33201330569111,09:13:21.330,1069.4000,1
33201330703164,09:13:21.330,1069.4000,10
33201331595361,09:13:21.331,1069.4000,1
33201332606470,09:13:21.332,1069.4000,1
33201333621520,09:13:21.333,1069.4000,1
33201334647384,09:13:21.334,1069.4000,1
33201335554981,09:13:21.335,1069.4000,10
33201335665493,09:13:21.335,1069.4000,1
33201336676420,09:13:21.336,1069.4000,1
33201337691016,09:13:21.337,1069.4000,1
33201338701568,09:13:21.338,1069.4000,1
33201339724055,09:13:21.339,1069.4000,1
33201340729477,09:13:21.340,1069.4000,1
33201341747048,09:13:21.341,1069.4000,1
33201388082217,09:13:21.388,1069.4000,15
33201788877400,09:13:21.788,1069.4000,15
33202190345459,09:13:22.190,1069.4000,15
33202591847259,09:13:22.591,1069.4000,15
33202993303380,09:13:22.993,1069.4000,1
33211893187014,09:13:31.893,1069.3900,10
33211893187014,09:13:31.893,1069.4000,15
33211893187014,09:13:31.893,1069.4100,1
33211894321499,09:13:31.894,1069.4400,1
33211895332584,09:13:31.895,1069.4400,1
33211896343181,09:13:31.896,1069.4400,1
33211897352907,09:13:31.897,1069.4400,1
33211898364423,09:13:31.898,1069.4400,1
33212294355178,09:13:32.294,1069.4400,6
33221021328763,09:13:41.021,1069.4400,10
33315577600667,09:15:15.577,1069.4400,5
33346058106515,09:15:46.058,1069.4400,5
33346058106515,09:15:46.058,1069.4500,1
33346058106515,09:15:46.058,1069.4500,4
33361022332008,09:16:01.022,1069.4200,10
33429525023567,09:17:09.525,1069.1200,1
33429528957122,09:17:09.528,1069.1200,15
33429580999215,09:17:09.580,1069.1200,1
33429582001936,09:17:09.582,1069.1200,1
33430042079096,09:17:10.042,1069.0100,5
33431245230275,09:17:11.245,1069.0100,5
33431245230275,09:17:11.245,1069.0100,10
33458699967779,09:17:38.699,1067.6900,1
33786577470357,09:23:06.577,1069.9400,1
33938402021642,09:25:38.402,1069.9400,1
34080116903191,09:28:00.116,1069.8400,15
34134085831674,09:28:54.085,1069.0000,5
34199954048374,09:29:59.954,1067.8300,9
34199954082988,09:29:59.954,1067.2800,8
34199954101334,09:29:59.954,1067.2800,46
34199954290312,09:29:59.954,1067.2800,29
34199954489350,09:29:59.954,1069.4200,14
34200270208656,09:30:00.270,1067.2400,160
34200493349054,09:30:00.493,1068.6700,1
34200605540945,09:30:00.605,1068.1100,12907
34200617319997,09:30:00.617,1068.0000,1
34200663385374,09:30:00.663,1068.0000,5
34200769824012,09:30:00.769,1069.0000,6
34200925652580,09:30:00.925,1068.0600,15
34200994092733,09:30:00.994,1069.0000,1
34200994388472,09:30:00.994,1069.0000,1
34201005467645,09:30:01.005,1069.0000,29
34201284524176,09:30:01.284,1069.0000,8
34201284585201,09:30:01.284,1069.0000,5
34201284585201,09:30:01.284,1069.0000,50
34201284585201,09:30:01.284,1069.0000,30
34201284836008,09:30:01.284,1069.4200,37
34201385492340,09:30:01.385,1068.6900,1
34201385755123,09:30:01.385,1069.6400,2
34201385763353,09:30:01.385,1069.6400,8
34201385777227,09:30:01.385,1069.6400,5
34201385794370,09:30:01.385,1069.6400,5
34201385799909,09:30:01.385,1069.6400,2
34204629489000,09:30:04.629,1069.0400,30
34204629533864,09:30:04.629,1069.0400,70
34204629533864,09:30:04.629,1069.0400,14
34204629533864,09:30:04.629,1069.0300,16
34204629547486,09:30:04.629,1069.0300,84
34204629576499,09:30:04.629,1069.0200,25
34204629576499,09:30:04.629,1069.0200,22
34204629633124,09:30:04.629,1069.0200,78
34204629633124,09:30:04.629,1069.0200,2
34204773077180,09:30:04.773,1068.9800,10
34204773077180,09:30:04.773,1069.0200,90
34204774649528,09:30:04.774,1069.0200,10
34205149736980,09:30:05.149,1069.2100,25
34209182715492,09:30:09.182,1068.6000,2
34215221773830,09:30:15.221,1068.6000,40
34215221803192,09:30:15.221,1068.5300,55
34215221814254,09:30:15.221,1068.5300,100
34215221845130,09:30:15.221,1068.5300,100
34215221875133,09:30:15.221,1068.5300,45
34215221875133,09:30:15.221,1068.5200,55
34215221896971,09:30:15.221,1068.5200,45
34215221896971,09:30:15.221,1068.5200,2
34215221967790,09:30:15.221,1068.4700,100
34215221971770,09:30:15.221,1068.5200,100
34215222366884,09:30:15.222,1068.5200,100
34227342513208,09:30:27.342,1068.1600,1
34227343591070,09:30:27.343,1068.2500,5
34227343591070,09:30:27.343,1068.1600,1
34234902590379,09:30:34.902,1069.1800,2
34234902590379,09:30:34.902,1069.2000,1
34234902590379,09:30:34.902,1069.2000,1
34234902590379,09:30:34.902,1069.2000,123
34234902619749,09:30:34.902,1069.3000,1
34234903510418,09:30:34.903,1069.6500,1
34234972497312,09:30:34.972,1069.6500,5
34235881809731,09:30:35.881,1069.7900,2
34235881870994,09:30:35.881,1069.8000,163
34235881873692,09:30:35.881,1069.8000,337
34235881881285,09:30:35.881,1069.7900,100
34235883033232,09:30:35.883,1070.0000,10
34235883033232,09:30:35.883,1070.0000,5
34235883033232,09:30:35.883,1070.0000,1
34235883033232,09:30:35.883,1070.0000,11
34235883033232,09:30:35.883,1070.0000,290
34235883033232,09:30:35.883,1070.0000,20
34235883033232,09:30:35.883,1070.0000,63
34235883072649,09:30:35.883,1070.0000,837
34235883072649,09:30:35.883,1070.0000,150
34235883118702,09:30:35.883,1070.0800,16
34235883183574,09:30:35.883,1070.3200,2
34239916544146,09:30:39.916,1069.8900,14
34246293374419,09:30:46.293,1069.6500,1
34258414562581,09:30:58.414,1070.5900,10
34262657262996,09:31:02.657,1070.5500,10
34264109265210,09:31:04.109,1070.4500,2
34264109265210,09:31:04.109,1070.4500,2
34264109371802,09:31:04.109,1070.2400,1
34264109443509,09:31:04.109,1070.2400,84
34264109466200,09:31:04.109,1070.2000,59
34264109466200,09:31:04.109,1070.2400,16
34264110438509,09:31:04.110,1070.3400,15
34264110515416,09:31:04.110,1070.2300,1
34264113441188,09:31:04.113,1070.3600,1
34265579452527,09:31:05.579,1070.2100,1
34265580511618,09:31:05.580,1070.1900,1
34265581563522,09:31:05.581,1070.1900,1
34265582570993,09:31:05.582,1070.1800,1
34274459236918,09:31:14.459,1070.9900,2
34274459265832,09:31:14.459,1071.0000,30
34274459317098,09:31:14.459,1070.9900,100
34274459318871,09:31:14.459,1071.1100,20
34274459481242,09:31:14.459,1071.4500,1
34274468987453,09:31:14.468,1070.9800,100
34275326768407,09:31:15.326,1070.7800,1
34275326825105,09:31:15.326,1070.7800,70
34275326831246,09:31:15.326,1070.7800,30
34275330272074,09:31:15.330,1071.1000,1
34275330399449,09:31:15.330,1071.1000,1
34275330402017,09:31:15.330,1071.1000,1
34275330403341,09:31:15.330,1071.1000,1
34278902617435,09:31:18.902,1071.7000,1
34283904321293,09:31:23.904,1071.9900,2
34283904321293,09:31:23.904,1072.0000,10
34283904321293,09:31:23.904,1072.0000,12
34283904321293,09:31:23.904,1072.0000,1
34283904351305,09:31:23.904,1072.0400,9
34283904627733,09:31:23.904,1072.0400,48
34283904630180,09:31:23.904,1072.0400,4
34284503524218,09:31:24.503,1072.2700,1
34284503524218,09:31:24.503,1072.2700,1
34286165577400,09:31:26.165,1072.0000,1
34293993725814,09:31:33.993,1071.5400,41
34293993791331,09:31:33.993,1071.4600,100
34293993791331,09:31:33.993,1071.4600,100
34293993807958,09:31:33.993,1071.3400,50
34293997967317,09:31:33.997,1071.3200,1
34301390589759,09:31:41.390,1071.0000,10
34309198037019,09:31:49.198,1071.0000,10
34309198555729,09:31:49.198,1071.0000,75
34325397506152,09:32:05.397,1071.9900,2
34325397538019,09:32:05.397,1072.0000,2
34325818323810,09:32:05.818,1072.4400,1
34325819234167,09:32:05.819,1072.2600,1
34325820273046,09:32:05.820,1072.2500,1
34325821851881,09:32:05.821,1072.2300,1
34325822891489,09:32:05.822,1072.2100,1
34325824475214,09:32:05.824,1072.1900,1
34325825544074,09:32:05.825,1072.1700,1
34325836977912,09:32:05.836,1072.1700,10
34325837012279,09:32:05.837,1072.1600,1
34325837975788,09:32:05.837,1072.1400,1
34325839014440,09:32:05.839,1072.1300,1
34325840038890,09:32:05.840,1072.1200,1
34325841076630,09:32:05.841,1072.0900,1
34325842110074,09:32:05.842,1072.0800,1
34330063231496,09:32:10.063,1072.2700,30
34330063300453,09:32:10.063,1072.2700,15
34330063311285,09:32:10.063,1072.2700,85
34330063311285,09:32:10.063,1072.2700,12
34330510136529,09:32:10.510,1072.0600,1
34330510136529,09:32:10.510,1071.8700,10
34332299284188,09:32:12.299,1072.5300,2
34332299349109,09:32:12.299,1072.5400,12
34332299415819,09:32:12.299,1072.7500,12
34332300125581,09:32:12.300,1072.7700,10
34332300125581,09:32:12.300,1072.8200,202
34332300152802,09:32:12.300,1072.8200,598
34332300196692,09:32:12.300,1072.8100,90
34332300628230,09:32:12.300,1073.0000,35
34332300628230,09:32:12.300,1073.0000,5
34332300628230,09:32:12.300,1073.0000,60
34332300699592,09:32:12.300,1073.0000,40
34332300699592,09:32:12.300,1073.0000,12
34337302816680,09:32:17.302,1073.2900,15
34359918976844,09:32:39.918,1073.7100,1
34359918976844,09:32:39.918,1073.7500,50
34359918976844,09:32:39.918,1073.7700,100
34359918976844,09:32:39.918,1073.8100,12
34359918976844,09:32:39.918,1073.8600,1
34359918976844,09:32:39.918,1073.9400,66
34359919015360,09:32:39.919,1073.9400,34
34359919015360,09:32:39.919,1073.9600,100
34359919015360,09:32:39.919,1073.9700,100
34359919015360,09:32:39.919,1074.0000,46
34359919015360,09:32:39.919,1074.0000,50
34359919015360,09:32:39.919,1074.0000,59
34359919057565,09:32:39.919,1074.0000,205
34359919057565,09:32:39.919,1074.0000,17
34359919057565,09:32:39.919,1074.0000,12
34371563367275,09:32:51.563,1073.6400,100
34378162214573,09:32:58.162,1073.8000,2
34378162214573,09:32:58.162,1074.0200,37
34379661180194,09:32:59.661,1073.4400,36
34379661203682,09:32:59.661,1073.3800,100
34379662416053,09:32:59.662,1073.0700,36
34380140218756,09:33:00.140,1073.1800,24
34382934489730,09:33:02.934,1073.6800,2
34382934489730,09:33:02.934,1073.6900,1
34382934489730,09:33:02.934,1073.8100,100
34382934489730,09:33:02.934,1073.8300,100
34382934489730,09:33:02.934,1073.9000,100
34382934537947,09:33:02.934,1074.0000,30
34382934549459,09:33:02.934,1074.0000,158
34382934555723,09:33:02.934,1074.0000,109
34382934596567,09:33:02.934,1074.0100,9
34382934952481,09:33:02.934,1074.0000,15
34382935006091,09:33:02.935,1074.0000,85
34382935007508,09:33:02.935,1074.0200,12
34382935032159,09:33:02.935,1074.0300,1
34382938637762,09:33:02.938,1074.3300,11
34382938721112,09:33:02.938,1074.3300,19
34382938850707,09:33:02.938,1074.3300,100
34383059996822,09:33:03.059,1074.4500,12
34383059996822,09:33:03.059,1074.4500,12
34383269484001,09:33:03.269,1074.6500,1
34383269484001,09:33:03.269,1074.7100,14
34385347480239,09:33:05.347,1074.4550,100
34388558062566,09:33:08.558,1074.0100,50
34388558096380,09:33:08.558,1074.0100,100
34388558102183,09:33:08.558,1074.0100,22
34388558653712,09:33:08.558,1074.0000,100
34388558694440,09:33:08.558,1074.0000,100
34388558707320,09:33:08.558,1073.9500,100
34388558707320,09:33:08.558,1073.9500,100
34388559068093,09:33:08.559,1074.0000,100
34388559505232,09:33:08.559,1074.0000,100
34390255585668,09:33:10.255,1073.5800,10
34396663964083,09:33:16.663,1073.5200,24
34418026666990,09:33:38.026,1073.4400,3
34419203512943,09:33:39.203,1073.4400,52
34430128965367,09:33:50.128,1073.1300,1
34430128965367,09:33:50.128,1073.1400,1
34430129041195,09:33:50.129,1073.1300,100
34446060902630,09:34:06.060,1073.2900,1
34469493382084,09:34:29.493,1073.4200,5
34476658259952,09:34:36.658,1073.9800,1
34476658259952,09:34:36.658,1074.0000,25
34476658259952,09:34:36.658,1074.0000,50
34476658286710,09:34:36.658,1074.0600,2
34476658286710,09:34:36.658,1074.0700,14
34476658286710,09:34:36.658,1074.0700,12
34476658996586,09:34:36.658,1074.2500,1
34476668256044,09:34:36.668,1074.2700,1
34476669265873,09:34:36.669,1074.2600,1
34476673769088,09:34:36.673,1074.7800,3
34476673985805,09:34:36.673,1074.7800,97
34476674339163,09:34:36.674,1075.0000,10
34476674341873,09:34:36.674,1075.0000,10
34476674341873,09:34:36.674,1075.0000,1
34476674341873,09:34:36.674,1075.0000,10
34476674341873,09:34:36.674,1075.0000,3
34476674450256,09:34:36.674,1075.0000,7
34476674450256,09:34:36.674,1075.0000,59
34476674460838,09:34:36.674,1075.0000,41
34476674460838,09:34:36.674,1075.0000,58
34476674479319,09:34:36.674,1075.0000,42
34476674479319,09:34:36.674,1075.0000,1
34476674479319,09:34:36.674,1075.0000,57
34476674497744,09:34:36.674,1075.0000,43
34476674497744,09:34:36.674,1075.0000,40
34476674497744,09:34:36.674,1075.0000,1
34476674497744,09:34:36.674,1075.0000,90
34476674538934,09:34:36.674,1075.0000,10
34476674538934,09:34:36.674,1075.0000,80
34476729762586,09:34:36.729,1075.3800,70
34476729800907,09:34:36.729,1075.3800,3
34476729819297,09:34:36.729,1075.3800,77
34476729819297,09:34:36.729,1075.3800,12
34476733040580,09:34:36.733,1075.3800,2
34476740524753,09:34:36.740,1075.3800,9
34476745537357,09:34:36.745,1075.3800,14
34476745566077,09:34:36.745,1075.3700,25
34479269844294,09:34:39.269,1075.2600,6
34480900394363,09:34:40.900,1075.0000,1
34486340809913,09:34:46.340,1074.9700,15
34486341028572,09:34:46.341,1074.9300,100
34486341246247,09:34:46.341,1074.8300,100
34496212230448,09:34:56.212,1075.5200,10
34496212230448,09:34:56.212,1075.5200,1
34496212230448,09:34:56.212,1075.5400,90
34500078548167,09:35:00.078,1074.6900,17
34500078624702,09:35:00.078,1074.5700,100
34500078650815,09:35:00.078,1074.5600,9
34500078650815,09:35:00.078,1074.5300,91
34500078671149,09:35:00.078,1074.5300,9
34500078688691,09:35:00.078,1074.5600,9
34500078699132,09:35:00.078,1074.5600,15
34500078741361,09:35:00.078,1074.5700,100
34500078790849,09:35:00.078,1074.5700,25
34500078854370,09:35:00.078,1074.4800,10
34500078924634,09:35:00.078,1074.4100,10
34500079075802,09:35:00.079,1074.5300,1
34500079844687,09:35:00.079,1074.3200,43
34500080917587,09:35:00.080,1073.9200,43
34500082646523,09:35:00.082,1074.3800,10
34536687269763,09:35:36.687,1073.2800,9
34536687281928,09:35:36.687,1073.2300,100
34536687367873,09:35:36.687,1073.0000,30
34536687480126,09:35:36.687,1072.8600,12
34536687499269,09:35:36.687,1072.8000,15
34536687509006,09:35:36.687,1072.7600,27
34536687586797,09:35:36.687,1072.8100,15
34536687660466,09:35:36.687,1072.7200,12
34536687685136,09:35:36.687,1072.6800,50
34536687774028,09:35:36.687,1073.2300,50
34536687844584,09:35:36.687,1072.8900,7
34536701314623,09:35:36.701,1072.6500,34
34536743715345,09:35:36.743,1073.0300,100
34536743778037,09:35:36.743,1073.0400,100
34536743778037,09:35:36.743,1073.0700,50
34536743778037,09:35:36.743,1073.1100,1
34536743778037,09:35:36.743,1073.1100,47
34536759129755,09:35:36.759,1073.1100,149
34536759129755,09:35:36.759,1073.1100,1
34536786923463,09:35:36.786,1073.2200,1
34536792417591,09:35:36.792,1072.9100,50
34541327073908,09:35:41.327,1073.2200,43
34541327102598,09:35:41.327,1073.2200,7
34541327102598,09:35:41.327,1073.2200,10
34541327102598,09:35:41.327,1073.2200,10
34541327131104,09:35:41.327,1073.2300,10
34541327131104,09:35:41.327,1073.2300,90
34541327177379,09:35:41.327,1073.2300,74
34541327178682,09:35:41.327,1073.2300,100
34541327187157,09:35:41.327,1073.2300,100
34541327189578,09:35:41.327,1073.2300,26
34541327231313,09:35:41.327,1073.2300,100
34541327234743,09:35:41.327,1073.2300,100
34541327237817,09:35:41.327,1073.2300,40
34541327238287,09:35:41.327,1073.2200,5
34541327297703,09:35:41.327,1073.2300,50
34541327313607,09:35:41.327,1073.2300,20
34541327390870,09:35:41.327,1073.2800,17
34541327416027,09:35:41.327,1073.2800,83
34541327494839,09:35:41.327,1073.4200,2
34541327827051,09:35:41.327,1073.2500,50
34541327827051,09:35:41.327,1073.2300,20
34541327827051,09:35:41.327,1073.2200,7
34544181595083,09:35:44.181,1073.3000,50
34548209338376,09:35:48.209,1072.6300,1
34558111639446,09:35:58.111,1072.7600,1
34558111956372,09:35:58.111,1073.1400,1
34558940886770,09:35:58.940,1073.2000,2
34558940910876,09:35:58.940,1073.2000,1
34558940920558,09:35:58.940,1073.2000,22
34558941080043,09:35:58.941,1073.2000,75
34558941081598,09:35:58.941,1073.2100,50
34558941742528,09:35:58.941,1073.4200,3
34558941818598,09:35:58.941,1073.4300,24
34558942047818,09:35:58.942,1073.4700,30
34558942302233,09:35:58.942,1073.4700,30
34558942339087,09:35:58.942,1073.4700,40
34558942339087,09:35:58.942,1073.4700,1
34558942382119,09:35:58.942,1073.5100,30
34558942863137,09:35:58.942,1073.5100,30
34558942863137,09:35:58.942,1073.5300,2
34558945607852,09:35:58.945,1073.4600,9
34558952834095,09:35:58.952,1073.5300,2
34563201860612,09:36:03.201,1074.7800,3
34563201930204,09:36:03.201,1074.7800,1
34563201980740,09:36:03.201,1074.7800,99
34568242542678,09:36:08.242,1075.5000,5
34568242542678,09:36:08.242,1075.5000,1
34568242556151,09:36:08.242,1075.6300,12
34568242581322,09:36:08.242,1075.7500,8
34568242612452,09:36:08.242,1075.7500,12
34568242633588,09:36:08.242,1075.7800,12
34589117345886,09:36:29.117,1075.5000,9
34589122333572,09:36:29.122,1075.5000,51
34589122808417,09:36:29.122,1075.7200,50
34589122901016,09:36:29.122,1075.5000,50
34590122348337,09:36:30.122,1075.5000,5
34593680015910,09:36:33.680,1075.3500,2
34593680115790,09:36:33.680,1075.3500,2
34593683605106,09:36:33.683,1075.3500,2
34593861531715,09:36:33.861,1075.3500,1
34593862059667,09:36:33.862,1075.2900,1
34593862090508,09:36:33.862,1075.2700,25
34593862338749,09:36:33.862,1075.4700,50
34593865796558,09:36:33.865,1075.3300,60
34593865862851,09:36:33.865,1075.2700,50
34593865862851,09:36:33.865,1075.2700,5
34593865862851,09:36:33.865,1075.2700,5
34597990443893,09:36:37.990,1075.1300,6
34597990479217,09:36:37.990,1075.1300,19
34597990494011,09:36:37.990,1075.1000,36
34597990993572,09:36:37.990,1075.1000,4
34599659014874,09:36:39.659,1074.9700,66
34599659014874,09:36:39.659,1074.9500,100
34599659014874,09:36:39.659,1074.9100,34
34603340263221,09:36:43.340,1074.8400,100
34603343292883,09:36:43.343,1074.8300,100
34603343333094,09:36:43.343,1074.8300,5
34603343756690,09:36:43.343,1074.8300,95
34603343760991,09:36:43.343,1074.7800,100
34627822402158,09:37:07.822,1074.5800,2
34643058046404,09:37:23.058,1074.9000,2
34643058397540,09:37:23.058,1074.9000,50
34643058675169,09:37:23.058,1074.9800,1
34651566652622,09:37:31.566,1074.4100,100
34651566737948,09:37:31.566,1074.2800,41
34651566917834,09:37:31.566,1074.1300,2
34651567221843,09:37:31.567,1074.1200,10
34651567415160,09:37:31.567,1074.0000,10
34651567426818,09:37:31.567,1073.9900,88
34651567459190,09:37:31.567,1073.9800,100
34651567463290,09:37:31.567,1073.9000,10
34651577531456,09:37:31.577,1073.8800,10
34651665687066,09:37:31.665,1073.5300,100
34651665692531,09:37:31.665,1073.4600,27
34651665757539,09:37:31.665,1073.3700,3
34651665791550,09:37:31.665,1073.5100,12
34651665824510,09:37:31.665,1073.5100,3
34662655904414,09:37:42.655,1073.2300,1
34662656002265,09:37:42.656,1073.2300,50
34662656144360,09:37:42.656,1073.2300,50
34666454644920,09:37:46.454,1072.9800,2
34666454653419,09:37:46.454,1072.8200,2
34666454687567,09:37:46.454,1072.8200,100
34667712080994,09:37:47.712,1073.4900,1
34667712105131,09:37:47.712,1073.4900,1
34667712120889,09:37:47.712,1073.4900,1
34667713285188,09:37:47.713,1073.3600,100
34678723306900,09:37:58.723,1073.5100,1
34678723306900,09:37:58.723,1073.5300,2
34678723332569,09:37:58.723,1073.5600,200
34678723353407,09:37:58.723,1073.5600,100
34678723376248,09:37:58.723,1073.5700,85
34678723388801,09:37:58.723,1073.5700,15
34678724435391,09:37:58.724,1074.1200,22
34678724435391,09:37:58.724,1074.2600,1
34678724435391,09:37:58.724,1074.3000,10
34678724435391,09:37:58.724,1074.3200,10
34678724435391,09:37:58.724,1074.3300,56
34678725478201,09:37:58.725,1074.3900,43
34678725478201,09:37:58.725,1074.4700,68
34685045719478,09:38:05.045,1074.5000,1
34685051901087,09:38:05.051,1074.4700,1
34709176584922,09:38:29.176,1074.0100,100
34709176584922,09:38:29.176,1074.0100,90
34709176598877,09:38:29.176,1074.0100,10
34709176598877,09:38:29.176,1073.9600,100
34709177746304,09:38:29.177,1073.4100,40
34709206309929,09:38:29.206,1073.2100,100
34709206383848,09:38:29.206,1073.2100,13
34734096278014,09:38:54.096,1073.5300,2
34739709713077,09:38:59.709,1073.8300,1
34739709810366,09:38:59.709,1073.9500,1
34739710225704,09:38:59.710,1074.0000,1
34747424821388,09:39:07.424,1074.0000,9
34747424890766,09:39:07.424,1074.0000,51
34751979748686,09:39:11.979,1073.6600,2
34760917708769,09:39:20.917,1073.7100,36
34773722726842,09:39:33.722,1074.3700,95
34773722728487,09:39:33.722,1074.3700,1
34773722729155,09:39:33.722,1074.3700,4
34773723576199,09:39:33.723,1074.4500,27
34773724913878,09:39:33.724,1074.4500,68
34773725624472,09:39:33.725,1074.5100,1
34773751627812,09:39:33.751,1074.4900,9
34773759896447,09:39:33.759,1074.1800,78
34773998550288,09:39:33.998,1074.5400,25
34773998550288,09:39:33.998,1074.5400,25
34774132188797,09:39:34.132,1074.0800,100
34774132188797,09:39:34.132,1074.0800,100
34774132188797,09:39:34.132,1074.0400,2
34774132248846,09:39:34.132,1074.0400,100
34774132265384,09:39:34.132,1074.0400,200
34774132266836,09:39:34.132,1074.0400,100
34774132266836,09:39:34.132,1074.0300,100
34774132295967,09:39:34.132,1074.0300,100
34793533793462,09:39:53.533,1073.9400,40
34793533793462,09:39:53.533,1073.8800,60
34800434292122,09:40:00.434,1074.0900,1
34800434292122,09:40:00.434,1074.0800,1
34800434369822,09:40:00.434,1074.0400,61
34800453885234,09:40:00.453,1074.0400,1
34814283330337,09:40:14.283,1074.7500,100
34814616747696,09:40:14.616,1075.0000,5
34814616747696,09:40:14.616,1075.0000,95
34814616759024,09:40:14.616,1075.0000,5
34814616759024,09:40:14.616,1075.0000,1
34814616759024,09:40:14.616,1075.0000,20
34814617809875,09:40:14.617,1075.1600,1
34814617832592,09:40:14.617,1075.1600,1
34814617913356,09:40:14.617,1075.1600,10
34814624576862,09:40:14.624,1075.1800,1
34814624603810,09:40:14.624,1075.2000,10
34815025201862,09:40:15.025,1075.1700,6
34815084771318,09:40:15.084,1075.1700,10
34815239482366,09:40:15.239,1075.1700,10
34815239601138,09:40:15.239,1075.1700,10
34818588109583,09:40:18.588,1075.3200,1
34818588109583,09:40:18.588,1075.4400,49
34827473607907,09:40:27.473,1075.2400,5
34827473611602,09:40:27.473,1075.2400,5
34827473619992,09:40:27.473,1075.2400,5
34827473639684,09:40:27.473,1075.2400,1
34827473642234,09:40:27.473,1075.2400,29
34827473660479,09:40:27.473,1075.0000,1
34827473930191,09:40:27.473,1075.0000,100
34827517658816,09:40:27.517,1075.0100,100
34827517661423,09:40:27.517,1075.0000,9
34827550228409,09:40:27.550,1074.8500,1
34828854641061,09:40:28.854,1075.0000,50
34828855293496,09:40:28.855,1074.8500,50
34853792718620,09:40:53.792,1074.5500,100
34853792748371,09:40:53.792,1074.4600,1
34853792972651,09:40:53.792,1074.4600,100
34853816867503,09:40:53.816,1074.4400,1
34854896767814,09:40:54.896,1074.1700,1
34854896793755,09:40:54.896,1074.1000,6
34854896806508,09:40:54.896,1074.1000,8
34854896832191,09:40:54.896,1074.1000,36
34854897701699,09:40:54.897,1073.9400,30
34854898210654,09:40:54.898,1073.9400,10
34885670719305,09:41:25.670,1073.0000,20
34885670719305,09:41:25.670,1072.8000,1
34885670719305,09:41:25.670,1072.6000,1
34885670719305,09:41:25.670,1072.5800,10
34885670719305,09:41:25.670,1072.5700,10
34885670719305,09:41:25.670,1072.5700,100
34885670719305,09:41:25.670,1072.5600,100
34885670719305,09:41:25.670,1072.5500,54
34885670719305,09:41:25.670,1072.5500,100
34885670719305,09:41:25.670,1072.5400,15
34885670719305,09:41:25.670,1072.5100,12
34885670719305,09:41:25.670,1072.5100,100
34885670719305,09:41:25.670,1072.4800,1
34885670719305,09:41:25.670,1072.4800,50
34885670719305,09:41:25.670,1072.4800,50
34885670719305,09:41:25.670,1072.4800,900
34885670719305,09:41:25.670,1072.4400,15
34885670719305,09:41:25.670,1072.3900,100
34885670719305,09:41:25.670,1072.3600,100
34885670719305,09:41:25.670,1072.3600,100
34885670719305,09:41:25.670,1072.3600,100
34885670719305,09:41:25.670,1072.3500,12
34885670719305,09:41:25.670,1072.3300,100
34885670719305,09:41:25.670,1072.3300,8
34885671062057,09:41:25.671,1072.4900,100
34885671090240,09:41:25.671,1072.4800,100
34885671819173,09:41:25.671,1072.3600,39
34885707193040,09:41:25.707,1072.3100,4
34890155159077,09:41:30.155,1072.9300,1
34890155167723,09:41:30.155,1072.9600,24
34890155729589,09:41:30.155,1072.9600,24
34890155754988,09:41:30.155,1072.9600,24
34890155793627,09:41:30.155,1072.9600,24
34890155814298,09:41:30.155,1072.9600,4
34890155814298,09:41:30.155,1072.9700,20
34890155815071,09:41:30.155,1072.9700,4
34890156963397,09:41:30.156,1073.0200,16
34890157010839,09:41:30.157,1073.0200,16
34890157036205,09:41:30.157,1072.9700,16
34899241604350,09:41:39.241,1072.4000,26
34899241627949,09:41:39.241,1072.4000,19
34899241636340,09:41:39.241,1072.4000,1
34899241636340,09:41:39.241,1072.3900,100
34899241697611,09:41:39.241,1072.3100,3
34899242693241,09:41:39.242,1072.2400,100
34899242693241,09:41:39.242,1072.2400,11
34901092885134,09:41:41.092,1071.9000,1
34901092885134,09:41:41.092,1071.9000,8
34901092971354,09:41:41.092,1071.9000,38
34901092985732,09:41:41.092,1071.8000,29
34901093226431,09:41:41.093,1071.8000,2
34901093362445,09:41:41.093,1071.8000,10
34901094073556,09:41:41.094,1071.6500,9
34901094115837,09:41:41.094,1071.6500,1
34901094138957,09:41:41.094,1071.6100,10
34902839326020,09:41:42.839,1071.9400,1
34904641485727,09:41:44.641,1072.0000,5
34905667895352,09:41:45.667,1072.4600,1
34906284167759,09:41:46.284,1072.6800,10
34909257612407,09:41:49.257,1072.2000,46
34909257729613,09:41:49.257,1072.2000,43
34909257759780,09:41:49.257,1072.2000,57
34917726624997,09:41:57.726,1072.2000,46
34917726750486,09:41:57.726,1072.1000,46
34917726828344,09:41:57.726,1072.1000,100
34917754989911,09:41:57.754,1071.6400,38
34950783509396,09:42:30.783,1072.7600,100
34950783541910,09:42:30.783,1072.7600,100
34950783542498,09:42:30.783,1072.8100,100
34950783616019,09:42:30.783,1072.8100,27
34950783813548,09:42:30.783,1072.8100,27
34950785390518,09:42:30.785,1073.2600,100
34950785853619,09:42:30.785,1073.3200,2
34950785853619,09:42:30.785,1073.3300,10
34950785853619,09:42:30.785,1073.3600,45
34950785853619,09:42:30.785,1073.3700,10
34950785853619,09:42:30.785,1073.3800,33
34971216617074,09:42:51.216,1072.9900,100
34971216617074,09:42:51.216,1072.9500,100
34971216640045,09:42:51.216,1072.9500,100
34971216705861,09:42:51.216,1072.9500,40
34971216707781,09:42:51.216,1072.9500,60
34971217727967,09:42:51.217,1072.9100,100
34971217914510,09:42:51.217,1072.8200,2
34998057388135,09:43:18.057,1073.3200,30
35002136448707,09:43:22.136,1073.5100,4
35002136584638,09:43:22.136,1073.5100,96
35002136584638,09:43:22.136,1073.5100,4
35002136586860,09:43:22.136,1073.5100,6
35002136591538,09:43:22.136,1073.5100,90
35002136705157,09:43:22.136,1073.5100,100
35015829696741,09:43:35.829,1073.4200,100
35015829760762,09:43:35.829,1073.2700,100
35017083857592,09:43:37.083,1073.5600,7
35019952610787,09:43:39.952,1072.8700,100
35020001235157,09:43:40.001,1072.3900,100
35036088944721,09:43:56.088,1072.4000,100
35036088944721,09:43:56.088,1072.3400,40
35036088944721,09:43:56.088,1072.3000,100
35036088944721,09:43:56.088,1072.2700,50
35036089625480,09:43:56.089,1072.7300,15
35036107048780,09:43:56.107,1072.1600,50
35036107048780,09:43:56.107,1072.1200,50
35046840674511,09:44:06.840,1071.9300,40
35046840674511,09:44:06.840,1071.9200,1
35061490150127,09:44:21.490,1073.2000,100
35077158383742,09:44:37.158,1072.8900,23
35077158386869,09:44:37.158,1072.8900,10
35077158391716,09:44:37.158,1072.8900,17
35077158391716,09:44:37.158,1072.8800,10
35077158391716,09:44:37.158,1072.8600,8
35077158690519,09:44:37.158,1072.8600,2
35077163538223,09:44:37.163,1072.7400,100
35089305081036,09:44:49.305,1072.6700,5
35095012872478,09:44:55.012,1073.5400,1
35101866505060,09:45:01.866,1073.2300,14
35105822311202,09:45:05.822,1073.7900,7
35105822369505,09:45:05.822,1073.8000,100
35105822472711,09:45:05.822,1073.8100,1
35105823881295,09:45:05.823,1073.7900,10
35105878826712,09:45:05.878,1073.5700,1
35106300838410,09:45:06.300,1074.0700,2
35106300838410,09:45:06.300,1074.0800,90
35107094512063,09:45:07.094,1074.2200,84
35108123282553,09:45:08.123,1074.2200,6
35119356718738,09:45:19.356,1074.5900,1
35120020884738,09:45:20.020,1074.3500,1
35133541148574,09:45:33.541,1074.5400,100
35134660906708,09:45:34.660,1074.1300,1
35137047089251,09:45:37.047,1074.7900,2
35137047292293,09:45:37.047,1074.4600,15
35137047316500,09:45:37.047,1074.4200,100
35140844199419,09:45:40.844,1074.6600,2
35140844323475,09:45:40.844,1074.6600,98
35144327715024,09:45:44.327,1074.9900,2
35146865280294,09:45:46.865,1074.9900,2
35161925254777,09:46:01.925,1075.0000,7
35161925254777,09:46:01.925,1075.0000,10
35161925254777,09:46:01.925,1075.0000,102
35161925257084,09:46:01.925,1075.0000,6
35161925257084,09:46:01.925,1075.0000,1
35161925257084,09:46:01.925,1075.0000,35
35161925257084,09:46:01.925,1075.0000,100
35161926621802,09:46:01.926,1075.0400,50
35162008689473,09:46:02.008,1074.8200,100
35166450051539,09:46:06.450,1075.2000,50
35166450051539,09:46:06.450,1075.2200,9
35166450556282,09:46:06.450,1075.2200,2
35166450578032,09:46:06.450,1075.1100,15
35166450683668,09:46:06.450,1075.1700,2
35166450683668,09:46:06.450,1075.1800,48
35166450913683,09:46:06.450,1075.1100,48
35166547589843,09:46:06.547,1075.1700,25
35166547589843,09:46:06.547,1075.1700,5
35166611567109,09:46:06.611,1074.8700,2
35166611588320,09:46:06.611,1074.8400,9
35166611588320,09:46:06.611,1074.8400,77
35166611599765,09:46:06.611,1074.8400,17
35166611622410,09:46:06.611,1074.8400,5
35166611629137,09:46:06.611,1074.8400,1
35166611660010,09:46:06.611,1074.8200,21
35166611827333,09:46:06.611,1074.8700,100
35172097727560,09:46:12.097,1075.2500,1
35172097734998,09:46:12.097,1075.2500,1
35172097853167,09:46:12.097,1075.2600,1
35172097936022,09:46:12.097,1075.2600,100
35183480076790,09:46:23.480,1075.2400,1
35195410255254,09:46:35.410,1074.7200,100
35206032414616,09:46:46.032,1075.0000,80
35206621110398,09:46:46.621,1075.1000,1
35215142611524,09:46:55.142,1075.2500,2
35215142624932,09:46:55.142,1075.2600,5
35215143774863,09:46:55.143,1075.3900,1
35215144057628,09:46:55.144,1075.2000,100
35215727487274,09:46:55.727,1074.9900,5
35218254691792,09:46:58.254,1075.5000,1
35224129186074,09:47:04.129,1075.3600,95
35224129224519,09:47:04.129,1075.3600,5
35231794299492,09:47:11.794,1075.6400,7
35231794407237,09:47:11.794,1075.6400,74
35231794423958,09:47:11.794,1075.6400,19
35231794423958,09:47:11.794,1075.6400,81
35231794433340,09:47:11.794,1075.6400,7
35231794461495,09:47:11.794,1075.6400,12
35231794461495,09:47:11.794,1075.6400,26
35231794462443,09:47:11.794,1075.6400,59
35231794518417,09:47:11.794,1075.6400,15
35231794607809,09:47:11.794,1075.6400,100
35231795507426,09:47:11.795,1075.4900,2
35231802896513,09:47:11.802,1075.6700,2
35231808591496,09:47:11.808,1075.4900,98
35231808591496,09:47:11.808,1075.4900,2
35231808631927,09:47:11.808,1075.4900,98
35231809558710,09:47:11.809,1075.3700,1
35236406789602,09:47:16.406,1075.2900,4
35286866369309,09:48:06.866,1075.0300,100
35286866442542,09:48:06.866,1075.0300,100
35287570646381,09:48:07.570,1074.7300,100
35287571209569,09:48:07.571,1074.7300,50
35287571233936,09:48:07.571,1074.7300,50
35291573948209,09:48:11.573,1074.0200,1
35291573971821,09:48:11.573,1074.0000,200
35291573976234,09:48:11.573,1074.0000,200
35291573984431,09:48:11.573,1074.0000,5
35291574057754,09:48:11.574,1074.0000,122
35291574070582,09:48:11.574,1074.0200,26
35291574093480,09:48:11.574,1074.0000,78
35291574439524,09:48:11.574,1074.0000,39
35291574451734,09:48:11.574,1074.0000,100
35291574463786,09:48:11.574,1074.0000,61
35291574463786,09:48:11.574,1074.0000,139
35291574465971,09:48:11.574,1074.0000,26
35291574485291,09:48:11.574,1074.0000,50
35291574485795,09:48:11.574,1074.0000,50
35291574488353,09:48:11.574,1074.0000,1
35291574528605,09:48:11.574,1074.0200,13
35291574634044,09:48:11.574,1074.0200,61
35291574649944,09:48:11.574,1074.0000,20
35291574676398,09:48:11.574,1074.0000,180
35291574699812,09:48:11.574,1074.0000,100
35291574773991,09:48:11.574,1074.0000,189
35291574808346,09:48:11.574,1074.0000,11
35291574829270,09:48:11.574,1074.0000,11
35291575127539,09:48:11.575,1074.0000,100
35291578207382,09:48:11.578,1074.0000,36
35291579317939,09:48:11.579,1074.0000,53
35291579317939,09:48:11.579,1074.0000,18
35291579443522,09:48:11.579,1074.0200,12
35291582611976,09:48:11.582,1074.0000,66
35291583936489,09:48:11.583,1074.0200,11
35291591956511,09:48:11.591,1074.0200,17
35291607673036,09:48:11.607,1074.0200,10
35291611659824,09:48:11.611,1074.0000,100
35292166451436,09:48:12.166,1074.0000,1
35292166513714,09:48:12.166,1074.0000,15
35292166513714,09:48:12.166,1074.0000,29
35295652798699,09:48:15.652,1074.2300,2
35295652933623,09:48:15.652,1074.2300,48
35296538383609,09:48:16.538,1074.3700,100
35296538468247,09:48:16.538,1074.3800,200
35296538473269,09:48:16.538,1074.3800,100
35296538473269,09:48:16.538,1074.3900,100
35296538502477,09:48:16.538,1074.3900,63
35296538616896,09:48:16.538,1074.3900,9
35296539063809,09:48:16.539,1074.3900,28
35296539063809,09:48:16.539,1074.3900,71
35308864554910,09:48:28.864,1074.0800,1
35327235126157,09:48:47.235,1074.0300,1
35330640795422,09:48:50.640,1073.6300,5
35330640795947,09:48:50.640,1073.6300,5
35330641072494,09:48:50.641,1073.6300,90
35330641072494,09:48:50.641,1073.5400,10
35330641104440,09:48:50.641,1073.5400,5
35330641297824,09:48:50.641,1073.5400,2
35330641320792,09:48:50.641,1073.5400,5
35330642075698,09:48:50.642,1073.5300,2
35330642075698,09:48:50.642,1073.5200,1
35330643229116,09:48:50.643,1073.5300,100
35330643790032,09:48:50.643,1073.3100,25
35330644221115,09:48:50.644,1073.3000,1
35330644653599,09:48:50.644,1073.3100,100
35330645834918,09:48:50.645,1073.3000,100
35330649228918,09:48:50.649,1073.3500,1
35330657082605,09:48:50.657,1073.2300,2
35330657082605,09:48:50.657,1073.2300,10
35330657156589,09:48:50.657,1073.2000,10
35332134351258,09:48:52.134,1073.1400,20
35332135032543,09:48:52.135,1073.0100,100
35336149932567,09:48:56.149,1073.6300,1
35338190626760,09:48:58.190,1073.7500,5
35338463815725,09:48:58.463,1073.9100,5
35338464275054,09:48:58.464,1073.9100,5
35338464553147,09:48:58.464,1073.9100,5
35340775094373,09:49:00.775,1073.9900,12
35349870809248,09:49:09.870,1073.9900,200
35349870851560,09:49:09.870,1073.9900,100
35349921467341,09:49:09.921,1074.0000,100
35349921467341,09:49:09.921,1074.0000,100
35349921498376,09:49:09.921,1074.0100,1
35355102821286,09:49:15.102,1074.0600,5
35358658461035,09:49:18.658,1074.4800,1
35358663069774,09:49:18.663,1074.6500,20
35370291361969,09:49:30.291,1074.4900,1
35394685060208,09:49:54.685,1074.4500,2
35394685158321,09:49:54.685,1074.4500,100
35394685211861,09:49:54.685,1074.4600,1
35405341292392,09:50:05.341,1074.9600,100
35405341292392,09:50:05.341,1075.0000,10
35405341359783,09:50:05.341,1075.1000,10
35405341789811,09:50:05.341,1075.0400,100
35412309195733,09:50:12.309,1075.4600,5
35412309537818,09:50:12.309,1075.4600,95
35412310575227,09:50:12.310,1075.4600,63
35412311073915,09:50:12.311,1075.6000,20
35412311073915,09:50:12.311,1075.6000,2
35412311590889,09:50:12.311,1075.6000,50
35412311653548,09:50:12.311,1075.6000,50
35412643071921,09:50:12.643,1075.7500,20
35412655212081,09:50:12.655,1075.7500,12
35412655239822,09:50:12.655,1075.7500,88
35413418058189,09:50:13.418,1075.7100,1
35413625583591,09:50:13.625,1075.7100,25
35413626175443,09:50:13.626,1075.7100,25
35413638133210,09:50:13.638,1075.9000,25
35413638484209,09:50:13.638,1076.0000,20
35413638484209,09:50:13.638,1076.0000,1
35413638484209,09:50:13.638,1076.0000,1
35413638484209,09:50:13.638,1076.0000,5
35413638484209,09:50:13.638,1076.0000,4
35413638484209,09:50:13.638,1076.0000,1
35413657295765,09:50:13.657,1076.0000,1
35413836925078,09:50:13.836,1076.2000,2
35413836991123,09:50:13.836,1076.2000,12
35413836994265,09:50:13.836,1076.2000,88
35414264814991,09:50:14.264,1076.2800,1
35414567843793,09:50:14.567,1076.1900,1
35414634848759,09:50:14.634,1076.5100,1
35415055934908,09:50:15.055,1076.2500,1
35415068713498,09:50:15.068,1076.2500,1
35416584666131,09:50:16.584,1076.2900,1
35416596392577,09:50:16.596,1076.2900,1
35417002024131,09:50:17.002,1076.4100,1
35417002062601,09:50:17.002,1076.4100,2
35417002097381,09:50:17.002,1076.4100,2
35417007392165,09:50:17.007,1076.4100,2
35417011544384,09:50:17.011,1076.4100,2
35417166218900,09:50:17.166,1076.3900,1
35417166218900,09:50:17.166,1076.3900,1
35421901556830,09:50:21.901,1076.5600,40
35421901629819,09:50:21.901,1076.7100,7
35421902612280,09:50:21.902,1076.8800,10
35422023282630,09:50:22.023,1076.9900,74
35422131184637,09:50:22.131,1076.9900,2
35422879917833,09:50:22.879,1076.9000,19
35422880072097,09:50:22.880,1076.9900,9
35422880137272,09:50:22.880,1076.9900,15
35422880208213,09:50:22.880,1077.0000,25
35422880208213,09:50:22.880,1077.0000,75
35422880239061,09:50:22.880,1077.0000,21
35422880303458,09:50:22.880,1077.0000,4
35422880303458,09:50:22.880,1077.0000,50
35422880303458,09:50:22.880,1077.0000,46
35422880348671,09:50:22.880,1077.0000,54
35422880348671,09:50:22.880,1077.0000,25
35422880348671,09:50:22.880,1077.0000,1
35422880399229,09:50:22.880,1076.9500,100
35422881813357,09:50:22.881,1077.4000,4
35423674640689,09:50:23.674,1077.4000,2
35442986119428,09:50:42.986,1077.0000,1
35449532015934,09:50:49.532,1076.6500,1
35449534469811,09:50:49.534,1076.9800,2
35449540164277,09:50:49.540,1076.6500,10
35449544493015,09:50:49.544,1076.5800,9
35449549784391,09:50:49.549,1076.5800,8
35449554212122,09:50:49.554,1076.5800,1
35449554280951,09:50:49.554,1076.5200,2
35449554308396,09:50:49.554,1076.5200,2
35449554308396,09:50:49.554,1076.5800,98
35449554310106,09:50:49.554,1076.5100,12
35449554348799,09:50:49.554,1076.5800,2
35449554360050,09:50:49.554,1076.5200,2
35449561539189,09:50:49.561,1076.4600,8
35449561610835,09:50:49.561,1076.4600,92
35449561610835,09:50:49.561,1076.4300,100
35449561610835,09:50:49.561,1076.4300,8
35449561649548,09:50:49.561,1076.4300,47
35452657254228,09:50:52.657,1076.8200,100
35454974409868,09:50:54.974,1076.5200,12
35483697582679,09:51:23.697,1076.0300,100
35497623501771,09:51:37.623,1076.3300,11
35498653306834,09:51:38.653,1076.3300,29
35498653306834,09:51:38.653,1076.3300,10
35528624961937,09:52:08.624,1076.2100,9
35528625020346,09:52:08.625,1076.2100,12
35552919620717,09:52:32.919,1075.6900,2
35552919676027,09:52:32.919,1075.6700,2
35555681495321,09:52:35.681,1075.3800,100
35555737737469,09:52:35.737,1075.2900,100
35555738130614,09:52:35.738,1075.2900,100
35555738714498,09:52:35.738,1075.2000,100
35579761105405,09:52:59.761,1075.4000,2
35585028466268,09:53:05.028,1075.1300,23
35607094888700,09:53:27.094,1075.6100,1
35607094888700,09:53:27.094,1075.6100,2
35607094901509,09:53:27.094,1075.4800,100
35607095077656,09:53:27.095,1075.6100,3
35607095162527,09:53:27.095,1075.6100,97
35607095452231,09:53:27.095,1075.4300,62
35612204869236,09:53:32.204,1075.6700,2
35617688775510,09:53:37.688,1075.4300,5
35645004317653,09:54:05.004,1075.9300,2
35645004317653,09:54:05.004,1075.9500,2
35645009717010,09:54:05.009,1076.0000,100
35658778074407,09:54:18.778,1076.0000,1
35666052631087,09:54:26.052,1075.9200,3
35666204606979,09:54:26.204,1075.9000,28
35680337866311,09:54:40.337,1076.3900,1
35705189368496,09:55:05.189,1076.5000,1
35711478197940,09:55:11.478,1076.5200,2
35711478258682,09:55:11.478,1076.5000,3
35713253042082,09:55:13.253,1076.6400,1
35714397373343,09:55:14.397,1076.6400,40
35751788146120,09:55:51.788,1076.6700,91
35751788163967,09:55:51.788,1076.6700,9
35756244377072,09:55:56.244,1076.4000,2
35756244421000,09:55:56.244,1076.3900,2
35756245555030,09:55:56.245,1076.1300,25
35756245599909,09:55:56.245,1076.1000,1
35756245687738,09:55:56.245,1076.1000,100
35756258234914,09:55:56.258,1076.0300,40
35764314126738,09:56:04.314,1075.8700,1
35764330459842,09:56:04.330,1075.8700,2
35773314729317,09:56:13.314,1075.8700,2
35773320205410,09:56:13.320,1075.8700,5
35773320240100,09:56:13.320,1075.8700,90
35773320240100,09:56:13.320,1075.8100,2
35773320240100,09:56:13.320,1075.8000,8
35773320325670,09:56:13.320,1075.8000,75
35773320373654,09:56:13.320,1075.8000,17
35774327049419,09:56:14.327,1075.6600,2
35774596726673,09:56:14.596,1075.6500,100
35774596733185,09:56:14.596,1075.6500,100
35778100380251,09:56:18.100,1075.7500,5
35778100380251,09:56:18.100,1075.7500,2
35778100394060,09:56:18.100,1075.7600,2
35778100394060,09:56:18.100,1075.7600,5
35778321581328,09:56:18.321,1075.8000,1
35808930196515,09:56:48.930,1075.8000,46
35808930748955,09:56:48.930,1075.6700,2
35818940718549,09:56:58.940,1075.9700,1
35818940732866,09:56:58.940,1075.9900,1
35818940732866,09:56:58.940,1075.9900,2
35818941237986,09:56:58.941,1076.0000,9
35820742346764,09:57:00.742,1075.9900,44
35837834810302,09:57:17.834,1075.5900,1
35852195027122,09:57:32.195,1075.5700,10
35852195027122,09:57:32.195,1075.5600,8
35852195061205,09:57:32.195,1075.5600,10
35858565552537,09:57:38.565,1075.9300,1
35861463298121,09:57:41.463,1076.0000,100
35869726916582,09:57:49.726,1075.4600,1
35869726948162,09:57:49.726,1075.4600,2
35869732625990,09:57:49.732,1075.4600,1
35869736740900,09:57:49.736,1075.4600,1
35869745587066,09:57:49.745,1075.4600,1
35869749691929,09:57:49.749,1075.4600,1
35869755416267,09:57:49.755,1075.4600,1
35869759516403,09:57:49.759,1075.4600,1
35869763608856,09:57:49.763,1075.4600,1
35869768949516,09:57:49.768,1075.4600,1
35869773033973,09:57:49.773,1075.4600,1
35869823681680,09:57:49.823,1075.4600,1
35869873191445,09:57:49.873,1075.4600,1
35869923744143,09:57:49.923,1075.4600,1
35869973479715,09:57:49.973,1075.4600,1
35870023206067,09:57:50.023,1075.4600,1
35870073620396,09:57:50.073,1075.4600,1
35870088799755,09:57:50.088,1075.4600,2
35870477168882,09:57:50.477,1075.4200,2
35870477235443,09:57:50.477,1075.4200,100
35888094278440,09:58:08.094,1075.4200,10
35923148937495,09:58:43.148,1075.6900,2
35923148967208,09:58:43.148,1075.6800,43
35923151432752,09:58:43.151,1075.8100,1
35923192871347,09:58:43.192,1075.6800,1
35925631012454,09:58:45.631,1075.9000,1
35946310518860,09:59:06.310,1075.2100,28
35947942147621,09:59:07.942,1075.0700,100
35962062350145,09:59:22.062,1075.4900,100
35962062425868,09:59:22.062,1075.4900,1
35962062456342,09:59:22.062,1075.4900,10
35962062903183,09:59:22.062,1075.4900,89
35962063046298,09:59:22.063,1075.5000,100
35962063394926,09:59:22.063,1075.6400,1
35962064073984,09:59:22.064,1075.6400,33
35962064117569,09:59:22.064,1075.6400,66
35962064117569,09:59:22.064,1075.6400,100
35964227397828,09:59:24.227,1075.5200,1
35969801714798,09:59:29.801,1075.2100,2
35969801715898,09:59:29.801,1075.2000,46
35969801736947,09:59:29.801,1075.1600,46
35969802867257,09:59:29.802,1075.0100,94
35969802868472,09:59:29.802,1075.0100,6
35969803998267,09:59:29.803,1075.0000,9
35969804056675,09:59:29.804,1074.9700,60
35969805354491,09:59:29.805,1074.9200,15
35969806833789,09:59:29.806,1074.9100,100
35969808821843,09:59:29.808,1074.8700,94
35969808885012,09:59:29.808,1074.8700,6
35969881068068,09:59:29.881,1074.7200,33
35969881093336,09:59:29.881,1074.7200,67
35969881164033,09:59:29.881,1074.7200,14
35969881790900,09:59:29.881,1074.7200,86
35970176421536,09:59:30.176,1074.8500,4
35970306881384,09:59:30.306,1074.6400,50
35971566567039,09:59:31.566,1074.8700,1
35971566672090,09:59:31.566,1074.8700,100
35989476625930,09:59:49.476,1075.5000,1
35999082434539,09:59:59.082,1075.8100,100
35999082434539,09:59:59.082,1075.8900,20
35999082434539,09:59:59.082,1075.8900,100
35999082434539,09:59:59.082,1075.9200,28
36000472521276,10:00:00.472,1075.3900,10
36000498307683,10:00:00.498,1075.8300,1
36000612132697,10:00:00.612,1075.3900,15
36000612132697,10:00:00.612,1075.3400,31
36004888196756,10:00:04.888,1075.3400,9
36004888196756,10:00:04.888,1075.3400,5
36008103880992,10:00:08.103,1075.3400,20
36008103880992,10:00:08.103,1075.3300,23
36008103880992,10:00:08.103,1075.3300,3
36008103966013,10:00:08.103,1075.3300,3
36008103969850,10:00:08.103,1075.3300,17
36008200750294,10:00:08.200,1075.3300,2
36008475500856,10:00:08.475,1075.0900,1
36008479530818,10:00:08.479,1075.0900,1
36008479604655,10:00:08.479,1075.0900,18
36008479604655,10:00:08.479,1075.0700,70
36008479655848,10:00:08.479,1075.0700,30
36008479655848,10:00:08.479,1075.0700,100
36028188202853,10:00:28.188,1074.3500,25
36028188202853,10:00:28.188,1074.3500,28
36037054597285,10:00:37.054,1074.6800,1
36037071755785,10:00:37.071,1074.2000,1
36074457126091,10:01:14.457,1074.5600,25
36074457192104,10:01:14.457,1074.5600,18
36075749228098,10:01:15.749,1074.5800,18
36112033994701,10:01:52.033,1075.0000,1
36112033994701,10:01:52.033,1075.0000,2
36112034408927,10:01:52.034,1075.0000,8
36112037504335,10:01:52.037,1075.0400,50
36112037917159,10:01:52.037,1075.0400,5
36112037918912,10:01:52.037,1075.0400,1
36112050187147,10:01:52.050,1075.0000,49
36112050656257,10:01:52.050,1075.0400,44
36112050656257,10:01:52.050,1075.0400,56
36114463578416,10:01:54.463,1074.9500,25
36114463578416,10:01:54.463,1074.9500,1
36114506388800,10:01:54.506,1075.2200,10
36115862227691,10:01:55.862,1075.2200,15
36122059759757,10:02:02.059,1074.9200,2
36122059759757,10:02:02.059,1074.9100,5
36125390301381,10:02:05.390,1074.6900,1
36166647130691,10:02:46.647,1074.7000,2
36166647130691,10:02:46.647,1074.7000,50
36166647130691,10:02:46.647,1074.7000,22
36166647305877,10:02:46.647,1074.7000,28
36166647680434,10:02:46.647,1074.6900,100
36166649907953,10:02:46.649,1074.5500,10
36166649907953,10:02:46.649,1074.5500,22
36166651449232,10:02:46.651,1074.5500,78
36166687999957,10:02:46.687,1074.2400,100
36166688928147,10:02:46.688,1074.1200,100
36166692154607,10:02:46.692,1074.0800,5
36166696695763,10:02:46.696,1074.0800,5
36166702958170,10:02:46.702,1074.0800,30
36173543865740,10:02:53.543,1074.5100,1
36173544353197,10:02:53.544,1074.5100,75
36189615504332,10:03:09.615,1073.6900,2
36189615504332,10:03:09.615,1073.6900,2
36196071550543,10:03:16.071,1073.5100,1
36196071550543,10:03:16.071,1073.5000,29
36196078593315,10:03:16.078,1073.5000,9
36196078648105,10:03:16.078,1073.5000,62
36204005213855,10:03:24.005,1073.7400,1
36209037910894,10:03:29.037,1073.7100,400
36209037923279,10:03:29.037,1073.7100,50
36209037941510,10:03:29.037,1073.7100,50
36209038403544,10:03:29.038,1073.7000,11
36209038406658,10:03:29.038,1073.7000,11
36230657861995,10:03:50.657,1073.7100,1
36230657891187,10:03:50.657,1073.7100,64
36231823021306,10:03:51.823,1073.5700,100
36231823021306,10:03:51.823,1073.4700,100
36231823021306,10:03:51.823,1073.4300,100
36231823021306,10:03:51.823,1073.4100,2
36238985456384,10:03:58.985,1073.9500,2
36240876504337,10:04:00.876,1073.9500,2
36250889228292,10:04:10.889,1073.4600,1
36250889228292,10:04:10.889,1073.4600,2
36250890302644,10:04:10.890,1073.3100,2
36250890302644,10:04:10.890,1073.3100,13
36250890308298,10:04:10.890,1073.3100,4
36250890416968,10:04:10.890,1073.3100,83
36250890538244,10:04:10.890,1073.2800,4
36252860879808,10:04:12.860,1073.2400,63
36252860895721,10:04:12.860,1073.1600,37
36252860975060,10:04:12.860,1073.1600,50
36252861001530,10:04:12.861,1073.1600,13
36252861001530,10:04:12.861,1073.1600,100
36254974283763,10:04:14.974,1072.9000,46
36254974283763,10:04:14.974,1072.8600,100
36254974283763,10:04:14.974,1072.8300,134
36254975167365,10:04:14.975,1072.8300,66
36254975167365,10:04:14.975,1072.8300,2
36254975167365,10:04:14.975,1072.8300,32
36254975535140,10:04:14.975,1072.8300,57
36255110664140,10:04:15.110,1072.8000,46
36255110664140,10:04:15.110,1072.8000,2
36255112088346,10:04:15.112,1072.5100,1
36258791795538,10:04:18.791,1072.3100,10
36258791795538,10:04:18.791,1072.3000,46
36258791795538,10:04:18.791,1072.3000,2
36258791795538,10:04:18.791,1072.3000,42
36281599922939,10:04:41.599,1072.3000,2
36285686379776,10:04:45.686,1072.2000,2
36285687489963,10:04:45.687,1072.1100,8
36291470845942,10:04:51.470,1071.9000,46
36291470845942,10:04:51.470,1071.9000,2
36291471492451,10:04:51.471,1071.8800,2
36291471517513,10:04:51.471,1071.8800,4
36295200462873,10:04:55.200,1071.8000,5
36310634830282,10:05:10.634,1071.5000,2
36320358727179,10:05:20.358,1071.6500,26
36325253505540,10:05:25.253,1071.1200,100
36325253505540,10:05:25.253,1071.0600,100
36332497568750,10:05:32.497,1071.7800,100
36332497568750,10:05:32.497,1071.8600,1
36332497615131,10:05:32.497,1071.8600,99
36332497615131,10:05:32.497,1071.8700,1
36332497654520,10:05:32.497,1071.8700,9
36332497654520,10:05:32.497,1071.9000,92
36332497657313,10:05:32.497,1071.9000,8
36332497657313,10:05:32.497,1071.9000,2
36332497657313,10:05:32.497,1071.9100,1
36332497657313,10:05:32.497,1071.9100,89
36332497664817,10:05:32.497,1071.9100,1
36332497692900,10:05:32.497,1071.9100,10
36332497692900,10:05:32.497,1071.9300,5
36332498025225,10:05:32.498,1072.0000,15
36332508485139,10:05:32.508,1071.9100,11
36332508556052,10:05:32.508,1071.8600,10
36333208051022,10:05:33.208,1072.0100,2
36337361215245,10:05:37.361,1072.0200,100
36337564358850,10:05:37.564,1072.0200,22
36337590139034,10:05:37.590,1072.0200,58
36337590139034,10:05:37.590,1072.0500,42
36337590174348,10:05:37.590,1072.0500,48
36337590174348,10:05:37.590,1072.0600,52
36337590216203,10:05:37.590,1072.0600,48
36337622166458,10:05:37.622,1072.2000,100
36347412615496,10:05:47.412,1072.4000,1
36372026312327,10:06:12.026,1072.5000,11
36372027371241,10:06:12.027,1072.5000,89
36372083995965,10:06:12.083,1072.3300,3
36372084039495,10:06:12.084,1072.3300,2
36373260161243,10:06:13.260,1072.4900,2
36373260161243,10:06:13.260,1072.5000,6
36373260193530,10:06:13.260,1072.5000,2
36374552826637,10:06:14.552,1072.6700,100
36379379470810,10:06:19.379,1072.5000,2
36380511013759,10:06:20.511,1072.6900,1
36381117361469,10:06:21.117,1072.8000,10
36381117361469,10:06:21.117,1072.8300,78
36381117406722,10:06:21.117,1072.8300,2
36381117406722,10:06:21.117,1072.8400,100
36381117406722,10:06:21.117,1072.8400,4
36381117412460,10:06:21.117,1072.8400,2
36440132666889,10:07:20.132,1072.6700,2
36440137917164,10:07:20.137,1072.6600,1
36440137917164,10:07:20.137,1072.6600,100
36440137917164,10:07:20.137,1072.6600,100
36440147332291,10:07:20.147,1072.5100,21
36440496688570,10:07:20.496,1072.5300,8
36440497037195,10:07:20.497,1072.5300,42
36440497037195,10:07:20.497,1072.5300,50
36440497245943,10:07:20.497,1072.5000,100
36440497280872,10:07:20.497,1072.5000,100
36440510620151,10:07:20.510,1072.4300,4
36447404112310,10:07:27.404,1072.4300,1
36447404175753,10:07:27.404,1072.4300,21
36447404175753,10:07:27.404,1072.4300,5
36447407539350,10:07:27.407,1072.3800,1
36452755083651,10:07:32.755,1072.1000,70
36452755133435,10:07:32.755,1072.1000,30
36452755803297,10:07:32.755,1072.0100,69
36452755803911,10:07:32.755,1072.0100,31
36452755803911,10:07:32.755,1072.0000,7
36452755925331,10:07:32.755,1072.0000,100
36452755926316,10:07:32.755,1072.0000,100
36452755952641,10:07:32.755,1072.0000,100
36452756019805,10:07:32.756,1072.0000,158
36452756020468,10:07:32.756,1072.0000,100
36452756130966,10:07:32.756,1072.0000,100
36452756185055,10:07:32.756,1072.0000,100
36452756235765,10:07:32.756,1072.0000,35
36452756660841,10:07:32.756,1071.9500,35
36452756729421,10:07:32.756,1071.9500,14
36452756736919,10:07:32.756,1071.9500,51
36452757040802,10:07:32.757,1071.5800,65
36452795675621,10:07:32.795,1071.4400,74
36452796037069,10:07:32.796,1071.4300,1
36452796037069,10:07:32.796,1071.4300,3
36468476422032,10:07:48.476,1071.7500,3
36475764959645,10:07:55.764,1071.8900,24
36475764965050,10:07:55.764,1071.9200,13
36488796114147,10:08:08.796,1071.7900,2
36488796114147,10:08:08.796,1071.8000,8
36488796223477,10:08:08.796,1071.8000,12
36488796228894,10:08:08.796,1071.8100,1
36488796228894,10:08:08.796,1071.8100,1
36496112674684,10:08:16.112,1071.2800,1
36496112674684,10:08:16.112,1071.1900,84
36496112750597,10:08:16.112,1071.2800,100
36496113194680,10:08:16.113,1071.0700,3
36496113194680,10:08:16.113,1071.0600,90
36496113418067,10:08:16.113,1071.0600,10
36496125613563,10:08:16.125,1070.7000,46
36496125613563,10:08:16.125,1070.7000,15
36496125613563,10:08:16.125,1070.6300,39
36496126243301,10:08:16.126,1070.6300,61
36496126701341,10:08:16.126,1070.5600,32
36496126768305,10:08:16.126,1070.5600,26
36496127131050,10:08:16.127,1070.3700,5
36496127687805,10:08:16.127,1070.3700,10
36496134050438,10:08:16.134,1070.5000,25
36496134050438,10:08:16.134,1070.4200,49
36496134818681,10:08:16.134,1070.7900,50
36496134923996,10:08:16.134,1070.5000,11
36496138702852,10:08:16.138,1070.5000,39
36498298629249,10:08:18.298,1070.5600,1
36506578673614,10:08:26.578,1070.6000,3
36506578691135,10:08:26.578,1070.6000,22
36507769733034,10:08:27.769,1070.5400,35
36514972653150,10:08:34.972,1070.1000,3
36514972739781,10:08:34.972,1070.1000,2
36514976892505,10:08:34.976,1070.0000,1
36514976892505,10:08:34.976,1070.0000,2
36514976954838,10:08:34.976,1070.0000,98
36514976954838,10:08:34.976,1070.0000,1
36514976954838,10:08:34.976,1070.0000,1
36514976959847,10:08:34.976,1070.0000,9
36514976959847,10:08:34.976,1070.0000,39
36514976977823,10:08:34.976,1070.0000,11
36514976977823,10:08:34.976,1070.0000,7
36514981572246,10:08:34.981,1069.5800,32
36528667701282,10:08:48.667,1069.9800,100
36528690055499,10:08:48.690,1069.9900,1
36528690057308,10:08:48.690,1069.9900,1
36528690235442,10:08:48.690,1069.9900,1
36528752906403,10:08:48.752,1069.9900,1
36532069071887,10:08:52.069,1069.9900,1
36532069149067,10:08:52.069,1069.9900,4
36532069149067,10:08:52.069,1070.0000,1
36535567847958,10:08:55.567,1069.9100,1
36537658993950,10:08:57.658,1070.2300,100
36549448454368,10:09:09.448,1070.2300,1
36552873081825,10:09:12.873,1069.8600,1
36579845699862,10:09:39.845,1070.2800,1
36579845699862,10:09:39.845,1070.2800,2
36579845704542,10:09:39.845,1070.2800,13
36579845722982,10:09:39.845,1070.3000,1
36579845762818,10:09:39.845,1070.3100,13
36579927459471,10:09:39.927,1070.3100,87
36579927459471,10:09:39.927,1070.3100,100
36580627253277,10:09:40.627,1070.4200,100
36580627253277,10:09:40.627,1070.4300,100
36623964322466,10:10:23.964,1069.6100,1
36623964394926,10:10:23.964,1069.6100,3
36623964401723,10:10:23.964,1069.5400,1
36623964403208,10:10:23.964,1069.6100,9
36623964597161,10:10:23.964,1069.5400,55
36623964639933,10:10:23.964,1069.5400,33
36623964639933,10:10:23.964,1069.5600,55
36623968904504,10:10:23.968,1069.5600,50
36623968964800,10:10:23.968,1069.5600,50
36625090369337,10:10:25.090,1069.1300,20
36647415399298,10:10:47.415,1069.6200,100
36653026976742,10:10:53.026,1069.5000,1
36655642216040,10:10:55.642,1069.6100,2
36667932790482,10:11:07.932,1069.4500,1
36676448901608,10:11:16.448,1069.6100,15
36676448940929,10:11:16.448,1069.6200,5
36676448947330,10:11:16.448,1069.6200,1
36676448953871,10:11:16.448,1069.6200,4
36676448977435,10:11:16.448,1069.5900,5
36681058891522,10:11:21.058,1069.4300,2
36681070981412,10:11:21.070,1069.4200,2
36681071052013,10:11:21.071,1069.4200,2
36681071064199,10:11:21.071,1069.4200,98
36683208730368,10:11:23.208,1069.4200,20
36683208823856,10:11:23.208,1069.4100,35
36683208823856,10:11:23.208,1069.4100,53
36691354670645,10:11:31.354,1069.3100,1
36691381852835,10:11:31.381,1069.8000,26
36691381893681,10:11:31.381,1069.8900,37
36691381920403,10:11:31.381,1069.8900,11
36691381923705,10:11:31.381,1069.8900,26
36691381948217,10:11:31.381,1069.7500,100
36691381948217,10:11:31.381,1069.7500,100
36691381949370,10:11:31.381,1069.8900,26
36691381949370,10:11:31.381,1069.8900,83
36691381994851,10:11:31.381,1069.8900,17
36691558585947,10:11:31.558,1069.8900,22
36691888783895,10:11:31.888,1069.8900,78
36691889468188,10:11:31.889,1069.9400,7
36712311846451,10:11:52.311,1070.4300,2
36712311885588,10:11:52.311,1070.4200,30
36712311900730,10:11:52.311,1070.4000,100
36712311900730,10:11:52.311,1070.4000,11
36712312319128,10:11:52.312,1070.2500,6
36712588099900,10:11:52.588,1070.2500,94
36712588099900,10:11:52.588,1070.2500,100
36712592371415,10:11:52.592,1069.9700,50
36712593886045,10:11:52.593,1069.9700,50
36716447062945,10:11:56.447,1070.0100,2
36716447062945,10:11:56.447,1070.0100,17
36716447412576,10:11:56.447,1070.0000,5
36730273974184,10:12:10.273,1070.1100,50
36730273974184,10:12:10.273,1070.1100,50
36731990381147,10:12:11.990,1070.0300,1
36736617132913,10:12:16.617,1070.0000,10
36736617132913,10:12:16.617,1070.0000,2
36736617132913,10:12:16.617,1070.0000,1
36736617132913,10:12:16.617,1069.9900,87
36736617168259,10:12:16.617,1069.9900,13
36757228593446,10:12:37.228,1070.1200,37
36757228694439,10:12:37.228,1070.1100,35
36757228694439,10:12:37.228,1070.1100,2
36757236306339,10:12:37.236,1070.1100,100
36778542576462,10:12:58.542,1070.0000,100
36778542760034,10:12:58.542,1070.0000,52
36778542894543,10:12:58.542,1070.0000,48
36778543667657,10:12:58.543,1070.0000,17
36778543667657,10:12:58.543,1070.0000,1
36778543667657,10:12:58.543,1070.0000,2
36783959825338,10:13:03.959,1070.1100,1
36783959825338,10:13:03.959,1070.1100,2
36789599713408,10:13:09.599,1069.8900,2
36789600608387,10:13:09.600,1069.8400,100
36789600610883,10:13:09.600,1069.8100,100
36789601654316,10:13:09.601,1069.5500,100
36789604307564,10:13:09.604,1069.4000,40
36789604307564,10:13:09.604,1069.4000,16
36789605428083,10:13:09.605,1069.4000,65
36789622722015,10:13:09.622,1069.4000,19
36824424267647,10:13:44.424,1069.1800,2
36824424267647,10:13:44.424,1069.1800,11
36824429360573,10:13:44.429,1069.1800,12
36824433917233,10:13:44.433,1069.1800,12
36824438421863,10:13:44.438,1069.1800,11
36824443661254,10:13:44.443,1069.1800,4
36824443661254,10:13:44.443,1069.1800,6
36830171835303,10:13:50.171,1069.1900,2
36830173544099,10:13:50.173,1069.2100,50
36830176630014,10:13:50.176,1069.2100,10
36830176661353,10:13:50.176,1069.2100,40
36830187627201,10:13:50.187,1069.0200,2
36830192852702,10:13:50.192,1069.0200,8
36839384306932,10:13:59.384,1069.0000,7
36839385061114,10:13:59.385,1069.0100,40
36839385263185,10:13:59.385,1069.0000,43
36839385263185,10:13:59.385,1069.0000,25
36839385263185,10:13:59.385,1069.0000,2
36839386156747,10:13:59.386,1068.9400,15
36839386156747,10:13:59.386,1068.9400,45
36839386157831,10:13:59.386,1068.9400,5
36839386961405,10:13:59.386,1068.8500,78
36839391355409,10:13:59.391,1068.8500,4
36839395783279,10:13:59.395,1068.8600,3
36839400198494,10:13:59.400,1068.8500,3
36841093598936,10:14:01.093,1068.8500,4
36860605063616,10:14:20.605,1069.0000,10
36860605063616,10:14:20.605,1069.0000,2
36874255903114,10:14:34.255,1069.2300,18
36874308797978,10:14:34.308,1069.3100,10
36874308797978,10:14:34.308,1069.3200,2
36874308797978,10:14:34.308,1069.3200,6
36874359369760,10:14:34.359,1069.3100,4
36874788677830,10:14:34.788,1069.3200,10
36875045668133,10:14:35.045,1069.4700,100
36876905665635,10:14:36.905,1069.5000,17
36902647394693,10:15:02.647,1069.0600,2
36902647394693,10:15:02.647,1069.0600,2
36902647664499,10:15:02.647,1069.0400,1
36902647958356,10:15:02.647,1068.9900,5
36902648273925,10:15:02.648,1068.9900,45
36902648432033,10:15:02.648,1068.9200,15
36902648492557,10:15:02.648,1068.9100,39
36902649081716,10:15:02.649,1068.9100,61
36902650068626,10:15:02.650,1068.8700,1
36902650436091,10:15:02.650,1068.8500,4
36902650759073,10:15:02.650,1068.8500,1
36922618454402,10:15:22.618,1068.8200,12
36922618454402,10:15:22.618,1068.8200,2
36924496528133,10:15:24.496,1068.5700,7
36930883244442,10:15:30.883,1068.7700,33
36930883290760,10:15:30.883,1068.7700,4
36930952105599,10:15:30.952,1068.7700,4
36930953468769,10:15:30.953,1068.7700,9
36930953468769,10:15:30.953,1068.7700,2
36938184010486,10:15:38.184,1068.8200,13
36938924434344,10:15:38.924,1068.5600,5
36943508378371,10:15:43.508,1069.2400,1
36944017589513,10:15:44.017,1069.3300,1
36967396054014,10:16:07.396,1069.4000,1
36990019975546,10:16:30.019,1069.5500,2
36990019975546,10:16:30.019,1069.5500,35
36995282549680,10:16:35.282,1069.6000,10
36995629370414,10:16:35.629,1069.5400,46
36995630882431,10:16:35.630,1069.5400,4
37005573085610,10:16:45.573,1069.5000,13
37005573145604,10:16:45.573,1069.5000,87
37029876867146,10:17:09.876,1069.3600,50
37033212991613,10:17:13.212,1069.2700,100
37051525894388,10:17:31.525,1069.0000,5
37055012462125,10:17:35.012,1069.0000,5
37057022840664,10:17:37.022,1069.1100,50
37057022881734,10:17:37.022,1069.1100,50
37057022881734,10:17:37.022,1069.1100,1
37057022881734,10:17:37.022,1069.1100,4
37057022881734,10:17:37.022,1069.1100,100
37057029441843,10:17:37.029,1069.1200,1
37057030162328,10:17:37.030,1069.1200,6
37068458565714,10:17:48.458,1069.1100,11
37069186985659,10:17:49.186,1069.1100,2
37078825544871,10:17:58.825,1069.1100,1
37078829675423,10:17:58.829,1069.1100,2
37078833830240,10:17:58.833,1069.1100,2
37078843570678,10:17:58.843,1069.1100,1
37078851681788,10:17:58.851,1069.1100,1
37078855782104,10:17:58.855,1069.1100,1
37078859870609,10:17:58.859,1069.1100,1
37078865608032,10:17:58.865,1069.1100,1
37078869703604,10:17:58.869,1069.1100,1
37078873807294,10:17:58.873,1069.1100,1
37078923943640,10:17:58.923,1069.1100,1
37078973922446,10:17:58.973,1069.1100,1
37079024130915,10:17:59.024,1069.1100,1
37079073841500,10:17:59.073,1069.1100,1
37079123875544,10:17:59.123,1069.1100,1
37080367768745,10:18:00.367,1069.1100,1
37081871612892,10:18:01.871,1069.1100,4
37085071568313,10:18:05.071,1069.1000,100
37085071606566,10:18:05.071,1069.1000,1
37085071606566,10:18:05.071,1069.1100,96
37087383432375,10:18:07.383,1069.0000,9
37087383432375,10:18:07.383,1069.0000,1
37087385519877,10:18:07.385,1068.9500,100
37089297151695,10:18:09.297,1068.7000,100
37094094200431,10:18:14.094,1068.4500,5
37107173204176,10:18:27.173,1068.5000,1
37123726140597,10:18:43.726,1068.8900,1
37123726140597,10:18:43.726,1068.8900,2
37123726167278,10:18:43.726,1068.9000,100
37123726167278,10:18:43.726,1068.9000,1
37123726167278,10:18:43.726,1068.9000,1
37127475460229,10:18:47.475,1068.9400,36
37127475460229,10:18:47.475,1068.9400,2
37127476055418,10:18:47.476,1069.0500,100
37139027279923,10:18:59.027,1068.9400,100
37139027309352,10:18:59.027,1068.9400,2
37139027309352,10:18:59.027,1068.9400,1
37140117312520,10:19:00.117,1069.0400,1
37140117327668,10:19:00.117,1069.0000,3
37140117338802,10:19:00.117,1069.0000,97
37140117513103,10:19:00.117,1068.9400,3
37149707146232,10:19:09.707,1069.0000,2
37152953343489,10:19:12.953,1069.2200,22
37169208124161,10:19:29.208,1069.1700,2
37169208124161,10:19:29.208,1069.1700,1
37172476181459,10:19:32.476,1069.3100,45
37178031825673,10:19:38.031,1069.6100,1
37189280826976,10:19:49.280,1069.7700,4
37190462475723,10:19:50.462,1069.6900,1
37191304931735,10:19:51.304,1069.5900,6
37220052908001,10:20:20.052,1070.0000,50
37220052908001,10:20:20.052,1070.0000,3
37220052908001,10:20:20.052,1070.0000,1
37235276158787,10:20:35.276,1069.9600,13
37259292227732,10:20:59.292,1070.2200,1
37259292788597,10:20:59.292,1069.9800,11
37264157414355,10:21:04.157,1070.2200,42
37270796770921,10:21:10.796,1070.0000,1
37270796957152,10:21:10.796,1069.9500,2
37270797200802,10:21:10.797,1069.9400,1
37270797200802,10:21:10.797,1069.9400,100
37273306540311,10:21:13.306,1069.7500,10
37276532412227,10:21:16.532,1069.9500,5
37276532412227,10:21:16.532,1070.0000,42
37276532423107,10:21:16.532,1070.0000,4
37276532423107,10:21:16.532,1070.0100,1
37276532423107,10:21:16.532,1070.1000,41
37283911126479,10:21:23.911,1069.8500,5
37336188857883,10:22:16.188,1070.7400,40
37344472520559,10:22:24.472,1070.2300,35
37344472520559,10:22:24.472,1070.1400,100
37349384775388,10:22:29.384,1070.1300,200
37349384775388,10:22:29.384,1070.1300,1
37353292585537,10:22:33.292,1070.1300,1
37353292624086,10:22:33.292,1070.1300,99
37353292624086,10:22:33.292,1070.1300,22
37354637080460,10:22:34.637,1070.1600,1
37358009494635,10:22:38.009,1070.4400,1
37365650458404,10:22:45.650,1070.2200,14
37390944383941,10:23:10.944,1070.4400,6
37406717856805,10:23:26.717,1070.0000,10
37406717899815,10:23:26.717,1069.9500,100
37458490141753,10:24:18.490,1070.1800,5
37458495720870,10:24:18.495,1070.1800,5
37458500574177,10:24:18.500,1070.1800,5
37458505918706,10:24:18.505,1070.1800,4
37458511158476,10:24:18.511,1070.1800,4
37458516862993,10:24:18.516,1070.1800,4
37458522733117,10:24:18.522,1070.1800,4
37458528630749,10:24:18.528,1070.1800,3
37458534426325,10:24:18.534,1070.1800,3
37458540200011,10:24:18.540,1070.1800,3
37458590268496,10:24:18.590,1070.1800,3
37458640029162,10:24:18.640,1070.1800,3
37458690103022,10:24:18.690,1070.1800,3
37468776081186,10:24:28.776,1070.0000,38
37482728112329,10:24:42.728,1070.1800,2
37482728265993,10:24:42.728,1070.1800,49
37490727291754,10:24:50.727,1070.3800,1
37491810046798,10:24:51.810,1070.2200,1
37496075065236,10:24:56.075,1070.3600,100
37501286319932,10:25:01.286,1070.3800,4
37505510399657,10:25:05.510,1070.4400,1
37505518627332,10:25:05.518,1070.4400,2
37505526853449,10:25:05.526,1070.4700,2
37505535063065,10:25:05.535,1070.4700,2
37514576108593,10:25:14.576,1070.5300,100
37556521512592,10:25:56.521,1070.2500,100
37556521798881,10:25:56.521,1070.2300,30
37556521798881,10:25:56.521,1070.2500,70
37556521828065,10:25:56.521,1070.2500,30
37556521926503,10:25:56.521,1070.2200,9
37556522191244,10:25:56.522,1070.0800,2
37560839604709,10:26:00.839,1070.3500,1
37563094538170,10:26:03.094,1070.1200,100
37579477326968,10:26:19.477,1070.4800,1
37591007025480,10:26:31.007,1070.2600,1
37594703574883,10:26:34.703,1070.1800,2
37603485092293,10:26:43.485,1070.1800,98
37603485092293,10:26:43.485,1070.1500,100
37607317725168,10:26:47.317,1070.3600,1
37625733154892,10:27:05.733,1070.1600,2
37625733179021,10:27:05.733,1070.1500,100
37625733179021,10:27:05.733,1070.1500,100
37631230041531,10:27:11.230,1069.9600,2
37631230095646,10:27:11.230,1069.9600,100
37631230332087,10:27:11.230,1069.9600,101
37631240150107,10:27:11.240,1069.9500,100
37631240165659,10:27:11.240,1069.9500,1
37637635750313,10:27:17.635,1069.9500,1
37647459854019,10:27:27.459,1070.0400,5
37674845005020,10:27:54.845,1069.7000,20
37674845005020,10:27:54.845,1069.7000,2
37674845026330,10:27:54.845,1069.6900,27
37674845067520,10:27:54.845,1069.6900,73
37674845067520,10:27:54.845,1069.6900,27
37674845113391,10:27:54.845,1069.6900,73
37674845113391,10:27:54.845,1069.6900,1
37674845183682,10:27:54.845,1069.6400,100
37674851349277,10:27:54.851,1069.5600,2
37674855492258,10:27:54.855,1069.5600,98
37674855492258,10:27:54.855,1069.5100,2
37674869543342,10:27:54.869,1069.5100,98
37674871187753,10:27:54.871,1069.5000,1
37674871205087,10:27:54.871,1069.5000,1
37674871205087,10:27:54.871,1069.5100,1
37674881225297,10:27:54.881,1069.5100,1
37676255337108,10:27:56.255,1069.4700,1
37676255337108,10:27:56.255,1069.4700,2
37676255337108,10:27:56.255,1069.1900,1
37689841248748,10:28:09.841,1069.2000,2
37689841336846,10:28:09.841,1069.1700,5
37694973010389,10:28:14.973,1069.3500,1
37694973034158,10:28:14.973,1069.3600,100
37694973034158,10:28:14.973,1069.3600,1
37708860203806,10:28:28.860,1069.1700,2
37717874627150,10:28:37.874,1069.3700,2
37717874651903,10:28:37.874,1069.3800,1
37737223771399,10:28:57.223,1069.4200,44
37748329887610,10:29:08.329,1069.6300,1
37748329950542,10:29:08.329,1069.6300,1
37748330050481,10:29:08.330,1069.6400,1
37768003251370,10:29:28.003,1069.5000,2
37768003251370,10:29:28.003,1069.5100,1
37768003251370,10:29:28.003,1069.5400,96
37768118319449,10:29:28.118,1069.6500,100
37771381541520,10:29:31.381,1069.6300,54
37772171973132,10:29:32.171,1069.6300,100
37797961459709,10:29:57.961,1069.4900,2
37797961459709,10:29:57.961,1069.5000,97
37797961523807,10:29:57.961,1069.5000,2
37798071967568,10:29:58.071,1069.5000,1
37832655952240,10:30:32.655,1069.7900,10
37842519492331,10:30:42.519,1070.0000,6
37844281824251,10:30:44.281,1069.8900,1
37844281824251,10:30:44.281,1069.8900,2
37886672984022,10:31:26.672,1069.6000,10
37911212750888,10:31:51.212,1069.6000,22
37911212750888,10:31:51.212,1069.6000,1
37911212750888,10:31:51.212,1069.6000,2
37911214464591,10:31:51.214,1069.5700,100
37911214464591,10:31:51.214,1069.4500,9
37911217695270,10:31:51.217,1069.4500,7
37911218588269,10:31:51.218,1069.4500,84
37911218588269,10:31:51.218,1069.4500,8
37911218588269,10:31:51.218,1069.4500,1
37911245820127,10:31:51.245,1069.4600,90
37911245831643,10:31:51.245,1069.4600,10
37911245831643,10:31:51.245,1069.5300,15
37941819278303,10:32:21.819,1069.8700,3
37944026288095,10:32:24.026,1069.9200,100
37944026335395,10:32:24.026,1069.9300,3
37944026400917,10:32:24.026,1069.9200,38
37944026406678,10:32:24.026,1069.9200,62
37944026744436,10:32:24.026,1069.9200,98
37956934142788,10:32:36.934,1069.8600,1
37965424800798,10:32:45.424,1069.8500,69
37965430048080,10:32:45.430,1069.8500,3
37965435214075,10:32:45.435,1069.8500,2
37965439334400,10:32:45.439,1069.8500,2
37965444944149,10:32:45.444,1069.8500,2
37965449052208,10:32:45.449,1069.8500,2
37965454978750,10:32:45.454,1069.8500,2
37965459086957,10:32:45.459,1069.8500,2
37965464845571,10:32:45.464,1069.8500,2
37965468956893,10:32:45.468,1069.8500,2
37965474768029,10:32:45.474,1069.8500,2
37965524597279,10:32:45.524,1069.8500,2
37968645075036,10:32:48.645,1069.8400,6
37968645193142,10:32:48.645,1069.8400,1
37968649304658,10:32:48.649,1069.8400,1
37968653416167,10:32:48.653,1069.8400,1
37968655987166,10:32:48.655,1069.8400,55
37968656417928,10:32:48.656,1069.8400,43
37968656417928,10:32:48.656,1069.8900,2
37968656417928,10:32:48.656,1069.8900,57
37968656713587,10:32:48.656,1069.8900,43
37968658243491,10:32:48.658,1069.9300,1
37968661070550,10:32:48.661,1069.9300,33
37968661108019,10:32:48.661,1069.9300,63
38006650194031,10:33:26.650,1069.8500,1
38006652413022,10:33:26.652,1069.8400,2
38006652427613,10:33:26.652,1069.8400,98
38013940625888,10:33:33.940,1069.7100,100
38013940655301,10:33:33.940,1069.7000,100
38013940707196,10:33:33.940,1069.6900,200
38013940724823,10:33:33.940,1069.6900,100
38015382449604,10:33:35.382,1069.9100,1
38016319301892,10:33:36.319,1069.7100,2
38016320636448,10:33:36.320,1069.5400,100
38016320636448,10:33:36.320,1069.5400,1
38016336570839,10:33:36.336,1069.3900,100
38026915784531,10:33:46.915,1069.3500,1
38026915784531,10:33:46.915,1069.3500,2
38026915784531,10:33:46.915,1069.3500,1
38026916157442,10:33:46.916,1069.3400,100
38026916921377,10:33:46.916,1069.3000,100
38026916943998,10:33:46.916,1069.3000,5
38033682787316,10:33:53.682,1069.0500,80
38034679767442,10:33:54.679,1069.0400,80
38040191191998,10:34:00.191,1069.0300,1
38040191191998,10:34:00.191,1069.0300,2
38040191459190,10:34:00.191,1069.0200,100
38040191484545,10:34:00.191,1069.0200,42
38040191484545,10:34:00.191,1069.0200,58
38040191494367,10:34:00.191,1069.0200,1
38040191507320,10:34:00.191,1069.0200,41
38040191568201,10:34:00.191,1069.0000,50
38040191568201,10:34:00.191,1069.0000,50
38040191572845,10:34:00.191,1069.0000,50
38040191572845,10:34:00.191,1069.0000,20
38040191572845,10:34:00.191,1069.0000,10
38040192428831,10:34:00.192,1068.8900,1
38040192447235,10:34:00.192,1068.8900,4
38040192487165,10:34:00.192,1068.8800,1
38044945092948,10:34:04.945,1069.0500,1
38046238086235,10:34:06.238,1068.7900,2
38048680726761,10:34:08.680,1068.5600,77
38057641856774,10:34:17.641,1068.5500,2
38057641856774,10:34:17.641,1068.5100,1
38057641856774,10:34:17.641,1068.5000,97
38057642428680,10:34:17.642,1068.5000,3
38057642428680,10:34:17.642,1068.5000,1
38058516155138,10:34:18.516,1068.4500,1
38058516193779,10:34:18.516,1068.4500,95
38058516195194,10:34:18.516,1068.4500,4
38058517118005,10:34:18.517,1068.4400,1
38058517128472,10:34:18.517,1068.4400,99
38060172172859,10:34:20.172,1068.4900,20
38060173018432,10:34:20.173,1068.5000,1
38068347953214,10:34:28.347,1068.5200,12
38068347953214,10:34:28.347,1068.5200,2
38068791035906,10:34:28.791,1068.2500,1
38068791035906,10:34:28.791,1068.1000,2
38068791035906,10:34:28.791,1068.1000,1
38069682361095,10:34:29.682,1068.0200,2
38076954771083,10:34:36.954,1068.0100,2
38076954771083,10:34:36.954,1068.0000,3
38076954771083,10:34:36.954,1068.0000,50
38076954771083,10:34:36.954,1068.0000,1
38076954771083,10:34:36.954,1068.0000,1
38076954771083,10:34:36.954,1068.0000,6
38092680816867,10:34:52.680,1068.0100,1
38093257439582,10:34:53.257,1068.0000,2
38121046765168,10:35:21.046,1068.1900,1
38121046765168,10:35:21.046,1068.1800,50
38127664136721,10:35:27.664,1068.1900,1
38137038409535,10:35:37.038,1068.5300,12
38137038457635,10:35:37.038,1068.5300,12
38137038467799,10:35:37.038,1068.5300,5
38137038509842,10:35:37.038,1068.5900,12
38137038529894,10:35:37.038,1068.6100,1
38137038529894,10:35:37.038,1068.6100,1
38139954521782,10:35:39.954,1068.9750,100
38139954521782,10:35:39.954,1068.9750,100
38142100143819,10:35:42.100,1068.6200,4
38142679223838,10:35:42.679,1068.5900,4
38168720626411,10:36:08.720,1068.8800,50
38169679429555,10:36:09.679,1068.8300,50
38169679429555,10:36:09.679,1068.8200,1
38169679429555,10:36:09.679,1068.8100,1
38169679429555,10:36:09.679,1068.8100,33
38188626983864,10:36:28.626,1069.0000,1
38216365502955,10:36:56.365,1068.9000,1
38217747522252,10:36:57.747,1068.8200,100
38217747552427,10:36:57.747,1068.8200,1
38217747581508,10:36:57.747,1068.8300,1
38217747596839,10:36:57.747,1068.8200,1
38217747596839,10:36:57.747,1068.8100,99
38217747841681,10:36:57.747,1068.8100,1
38217747959968,10:36:57.747,1068.8600,3
38217748036298,10:36:57.748,1068.8100,3
38217748956450,10:36:57.748,1068.9000,100
38234679601340,10:37:14.679,1068.8100,10
38234679601340,10:37:14.679,1068.8100,10
38238046796888,10:37:18.046,1068.6600,11
38248075137327,10:37:28.075,1068.6300,2
38248075137327,10:37:28.075,1068.6300,1
38248075301500,10:37:28.075,1068.6400,100
38266024483781,10:37:46.024,1068.0300,5
38266024651897,10:37:46.024,1068.0300,95
38266024651897,10:37:46.024,1068.0100,5
38266024697700,10:37:46.024,1068.0000,100
38266024739420,10:37:46.024,1068.0000,1
38266024739420,10:37:46.024,1068.0000,1
38266024891671,10:37:46.024,1067.9900,1
38266025229957,10:37:46.025,1067.9200,100
38266025266787,10:37:46.025,1067.8800,62
38266026225147,10:37:46.026,1067.8800,38
38266026336195,10:37:46.026,1067.9600,100
38266042305099,10:37:46.042,1067.8500,19
38266042492963,10:37:46.042,1067.8500,81
38266052514918,10:37:46.052,1067.8400,1
38266052514918,10:37:46.052,1067.7900,60
38266052514918,10:37:46.052,1067.7500,70
38266052514918,10:37:46.052,1067.7500,39
38266100160251,10:37:46.100,1067.7500,17
38271875438869,10:37:51.875,1067.5000,1
38272131369195,10:37:52.131,1067.6600,1
38272131434316,10:37:52.131,1067.6600,99
38272131464664,10:37:52.131,1067.6700,1
38298322370177,10:38:18.322,1068.0700,100
38298322370177,10:38:18.322,1068.0800,3
38298322379656,10:38:18.322,1068.0800,6
38298322385999,10:38:18.322,1068.0800,103
38298322417768,10:38:18.322,1068.0800,12
38298322427772,10:38:18.322,1068.0800,40
38298322430282,10:38:18.322,1068.0800,12
38298322430947,10:38:18.322,1068.0800,40
38298322477995,10:38:18.322,1068.0800,84
38298322477995,10:38:18.322,1068.0900,2
38298322477995,10:38:18.322,1068.0900,1
38298322477995,10:38:18.322,1068.0900,16
38298322510750,10:38:18.322,1068.0900,84
38298327647541,10:38:18.327,1068.2400,12
38298338559665,10:38:18.338,1068.2700,40
38298350157661,10:38:18.350,1068.3400,10
38298377943671,10:38:18.377,1068.3900,100
38299067762264,10:38:19.067,1068.0900,100
38299067970463,10:38:19.067,1068.0900,100
38309008351360,10:38:29.008,1068.0900,3
38327126072775,10:38:47.126,1068.1100,5
38327126211646,10:38:47.126,1068.0500,5
38327127046643,10:38:47.127,1068.0500,5
38331925319656,10:38:51.925,1068.2000,11
38331925321422,10:38:51.925,1068.2000,89
38401358458627,10:40:01.358,1068.6800,2
38401481393393,10:40:01.481,1068.6900,17
38401880897909,10:40:01.880,1068.7800,1
38403087877724,10:40:03.087,1068.8300,1
38407351029541,10:40:07.351,1068.6400,2
38420157172768,10:40:20.157,1069.0600,1
38420157611589,10:40:20.157,1069.2900,50
38433376210137,10:40:33.376,1069.1400,13
38433376210137,10:40:33.376,1069.1100,50
38433376210137,10:40:33.376,1069.0600,37
38433376300772,10:40:33.376,1069.0600,13
38449041437813,10:40:49.041,1068.7500,1
38481332063033,10:41:21.332,1068.5400,100
38482218313950,10:41:22.218,1068.7100,2
38482219111972,10:41:22.219,1068.7200,1
38482220697365,10:41:22.220,1068.7300,1
38500827369099,10:41:40.827,1069.2400,1
38520112082503,10:42:00.112,1068.9000,38
38520112147880,10:42:00.112,1068.9000,8
38525702323101,10:42:05.702,1068.8100,2
38539359845806,10:42:19.359,1068.8700,1
38551137135435,10:42:31.137,1069.1900,1
38562048584701,10:42:42.048,1069.2000,4
38586774290708,10:43:06.774,1068.7300,5
38604583299228,10:43:24.583,1069.2500,80
38604583320348,10:43:24.583,1069.2500,20
38604583320348,10:43:24.583,1069.2500,10
38645206043476,10:44:05.206,1069.1900,2
38649132835877,10:44:09.132,1069.5100,1
38652685898918,10:44:12.685,1069.5300,1
38657393924152,10:44:17.393,1069.7300,100
38657434012734,10:44:17.434,1069.8800,7
38657473783884,10:44:17.473,1069.8800,100
38657473783884,10:44:17.473,1070.0000,1
38657473783884,10:44:17.473,1070.0000,5
38657473783884,10:44:17.473,1070.0000,50
38657473783884,10:44:17.473,1070.0000,60
38657474105023,10:44:17.474,1070.0000,65
38657475714165,10:44:17.475,1070.0000,24
38657477378777,10:44:17.477,1070.0000,56
38657477647382,10:44:17.477,1070.0000,295
38657477647382,10:44:17.477,1070.0000,5
38657477647382,10:44:17.477,1070.0000,156
38657477647382,10:44:17.477,1070.0000,1
38657477647382,10:44:17.477,1070.0000,145
38657478000582,10:44:17.478,1070.0000,74
38657478901464,10:44:17.478,1070.0000,100
38657478988487,10:44:17.478,1070.0000,100
38657505921764,10:44:17.505,1070.0000,1
38657548074705,10:44:17.548,1070.0000,200
38657548119156,10:44:17.548,1070.0000,73
38657548187753,10:44:17.548,1070.0000,7
38659052852056,10:44:19.052,1070.0000,19
38659052852056,10:44:19.052,1070.0000,500
38659052867082,10:44:19.052,1070.0000,100
38659053277544,10:44:19.053,1070.0000,100
38659469713315,10:44:19.469,1070.0000,5
38673664643091,10:44:33.664,1069.6900,100
38673664698500,10:44:33.664,1069.6900,192
38673664710567,10:44:33.664,1069.6900,8
38673664710567,10:44:33.664,1069.6800,100
38673664710567,10:44:33.664,1069.6800,192
38673664713299,10:44:33.664,1069.6800,308
38673665277199,10:44:33.665,1069.6300,1
38674551840878,10:44:34.551,1069.4600,2
38682328872113,10:44:42.328,1069.6200,10
38684056812993,10:44:44.056,1069.5500,20
38696750822870,10:44:56.750,1070.0000,6
38696750884808,10:44:56.750,1070.0000,100
38696751144851,10:44:56.751,1070.0000,200
38696751440264,10:44:56.751,1070.0000,89
38696751705276,10:44:56.751,1070.0000,37
38696751715515,10:44:56.751,1070.0000,1
38696752948750,10:44:56.752,1070.0000,100
38696753158018,10:44:56.753,1070.0000,43
38700772962428,10:45:00.772,1070.2000,1
38765105048462,10:46:05.105,1069.7300,1
38765105056856,10:46:05.105,1069.7300,100
38767306804003,10:46:07.306,1069.9400,1
38767307370134,10:46:07.307,1069.9400,1
38782938304520,10:46:22.938,1069.6200,2
38783995151160,10:46:23.995,1069.5500,2
38783999086685,10:46:23.999,1069.4600,2
38783999086685,10:46:23.999,1069.4600,11
38785020682432,10:46:25.020,1069.4500,2
38803134472981,10:46:43.134,1069.7500,1
38817046980344,10:46:57.046,1069.4600,1
38817046980344,10:46:57.046,1069.4500,1
38817047018130,10:46:57.047,1069.4500,1
38817047095698,10:46:57.047,1069.4400,100
38817047095698,10:46:57.047,1069.4400,5
38817047095698,10:46:57.047,1069.4400,100
38817047095698,10:46:57.047,1069.4400,11
38817071414132,10:46:57.071,1069.4400,1
38822324364634,10:47:02.324,1069.3100,2
38825554235459,10:47:05.554,1069.3900,100
38835307227329,10:47:15.307,1069.0500,2
38840806216207,10:47:20.806,1069.6100,19
38860481999607,10:47:40.481,1069.3200,2
38878349172262,10:47:58.349,1069.4200,6
38878349243089,10:47:58.349,1069.4200,94
38879638519976,10:47:59.638,1069.2900,8
38883292533705,10:48:03.292,1069.4900,1
38892280947766,10:48:12.280,1069.2900,100
38892281000020,10:48:12.281,1069.2900,1
38893487249457,10:48:13.487,1069.1600,1
38893539091996,10:48:13.539,1069.1400,100
38893539091996,10:48:13.539,1069.1400,100
38893539091996,10:48:13.539,1069.1400,82
38893539123519,10:48:13.539,1069.1400,18
38893539876873,10:48:13.539,1069.0000,50
38895447225834,10:48:15.447,1069.0800,1
38895447250956,10:48:15.447,1069.0800,99
38895447250956,10:48:15.447,1069.0800,1
38895447250956,10:48:15.447,1069.0800,2
38895447283921,10:48:15.447,1069.0900,1
38895448867122,10:48:15.448,1069.0900,25
38895450018248,10:48:15.450,1069.0900,21
38901369544130,10:48:21.369,1068.8300,2
38919293701846,10:48:39.293,1069.1400,2
38919316336096,10:48:39.316,1068.9500,2
38980175508025,10:49:40.175,1069.0000,25
38981494565598,10:49:41.494,1069.0600,5
38997556117089,10:49:57.556,1068.9500,8
38999289668156,10:49:59.289,1068.7300,1
39000625177293,10:50:00.625,1068.6700,1
39000626007185,10:50:00.626,1068.6700,99
39000626038672,10:50:00.626,1068.4800,1
39003366059901,10:50:03.366,1068.3600,100
39012649270927,10:50:12.649,1068.3600,1
39030322588335,10:50:30.322,1068.1500,2
39033312376667,10:50:33.312,1068.6300,10
39074952478881,10:51:14.952,1068.0000,1
39074952478881,10:51:14.952,1068.0000,5
39074970396694,10:51:14.970,1067.9100,21
39081753964709,10:51:21.753,1068.0200,29
39081753993072,10:51:21.753,1068.0200,71
39093507733171,10:51:33.507,1067.8000,11
39093508808242,10:51:33.508,1067.7900,5
39116902974214,10:51:56.902,1068.0400,1
39127630438323,10:52:07.630,1068.0000,10
39138068368546,10:52:18.068,1068.0400,1
39150318279966,10:52:30.318,1068.0500,1
39157556898462,10:52:37.556,1068.0000,100
39162860617712,10:52:42.860,1068.0000,100
39179322472722,10:52:59.322,1067.5200,1
39179322472722,10:52:59.322,1067.5200,2
39181747928582,10:53:01.747,1067.4800,50
39184558056406,10:53:04.558,1067.5100,100
39190382044640,10:53:10.382,1067.3800,1
39190384074021,10:53:10.384,1067.3200,31
39193296992262,10:53:13.296,1067.2400,17
39193297070823,10:53:13.297,1067.2400,1
39193339920541,10:53:13.339,1067.2400,22
39193339920541,10:53:13.339,1067.0700,78
39205561905712,10:53:25.561,1067.1400,2
39231664470039,10:53:51.664,1067.5900,2
39231664555247,10:53:51.664,1067.5900,1
39231668604172,10:53:51.668,1067.7100,2
39236292478449,10:53:56.292,1067.7700,1
39257231208046,10:54:17.231,1067.7000,100
39284229332762,10:54:44.229,1067.6700,100
39306060937715,10:55:06.060,1068.3700,1
39310063530744,10:55:10.063,1068.5000,46
39310063530744,10:55:10.063,1068.6000,46
39324254399349,10:55:24.254,1068.2900,2
39324254482947,10:55:24.254,1068.2900,100
39324254482947,10:55:24.254,1068.2900,100
39324254482947,10:55:24.254,1068.2900,100
39326223000276,10:55:26.223,1068.5000,48
39334544476897,10:55:34.544,1068.7600,1
39334544476897,10:55:34.544,1068.8200,15
39340831072433,10:55:40.831,1068.9500,16
39347291391303,10:55:47.291,1068.8100,1
39352595414992,10:55:52.595,1068.5300,1
39352595414992,10:55:52.595,1068.5200,25
39354792301183,10:55:54.792,1068.5300,1
39354792301183,10:55:54.792,1068.5200,25
39354792301183,10:55:54.792,1068.5200,1
39354795252425,10:55:54.795,1068.5200,1
39356437280231,10:55:56.437,1068.7300,10
39364892463628,10:56:04.892,1068.8200,100
39364907263954,10:56:04.907,1068.8100,100
39364907786559,10:56:04.907,1068.8100,10
39364907796980,10:56:04.907,1068.8100,10
39364951939580,10:56:04.951,1068.8200,100
39373842886995,10:56:13.842,1068.8400,50
39374944086348,10:56:14.944,1068.6400,6
39374944093947,10:56:14.944,1068.6400,94
39374944093947,10:56:14.944,1068.6400,1
39374944093947,10:56:14.944,1068.6400,5
39378143604720,10:56:18.143,1068.6400,95
39378143604720,10:56:18.143,1068.6400,5
39378143650040,10:56:18.143,1068.6400,95
39378144224978,10:56:18.144,1068.5000,8
39378144224978,10:56:18.144,1068.5000,8
39378144224978,10:56:18.144,1068.4900,35
39378144415108,10:56:18.144,1068.4900,42
39378145792706,10:56:18.145,1068.4900,23
39378145792706,10:56:18.145,1068.4900,100
39378145792706,10:56:18.145,1068.4900,100
39392401617779,10:56:32.401,1068.2000,3
39396268722077,10:56:36.268,1068.1100,100
39396268926208,10:56:36.268,1068.1100,48
39396268984691,10:56:36.268,1068.1100,52
39396292709621,10:56:36.292,1068.0000,26
39423287139374,10:57:03.287,1068.1000,100
39423287139374,10:57:03.287,1068.1400,2
39423396841876,10:57:03.396,1068.1400,102
39423614085608,10:57:03.614,1068.1400,102
39423668570383,10:57:03.668,1068.1400,44
39423668570383,10:57:03.668,1068.1700,37
39423668604191,10:57:03.668,1068.1700,63
39423668604191,10:57:03.668,1068.1700,2
39423668815502,10:57:03.668,1068.1700,100
39423668815502,10:57:03.668,1068.1700,99
39423668891920,10:57:03.668,1068.1700,1
39428976385972,10:57:08.976,1068.2900,98
39433696847722,10:57:13.696,1067.8400,10
39433696849443,10:57:13.696,1067.8400,90
39433696849443,10:57:13.696,1067.8200,10
39433696874410,10:57:13.696,1067.8000,100
39433696918770,10:57:13.696,1067.8000,11
39433697276437,10:57:13.697,1067.7500,5
39433697874108,10:57:13.697,1067.6300,5
39433697874108,10:57:13.697,1067.6200,95
39433805785654,10:57:13.805,1067.6200,10
39434257475802,10:57:14.257,1067.5600,100
39436963197539,10:57:16.963,1067.5000,50
39436963197539,10:57:16.963,1067.5000,50
39436963252239,10:57:16.963,1067.5000,42
39436963283469,10:57:16.963,1067.5000,8
39449820344334,10:57:29.820,1067.1700,100
39467221328518,10:57:47.221,1067.0900,1
39467221384579,10:57:47.221,1067.0900,99
39467221385365,10:57:47.221,1067.0600,1
39467221460942,10:57:47.221,1067.0000,5
39467221460942,10:57:47.221,1067.0000,1
39467221460942,10:57:47.221,1067.0000,41
39467223595260,10:57:47.223,1067.0000,9
39467223595260,10:57:47.223,1067.0000,50
39467223595260,10:57:47.223,1067.0000,41
39467223942777,10:57:47.223,1067.0000,59
39467223993783,10:57:47.223,1067.0200,15
39467373181716,10:57:47.373,1066.9000,4
39467373209701,10:57:47.373,1066.9000,96
39467373209701,10:57:47.373,1066.9100,4
39467373245186,10:57:47.373,1066.9100,96
39467373254828,10:57:47.373,1066.9200,1
39467373254828,10:57:47.373,1066.9200,15
39467373266656,10:57:47.373,1066.9200,5
39467373305590,10:57:47.373,1066.9600,15
39467377174972,10:57:47.377,1066.9500,10
39467377193193,10:57:47.377,1066.9500,50
39467377218522,10:57:47.377,1066.9500,40
39467710498499,10:57:47.710,1066.9300,3
39477429255119,10:57:57.429,1067.2000,100
39498558860582,10:58:18.558,1067.7000,2
39498558866206,10:58:18.558,1067.7100,1
39518222663915,10:58:38.222,1067.7000,100
39518222663915,10:58:38.222,1067.5700,2
39518226782786,10:58:38.226,1067.5300,1
39518226782786,10:58:38.226,1067.5300,30
39518226791915,10:58:38.226,1067.5300,70
39518226791915,10:58:38.226,1067.5300,1
39521587502412,10:58:41.587,1067.4000,1
39521587516475,10:58:41.587,1067.4000,1
39535129298464,10:58:55.129,1067.3800,3
39577138492319,10:59:37.138,1067.5800,2
39577138492319,10:59:37.138,1067.5900,100
39577138492319,10:59:37.138,1067.5900,1
39580736063034,10:59:40.736,1067.8400,1
39580736089237,10:59:40.736,1067.7400,100
39583568106055,10:59:43.568,1067.7600,1
39585102061651,10:59:45.102,1067.9900,10
39593365843589,10:59:53.365,1067.8200,55
39601221255309,11:00:01.221,1068.5000,1
39601235908240,11:00:01.235,1068.5000,2
39608751153493,11:00:08.751,1068.7900,1
39608751162267,11:00:08.751,1068.8100,2
39608751166878,11:00:08.751,1068.8100,98
39608751166878,11:00:08.751,1068.8800,2
39622370068171,11:00:22.370,1068.0500,1
39622370137149,11:00:22.370,1068.0500,100
39622370137149,11:00:22.370,1068.0500,100
39622370137149,11:00:22.370,1068.0500,49
39622370143444,11:00:22.370,1068.0500,51
39622370143444,11:00:22.370,1068.0500,100
39645649715982,11:00:45.649,1067.7500,50
39662804917505,11:01:02.804,1068.4100,1
39662911519555,11:01:02.911,1068.8600,10
39662940722252,11:01:02.940,1068.8900,5
39662953971683,11:01:02.953,1068.8900,35
39662954026549,11:01:02.954,1068.8900,87
39662954157621,11:01:02.954,1068.8900,100
39662954157621,11:01:02.954,1068.8900,22
39662954348951,11:01:02.954,1068.8900,15
39662954443027,11:01:02.954,1068.8900,5
39662954447836,11:01:02.954,1068.8900,58
39662954528657,11:01:02.954,1068.8900,42
39663041621442,11:01:03.041,1068.7900,5
39663043992952,11:01:03.043,1068.8100,100
39663044491608,11:01:03.044,1068.8900,100
39663045700709,11:01:03.045,1068.8900,100
39663309496193,11:01:03.309,1068.8900,100
39663389416517,11:01:03.389,1068.8900,7
39663389620632,11:01:03.389,1068.8900,83
39663482922763,11:01:03.482,1069.8000,1
39663482922763,11:01:03.482,1069.8000,12
39663484218181,11:01:03.484,1069.8000,12
39663503637570,11:01:03.503,1069.8000,13
39663510136071,11:01:03.510,1069.8000,75
39663601848942,11:01:03.601,1069.5500,2
39663601961717,11:01:03.601,1069.5500,98
39663601961717,11:01:03.601,1069.5500,3
39663643644689,11:01:03.643,1069.7100,5
39663955927524,11:01:03.955,1069.7400,11
39664666628853,11:01:04.666,1069.7100,59
39666864681698,11:01:06.864,1069.1200,9
39666870270335,11:01:06.870,1069.1200,91
39667171813958,11:01:07.171,1068.9700,8
39667177155844,11:01:07.177,1068.9700,7
39667177301389,11:01:07.177,1068.9700,2
39667315028790,11:01:07.315,1068.9700,83
39667315028790,11:01:07.315,1068.9700,17
39667315058938,11:01:07.315,1068.9700,4
39667315062639,11:01:07.315,1068.9700,79
39667316023998,11:01:07.316,1068.7400,5
39667322595991,11:01:07.322,1068.7400,5
39667352410598,11:01:07.352,1068.7400,7
39713312422081,11:01:53.312,1069.6900,1
39713312515833,11:01:53.312,1069.7400,75
39723590732917,11:02:03.590,1069.9900,100
39723590732917,11:02:03.590,1069.9900,1
39723599680337,11:02:03.599,1069.9900,2
39723599680337,11:02:03.599,1069.9900,1
39723607833162,11:02:03.607,1069.9900,4
39723626842458,11:02:03.626,1069.9900,1
39723640602726,11:02:03.640,1069.9700,4
39723925705361,11:02:03.925,1070.0000,4
39723926719126,11:02:03.926,1070.0000,1
39723929553501,11:02:03.929,1070.0000,1
39723931213329,11:02:03.931,1070.0000,1
39724747044727,11:02:04.747,1070.0000,3
39724752475794,11:02:04.752,1070.0000,3
39724752588865,11:02:04.752,1070.0000,35
39724761654935,11:02:04.761,1070.0000,3
39724767032977,11:02:04.767,1070.0000,2
39724771184937,11:02:04.771,1070.0000,2
39724777008989,11:02:04.777,1070.0000,2
39724781145960,11:02:04.781,1070.0000,2
39724786383130,11:02:04.786,1070.0000,2
39724790532407,11:02:04.790,1070.0000,2
39724840809191,11:02:04.840,1070.0000,2
39724891362835,11:02:04.891,1070.0000,2
39724941984981,11:02:04.941,1070.0000,1
39725726364020,11:02:05.726,1070.0000,1
39725730524872,11:02:05.730,1070.0000,1
39725735814508,11:02:05.735,1070.0000,1
39725739939849,11:02:05.739,1070.0000,1
39725744114351,11:02:05.744,1070.0000,1
39725748497742,11:02:05.748,1070.0000,1
39725752619201,11:02:05.752,1070.0000,1
39725756753896,11:02:05.756,1070.0000,1
39725807513251,11:02:05.807,1070.0000,1
39725857155741,11:02:05.857,1070.0000,1
39725907836209,11:02:05.907,1070.0000,1
39725957383755,11:02:05.957,1070.0000,1
39726007531468,11:02:06.007,1070.0000,1
39726057522928,11:02:06.057,1070.0000,1
39726107779596,11:02:06.107,1070.0000,1
39726158502395,11:02:06.158,1070.0000,1
39726207908088,11:02:06.207,1070.0000,1
39726301443641,11:02:06.301,1070.0000,25
39728057662025,11:02:08.057,1070.0800,139
39728057676818,11:02:08.057,1070.0800,104
39728057680246,11:02:08.057,1070.0800,93
39728057682388,11:02:08.057,1070.0800,114
39728057682388,11:02:08.057,1070.1100,7
39728057682388,11:02:08.057,1070.1100,76
39728057737044,11:02:08.057,1070.1100,24
39728057737044,11:02:08.057,1070.1100,80
39728058080457,11:02:08.058,1070.1100,10
39731552734030,11:02:11.552,1070.2700,30
39750841876313,11:02:30.841,1070.3100,42
39750841902166,11:02:30.841,1070.3100,58
39753918181190,11:02:33.918,1070.5000,1
39759141169125,11:02:39.141,1070.5000,2
39759141169125,11:02:39.141,1070.5000,10
39762630342025,11:02:42.630,1070.3000,100
39762630342025,11:02:42.630,1070.2300,50
39782486442949,11:03:02.486,1070.7300,1
39782486474753,11:03:02.486,1070.7300,49
39782486564640,11:03:02.486,1070.6300,15
39784310414010,11:03:04.310,1070.3300,100
39784310414010,11:03:04.310,1070.3300,2
39784310414010,11:03:04.310,1070.3300,1
39784310461379,11:03:04.310,1070.3000,1
39785138091203,11:03:05.138,1070.1000,1
39785138091203,11:03:05.138,1070.1000,2
39785138115211,11:03:05.138,1070.0500,12
39789605511340,11:03:09.605,1069.6200,8
39789605511340,11:03:09.605,1069.6200,2
39793863648129,11:03:13.863,1069.3300,10
39793863648129,11:03:13.863,1069.2400,70
39794202888013,11:03:14.202,1069.2400,7
39795328096797,11:03:15.328,1069.2400,23
39795328096797,11:03:15.328,1069.2400,2
39795328096797,11:03:15.328,1069.0800,100
39795328096797,11:03:15.328,1068.9900,15
39795328096797,11:03:15.328,1068.9800,37
39799465314393,11:03:19.465,1068.9800,63
39799465314393,11:03:19.465,1068.9800,2
39801330245120,11:03:21.330,1068.6700,100
39801330322448,11:03:21.330,1068.6700,100
39801330322448,11:03:21.330,1068.6700,100
39801330322448,11:03:21.330,1068.6700,2
39804856188826,11:03:24.856,1068.8100,4
39829915267037,11:03:49.915,1069.4000,100
39829915267037,11:03:49.915,1069.4900,100
39829915267037,11:03:49.915,1069.5000,100
39830966239018,11:03:50.966,1068.9500,99
39869834662200,11:04:29.834,1069.0500,5
39869834662200,11:04:29.834,1069.0000,92
39869834662200,11:04:29.834,1068.8600,100
39869834662200,11:04:29.834,1068.7500,2
39870345167380,11:04:30.345,1068.7000,1
39870345167380,11:04:30.345,1068.7000,2
39870345167380,11:04:30.345,1068.6500,9
39870592756879,11:04:30.592,1068.9000,2
39870592756879,11:04:30.592,1068.9100,1
39870592885205,11:04:30.592,1068.9100,15
39870594686654,11:04:30.594,1068.9200,4
39880422409142,11:04:40.422,1068.4100,1
39883697265741,11:04:43.697,1068.6400,1
39883697291518,11:04:43.697,1068.6500,41
39927290254671,11:05:27.290,1068.7700,1
39936909736113,11:05:36.909,1068.5700,100
39952377930682,11:05:52.377,1068.5300,8
39952377975426,11:05:52.377,1068.5300,92
39953644692400,11:05:53.644,1068.3800,100
39954205114320,11:05:54.205,1068.2900,100
39959475343060,11:05:59.475,1068.2800,79
39959509728681,11:05:59.509,1068.2800,21
39968241774308,11:06:08.241,1068.1600,5
39968241774308,11:06:08.241,1068.1300,1
39968241774308,11:06:08.241,1068.0200,55
40012421114723,11:06:52.421,1068.0000,50
40012421114723,11:06:52.421,1068.0000,4
40012421114723,11:06:52.421,1068.0000,1
40012421114723,11:06:52.421,1068.0000,2
40056613187264,11:07:36.613,1067.7500,15
40070568611241,11:07:50.568,1067.5900,1
40082254183480,11:08:02.254,1067.5800,50
40082255284934,11:08:02.255,1067.5300,11
40082284002669,11:08:02.284,1067.5300,25
40089757345188,11:08:09.757,1067.3200,1
40089757379712,11:08:09.757,1067.2900,50
40102024709519,11:08:22.024,1067.1200,13
40151310245802,11:09:11.310,1067.4600,5
40151310245802,11:09:11.310,1067.4900,2
40151310245802,11:09:11.310,1067.5000,7
40151312311578,11:09:11.312,1067.5000,100
40151312383767,11:09:11.312,1067.5000,86
40152230675633,11:09:12.230,1067.1500,10
40159289955256,11:09:19.289,1067.4300,1
40169244376389,11:09:29.244,1067.6300,1
40169244432771,11:09:29.244,1067.6300,1
40169244490217,11:09:29.244,1067.6400,1
40169244513635,11:09:29.244,1067.6500,100
40169245619800,11:09:29.245,1067.6400,25
40169246723909,11:09:29.246,1067.6400,19
40169634538866,11:09:29.634,1067.4600,50
40169642011853,11:09:29.642,1067.4600,50
40172014230473,11:09:32.014,1067.3200,50
40179871488456,11:09:39.871,1067.2500,23
40179871502878,11:09:39.871,1067.2500,6
40218997830028,11:10:18.997,1067.8500,2
40222191451074,11:10:22.191,1067.8600,15
40222191451074,11:10:22.191,1067.9100,4
40222191451074,11:10:22.191,1067.9100,22
40225530918848,11:10:25.530,1067.9100,8
40225530918848,11:10:25.530,1067.9100,22
40225530956855,11:10:25.530,1067.9200,7
40225530958600,11:10:25.530,1067.9200,23
40225530958600,11:10:25.530,1068.0000,27
40225531050116,11:10:25.531,1068.0000,23
40225668975980,11:10:25.668,1068.3600,1
40225672089370,11:10:25.672,1068.3700,1
40225728688449,11:10:25.728,1068.5500,25
40238753391764,11:10:38.753,1068.3000,129
40281060860805,11:11:21.060,1068.2700,79
40281060909895,11:11:21.060,1068.3450,122
40281060958531,11:11:21.060,1068.3450,122
40281061356324,11:11:21.061,1068.3450,56
40281061356324,11:11:21.061,1068.2700,21
40281061511115,11:11:21.061,1068.0000,100
40281061511115,11:11:21.061,1068.0000,100
40281061511115,11:11:21.061,1068.0000,1
40281062658380,11:11:21.062,1068.0700,100
40281065199307,11:11:21.065,1068.1400,100
40281077260870,11:11:21.077,1068.1500,50
40281077260870,11:11:21.077,1068.1600,50
40281101711216,11:11:21.101,1068.2800,100
40281101711216,11:11:21.101,1068.3200,100
40284247976936,11:11:24.247,1068.5000,200
40292404708908,11:11:32.404,1068.6300,200
40297466932964,11:11:37.466,1068.6300,100
40297466932964,11:11:37.466,1068.4700,100
40297466932964,11:11:37.466,1068.2600,10
40297466932964,11:11:37.466,1068.2600,90
40297466985399,11:11:37.466,1068.2600,4
40297469074135,11:11:37.469,1068.2600,6
40297469074135,11:11:37.469,1068.2600,3
40297931079037,11:11:37.931,1068.4550,147
40305250029117,11:11:45.250,1068.6500,1
40305250029117,11:11:45.250,1068.6500,2
40305250115306,11:11:45.250,1068.6500,4
40305250265143,11:11:45.250,1068.6500,93
40309055597113,11:11:49.055,1068.5700,100
40313231089049,11:11:53.231,1068.7300,100
40313614395955,11:11:53.614,1068.4600,9
40313614438862,11:11:53.614,1068.4600,4
40319405861445,11:11:59.405,1068.9000,80
40319405861445,11:11:59.405,1068.9100,1
40319405903327,11:11:59.405,1068.9200,28
40319405903327,11:11:59.405,1068.9300,72
40319405949595,11:11:59.405,1068.9300,28
40345114993196,11:12:25.114,1068.8900,5
40366378025559,11:12:46.378,1069.4600,1
40366378025559,11:12:46.378,1069.4600,2
40371659526896,11:12:51.659,1069.7800,99
40371659557377,11:12:51.659,1069.7800,1
40372264970615,11:12:52.264,1069.9500,1
40372264970615,11:12:52.264,1069.9500,2
40393342958450,11:13:13.342,1069.9900,2
40393342981853,11:13:13.342,1070.0000,100
40394343466429,11:13:14.343,1070.1500,1
40396885314328,11:13:16.885,1070.4800,53
40401784267952,11:13:21.784,1070.0000,1
40401784709280,11:13:21.784,1070.0000,50
40409267258223,11:13:29.267,1069.8700,100
40409267258223,11:13:29.267,1069.8700,100
40409267380282,11:13:29.267,1069.8600,68
40409781598744,11:13:29.781,1069.9000,71
40409781598744,11:13:29.781,1069.8800,61
40414266586801,11:13:34.266,1069.8600,27
40414475484975,11:13:34.475,1069.8600,5
40414475484975,11:13:34.475,1069.8600,100
40414476002229,11:13:34.476,1069.8600,100
40414518820566,11:13:34.518,1069.7800,1
40421302352754,11:13:41.302,1069.5400,15
40423252483134,11:13:43.252,1069.3900,10
40429528399573,11:13:49.528,1069.5000,2
40429528399573,11:13:49.528,1069.4500,8
40434178230704,11:13:54.178,1069.8100,1
40434178328121,11:13:54.178,1069.8100,1
40481135181297,11:14:41.135,1069.8200,1
40481135181297,11:14:41.135,1069.8200,2
40481135206762,11:14:41.135,1069.8500,1
40481135206762,11:14:41.135,1069.8500,100
