timestamp,time,price,volume
34200844682310,09:30:00.844,6.2300,486
34428490807672,09:33:48.490,6.2200,100
34431605725542,09:33:51.605,6.2500,5
34431605725542,09:33:51.605,6.2500,71
34431605725542,09:33:51.605,6.2600,1
34431605725542,09:33:51.605,6.2600,71
34921057588920,09:42:01.057,6.2800,9
34921057723633,09:42:01.057,6.2800,12
34921057723633,09:42:01.057,6.2600,88
34921058595284,09:42:01.058,6.2600,12
34921058595284,09:42:01.058,6.2600,88
35062064117173,09:44:22.064,6.2500,94
35071951517650,09:44:31.951,6.2500,206
35256053372707,09:47:36.053,6.2500,53
35544388146852,09:52:24.388,6.2300,53
35861040981894,09:57:41.040,6.2300,53
36164637191326,10:02:44.637,6.2400,53
36463380887731,10:07:43.380,6.2100,53
36764377931047,10:12:44.377,6.1900,53
37040229656584,10:17:20.229,6.1900,53
37083138061982,10:18:03.138,6.1700,1
37083138061982,10:18:03.138,6.1700,4
37091485535947,10:18:11.485,6.1600,100
37091485535947,10:18:11.485,6.1600,100
37115878260299,10:18:35.878,6.1400,14
37313866418699,10:21:53.866,6.1400,100
37313866478024,10:21:53.866,6.1400,100
37313866714596,10:21:53.866,6.1400,100
37313866714596,10:21:53.866,6.1400,100
37313866714596,10:21:53.866,6.1400,100
37313866714596,10:21:53.866,6.1400,100
37313866754989,10:21:53.866,6.1400,29
37313866826519,10:21:53.866,6.1400,71
37313866904998,10:21:53.866,6.1500,29
37313867133389,10:21:53.867,6.1600,29
37313867133389,10:21:53.867,6.1600,71
37313867276968,10:21:53.867,6.1600,29
37313867276968,10:21:53.867,6.1600,71
37313867356637,10:21:53.867,6.1600,29
37313867356637,10:21:53.867,6.1600,71
37313867426504,10:21:53.867,6.1600,29
37313867447019,10:21:53.867,6.1600,71
37313867519595,10:21:53.867,6.1600,29
37313867519595,10:21:53.867,6.1600,71
37313867591077,10:21:53.867,6.1600,29
37313867623104,10:21:53.867,6.1700,29
37313867655926,10:21:53.867,6.1800,29
37313994394076,10:21:53.994,6.1900,100
37313994394076,10:21:53.994,6.1900,29
37313997227856,10:21:53.997,6.2100,29
37313999626164,10:21:53.999,6.2200,29
37313999626164,10:21:53.999,6.2200,18
37314078401402,10:21:54.078,6.2000,100
37354024984848,10:22:34.024,6.1900,53
37561820963268,10:26:01.820,6.1900,14
37644271313858,10:27:24.271,6.2000,53
37956577201210,10:32:36.577,6.2100,53
38067980389979,10:34:27.980,6.1800,100
38152192863805,10:35:52.192,6.2100,100
38260706845191,10:37:40.706,6.2300,53
38841008682983,10:47:21.008,6.2300,47
38841008682983,10:47:21.008,6.2400,7
38878889979547,10:47:58.889,6.2000,100
38878889979547,10:47:58.889,6.2000,100
38878889979547,10:47:58.889,6.2000,100
38878891402192,10:47:58.891,6.1900,4
38878891402192,10:47:58.891,6.1800,96
38878892773379,10:47:58.892,6.1900,4
38878893226155,10:47:58.893,6.1800,4
38878923139793,10:47:58.923,6.1600,100
38878993579579,10:47:58.993,6.1500,100
38878994826948,10:47:58.994,6.1500,100
39161511976133,10:52:41.511,6.2400,53
39200868792166,10:53:20.868,6.2300,100
39200872958202,10:53:20.872,6.2200,100
39200879266160,10:53:20.879,6.2100,100
39200880590063,10:53:20.880,6.1800,100
39200880894815,10:53:20.880,6.1800,100
39200982223106,10:53:20.982,6.1800,100
39442969931205,10:57:22.969,6.2400,53
39835309971853,11:03:55.309,6.2100,10
39835314102119,11:03:55.314,6.1900,5
39835314102119,11:03:55.314,6.1900,100
39835314102119,11:03:55.314,6.1900,100
39835314102119,11:03:55.314,6.1900,5
39835316558584,11:03:55.316,6.1800,100
40048970508591,11:07:28.970,6.2100,53
40343614139401,11:12:23.614,6.2000,53
40655280665002,11:17:35.280,6.2000,53
40712447773822,11:18:32.447,6.2100,100
40758679294485,11:19:18.679,6.2300,110
40758681622726,11:19:18.681,6.2100,100
40758681780662,11:19:18.681,6.2000,90
40758682435438,11:19:18.682,6.2000,10
40758685993787,11:19:18.685,6.1900,100
40761429418432,11:19:21.429,6.1900,100
40767720752878,11:19:27.720,6.1700,100
40767720813306,11:19:27.720,6.1700,100
40767721847500,11:19:27.721,6.1900,100
40792376470032,11:19:52.376,6.1700,100
40792376470032,11:19:52.376,6.1700,100
40792775350684,11:19:52.775,6.1600,100
40793114127910,11:19:53.114,6.1500,100
40802362349875,11:20:02.362,6.0800,100
40802362976786,11:20:02.362,6.1000,1
40803867775381,11:20:03.867,6.0800,1
40814771937123,11:20:14.771,6.0500,3
40814771937123,11:20:14.771,6.0500,100
40935661045592,11:22:15.661,6.0600,53
40993806747859,11:23:13.806,6.0500,100
40993808526467,11:23:13.808,6.0500,100
41239944314855,11:27:19.944,6.0600,53
41589762323070,11:33:09.762,6.0700,26
41616245029820,11:33:36.245,6.0900,100
41855138143533,11:37:35.138,6.0900,53
42143460187815,11:42:23.460,6.0800,100
42143460187815,11:42:23.460,6.0800,5
42147790894621,11:42:27.790,6.0800,100
42156462228167,11:42:36.462,6.0900,53
42868251310817,11:54:28.251,6.0800,100
43050241496973,11:57:30.241,6.1200,53
43349253825997,12:02:29.253,6.1300,53
43944394986642,12:12:24.394,6.1300,47
43944394986642,12:12:24.394,6.1300,6
44248518213669,12:17:28.518,6.1200,53
44550566112624,12:22:30.566,6.1300,53
44836388882341,12:27:16.388,6.1200,53
44853736735175,12:27:33.736,6.1100,100
45145508709530,12:32:25.508,6.1100,53
45356942148961,12:35:56.942,6.1000,100
45356943347184,12:35:56.943,6.0900,7
45356943347184,12:35:56.943,6.0900,93
45356943425156,12:35:56.943,6.0900,7
45357148273205,12:35:57.148,6.1000,200
45357148273205,12:35:57.148,6.1000,100
45444631882705,12:37:24.631,6.1100,53
45531003656439,12:38:51.003,6.1100,10
45744749053929,12:42:24.749,6.1100,53
46038672927343,12:47:18.672,6.1100,53
46123958513339,12:48:43.958,6.1100,10
46351410585589,12:52:31.410,6.1100,53
46462167382285,12:54:22.167,6.1100,10
46650607683637,12:57:30.607,6.1100,53
46664237462642,12:57:44.237,6.1100,37
46664237462642,12:57:44.237,6.1100,100
46664237462642,12:57:44.237,6.1100,63
46664237993099,12:57:44.237,6.1100,37
46801420383414,13:00:01.420,6.1100,200
46931704827733,13:02:11.704,6.1200,100
46944030731592,13:02:24.030,6.1200,4
46944030731592,13:02:24.030,6.1200,49
47243547669464,13:07:23.547,6.1200,53
47245735807806,13:07:25.735,6.1200,47
47245735807806,13:07:25.735,6.1200,53
47245735965777,13:07:25.735,6.1200,47
47245735965777,13:07:25.735,6.1200,53
47245736296923,13:07:25.736,6.1200,47
47290070924716,13:08:10.070,6.1200,5
47290071486046,13:08:10.071,6.1200,9
47541315639491,13:12:21.315,6.1400,53
47862891101011,13:17:42.891,6.1300,53
47920417892135,13:18:40.417,6.1300,200
48145449904058,13:22:25.449,6.1400,47
48145449904058,13:22:25.449,6.1400,6
48236941314914,13:23:56.941,6.1100,30
48455949952230,13:27:35.949,6.1400,53
48755014177454,13:32:35.014,6.1300,53
48974318733775,13:36:14.318,6.1000,100
48974318733775,13:36:14.318,6.1000,1
48974318874073,13:36:14.318,6.0900,100
48997091587719,13:36:37.091,6.0900,21
48997091587719,13:36:37.091,6.0900,79
49038591353328,13:37:18.591,6.0900,100
49038591353328,13:37:18.591,6.0900,100
49038591957667,13:37:18.591,6.0900,100
49062070727642,13:37:42.070,6.1200,53
49338652842900,13:42:18.652,6.1100,53
49651383623523,13:47:31.383,6.1200,54
49949700493849,13:52:29.700,6.1100,53
50550721211386,14:02:30.721,6.1200,53
50710954002110,14:05:10.954,6.1200,100
50710961807200,14:05:10.961,6.1300,100
50710962232355,14:05:10.962,6.1300,100
50721345200360,14:05:21.345,6.1500,100
50795369598346,14:06:35.369,6.1300,26
50795369598346,14:06:35.369,6.1300,74
50795369693265,14:06:35.369,6.1300,26
50795369693265,14:06:35.369,6.1300,38
50795369704427,14:06:35.369,6.1300,62
50795369704427,14:06:35.369,6.1300,88
50795369705345,14:06:35.369,6.1300,12
50795370079724,14:06:35.370,6.1100,100
50860018313525,14:07:40.018,6.1200,53
50921608690630,14:08:41.608,6.1000,1
50921815233964,14:08:41.815,6.0900,100
50921815233964,14:08:41.815,6.1000,40
50921815233964,14:08:41.815,6.1000,60
50921816295077,14:08:41.816,6.1000,40
50921816295077,14:08:41.816,6.1000,100
51155994569619,14:12:35.994,6.1200,53
51445257603330,14:17:25.257,6.1500,53
51760889091099,14:22:40.889,6.1500,53
51762521053987,14:22:42.521,6.1500,100
51812423570973,14:23:32.423,6.1500,100
52039915412305,14:27:19.915,6.1500,53
52053221872371,14:27:33.221,6.1400,100
52099925370891,14:28:19.925,6.1300,100
52104395401160,14:28:24.395,6.1100,100
52340078332370,14:32:20.078,6.1200,53
52344290666906,14:32:24.290,6.1200,100
52347213333879,14:32:27.213,6.1200,19
52347213333879,14:32:27.213,6.1200,81
52649261109175,14:37:29.261,6.1300,53
52944554285455,14:42:24.554,6.1300,47
52944555098703,14:42:24.555,6.1400,50
52945102215782,14:42:25.102,6.1400,100
53244900277749,14:47:24.900,6.1500,53
53544154978529,14:52:24.154,6.1400,53
53850306177516,14:57:30.306,6.1400,47
53850306177516,14:57:30.306,6.1400,6
53850524896374,14:57:30.524,6.1250,2
53850524896374,14:57:30.524,6.1250,1
53850524896374,14:57:30.524,6.1250,2
53850524896374,14:57:30.524,6.1250,1
53850524896374,14:57:30.524,6.1250,1
53850524896374,14:57:30.524,6.1250,1
53850524896374,14:57:30.524,6.1250,2
53850524896374,14:57:30.524,6.1250,2
53850524896374,14:57:30.524,6.1250,1
53850524896374,14:57:30.524,6.1250,2
53850524896374,14:57:30.524,6.1250,1
54149362333326,15:02:29.362,6.1300,53
54276943440802,15:04:36.943,6.1000,100
54276943751889,15:04:36.943,6.1000,10
54276943751889,15:04:36.943,6.1000,9
54444272463296,15:07:24.272,6.1000,53
54598486224184,15:09:58.486,6.0800,100
54598486224184,15:09:58.486,6.0800,7
54598946351001,15:09:58.946,6.0700,100
54609007304635,15:10:09.007,6.0800,200
54609007304635,15:10:09.007,6.0800,100
54609007744312,15:10:09.007,6.0800,73
54609007754763,15:10:09.007,6.0800,27
54702507786145,15:11:42.507,6.0800,100
54744365331639,15:12:24.365,6.1000,53
54827562476467,15:13:47.562,6.0900,2
54827562476467,15:13:47.562,6.0900,1
54827562476467,15:13:47.562,6.0900,1
54827562476467,15:13:47.562,6.0900,1
54827562476467,15:13:47.562,6.0900,1
54827562476467,15:13:47.562,6.0900,1
54827562476467,15:13:47.562,6.0900,1
54827562476467,15:13:47.562,6.0900,1
54827562476467,15:13:47.562,6.0900,2
54827562476467,15:13:47.562,6.0900,1
54827562476467,15:13:47.562,6.0900,2
54827562476467,15:13:47.562,6.0900,1
54840687617853,15:14:00.687,6.0700,100
54840687617853,15:14:00.687,6.0700,200
54840688008388,15:14:00.688,6.0700,8
54840688298676,15:14:00.688,6.0600,100
54840947117956,15:14:00.947,6.0300,1
54843969613038,15:14:03.969,6.0300,100
54848180273066,15:14:08.180,6.0000,100
54848180273066,15:14:08.180,6.0000,100
54848180273066,15:14:08.180,6.0000,31
54848180273066,15:14:08.180,6.0000,2
54848180273066,15:14:08.180,6.0000,1
54848180273066,15:14:08.180,6.0000,166
54848180345570,15:14:08.180,6.0000,100
54848180377676,15:14:08.180,6.0000,100
54848180570938,15:14:08.180,6.0000,100
54848180832856,15:14:08.180,6.0000,100
54848180832856,15:14:08.180,6.0000,100
54848180832856,15:14:08.180,6.0000,300
54848180871526,15:14:08.180,6.0000,100
54848181047799,15:14:08.181,6.0000,100
54848181047799,15:14:08.181,6.0000,100
54848181047799,15:14:08.181,6.0000,92
54848181092065,15:14:08.181,6.0000,500
54848181136807,15:14:08.181,6.0000,100
54852928488683,15:14:12.928,6.0000,100
54852928488683,15:14:12.928,6.0000,100
54852928488683,15:14:12.928,6.0000,200
54852928582323,15:14:12.928,6.0000,100
54852929275512,15:14:12.929,6.0100,100
54852930333771,15:14:12.930,6.0000,100
54854219233323,15:14:14.219,6.0100,100
54891234914777,15:14:51.234,6.0300,100
54924093741301,15:15:24.093,6.0450,1
54924093865231,15:15:24.093,6.0450,2
54924094006509,15:15:24.094,6.0450,2
54924094255624,15:15:24.094,6.0450,1
54924094358053,15:15:24.094,6.0450,1
54924094513029,15:15:24.094,6.0450,1
54924094549666,15:15:24.094,6.0450,1
54924094930025,15:15:24.094,6.0450,1
54924094941176,15:15:24.094,6.0450,1
54924095342423,15:15:24.095,6.0450,1
54967553815415,15:16:07.553,6.0600,100
54967553815415,15:16:07.553,6.0600,200
54967554629454,15:16:07.554,6.0600,100
54967554662258,15:16:07.554,6.0600,100
55056883342718,15:17:36.883,6.0700,53
55123526964821,15:18:43.526,6.0500,1
55123529780862,15:18:43.529,6.0800,48
55123529780862,15:18:43.529,6.0800,52
55123529797900,15:18:43.529,6.0800,48
55351299351156,15:22:31.299,6.1100,53
55392529595198,15:23:12.529,6.0900,100
55392529595198,15:23:12.529,6.0900,100
55392529595198,15:23:12.529,6.0900,100
55567119816799,15:26:07.119,6.1000,200
55609376931052,15:26:49.376,6.1000,70
55611811732290,15:26:51.811,6.0700,20
55647983638144,15:27:27.983,6.1000,87
55647983638144,15:27:27.983,6.1000,113
55727735787157,15:28:47.735,6.1000,60
55727736321892,15:28:47.736,6.1000,40
55727736323270,15:28:47.736,6.1000,27
55727736336150,15:28:47.736,6.1100,3
55790898418539,15:29:50.898,6.1100,53
55888793017797,15:31:28.793,6.0800,5
55927655252561,15:32:07.655,6.0800,100
55927655252561,15:32:07.655,6.0800,30
55927655252561,15:32:07.655,6.0800,100
55927655252561,15:32:07.655,6.0800,100
55927655252561,15:32:07.655,6.0800,70
55966479191826,15:32:46.479,6.0800,100
55966479191826,15:32:46.479,6.0800,30
55966479191826,15:32:46.479,6.0800,70
56070311823957,15:34:30.311,6.0800,5
56070313128906,15:34:30.313,6.0800,15
56071316527269,15:34:31.316,6.0900,20
56246566811941,15:37:26.566,6.0900,100
56269499620544,15:37:49.499,6.0900,100
56368875671498,15:39:28.875,6.1000,100
56467560604602,15:41:07.560,6.0900,100
56486034471466,15:41:26.034,6.0900,100
56486034471466,15:41:26.034,6.0900,100
56529553315789,15:42:09.553,6.1000,100
56529554515225,15:42:09.554,6.1000,40
56570617530308,15:42:50.617,6.1000,100
56570617530308,15:42:50.617,6.1000,100
56570617530308,15:42:50.617,6.1000,200
56601272073843,15:43:21.272,6.1000,100
56601272073843,15:43:21.272,6.1000,100
56601272073843,15:43:21.272,6.1000,100
56601274626819,15:43:21.274,6.1000,100
56653397728104,15:44:13.397,6.0900,100
56691075693634,15:44:51.075,6.0900,100
56733566854926,15:45:33.566,6.0900,100
56733569800999,15:45:33.569,6.0900,100
56745239193570,15:45:45.239,6.1000,100
56855679150811,15:47:35.679,6.1000,100
56855679150811,15:47:35.679,6.1000,100
56855679150811,15:47:35.679,6.1000,80
56855679150811,15:47:35.679,6.1000,20
56890045502429,15:48:10.045,6.1000,100
56909183555465,15:48:29.183,6.1000,40
56909183555465,15:48:29.183,6.1000,60
57073809277050,15:51:13.809,6.1000,100
57073809277050,15:51:13.809,6.1000,100
57094132128719,15:51:34.132,6.0900,100
57095637726150,15:51:35.637,6.0900,8
57127270343115,15:52:07.270,6.0800,51
57131635328451,15:52:11.635,6.0900,92
57131635328451,15:52:11.635,6.0900,52
57131635328451,15:52:11.635,6.0900,51
57131635328451,15:52:11.635,6.0900,5
57138878176547,15:52:18.878,6.0900,100
57138879687993,15:52:18.879,6.0900,100
57139408097909,15:52:19.408,6.1000,64
57139409201977,15:52:19.409,6.1100,100
57267814611331,15:54:27.814,6.1000,100
57267814611331,15:54:27.814,6.1000,50
57267814611331,15:54:27.814,6.1000,50
57267814611331,15:54:27.814,6.1000,100
57267815476394,15:54:27.815,6.1100,31
57267816120139,15:54:27.816,6.1000,100
57268340485563,15:54:28.340,6.1100,100
57318250220469,15:55:18.250,6.1000,100
57318250220469,15:55:18.250,6.1000,100
57318250220469,15:55:18.250,6.1000,100
57372367641112,15:56:12.367,6.0900,100
57372367641112,15:56:12.367,6.0900,80
57372370702657,15:56:12.370,6.0900,200
57372370702657,15:56:12.370,6.0900,200
57458728966722,15:57:38.728,6.0800,34
57459224135070,15:57:39.224,6.0900,100
57459224135070,15:57:39.224,6.1000,100
57459224135070,15:57:39.224,6.1000,100
57459225190231,15:57:39.225,6.1000,49
57464375237346,15:57:44.375,6.1000,51
57464375237346,15:57:44.375,6.1000,100
57464375237346,15:57:44.375,6.1000,49
57464417936197,15:57:44.417,6.0800,16
57470603981462,15:57:50.603,6.0800,34
57474591064575,15:57:54.591,6.0800,18
57484264140772,15:58:04.264,6.0800,45
57489819484468,15:58:09.819,6.0900,24
57489819484468,15:58:09.819,6.1000,51
57489819484468,15:58:09.819,6.1000,29
57489819484468,15:58:09.819,6.1000,100
57489819484468,15:58:09.819,6.1000,100
57489819484468,15:58:09.819,6.1000,196
57494657200680,15:58:14.657,6.0900,16
57501213242640,15:58:21.213,6.0900,38
57505683786005,15:58:25.683,6.0900,15
57513317113956,15:58:33.317,6.0900,30
57520370861319,15:58:40.370,6.1000,100
57520370861319,15:58:40.370,6.1000,108
57520370861319,15:58:40.370,6.1000,92
57520370909543,15:58:40.370,6.1000,8
57520370942562,15:58:40.370,6.1000,8
57520371070990,15:58:40.371,6.1000,192
57521456213606,15:58:41.456,6.1000,34
57521493275909,15:58:41.493,6.1100,100
57528986052029,15:58:48.986,6.1100,38
57533066242149,15:58:53.066,6.1100,15
57533066886231,15:58:53.066,6.1100,99
57533066886231,15:58:53.066,6.1100,100
57533066886231,15:58:53.066,6.1100,100
57533066886231,15:58:53.066,6.1100,40
57533066886231,15:58:53.066,6.1100,115
57533066959796,15:58:53.066,6.1100,100
57533067076642,15:58:53.067,6.1100,100
57536339340375,15:58:56.339,6.0700,15
57538325756519,15:58:58.325,6.0900,100
57538325756519,15:58:58.325,6.0900,100
57538325756519,15:58:58.325,6.1000,100
57538325756519,15:58:58.325,6.1000,51
57538325756519,15:58:58.325,6.1000,20
57540102079105,15:59:00.102,6.0900,18
57540962316417,15:59:00.962,6.1000,9
57546234347524,15:59:06.234,6.0900,34
57546548661302,15:59:06.548,6.1000,71
57546548661302,15:59:06.548,6.1000,100
57546548661302,15:59:06.548,6.1000,29
57546549610908,15:59:06.549,6.1000,71
57546549610908,15:59:06.549,6.1000,58
57546549838822,15:59:06.549,6.1000,8
57546587408377,15:59:06.587,6.1000,34
57551025090098,15:59:11.025,6.1200,57
57551150693486,15:59:11.150,6.1200,43
57551150693486,15:59:11.150,6.1200,14
57553624428226,15:59:13.624,6.1100,18
57559543128941,15:59:19.543,6.1000,18
57565915031040,15:59:25.915,6.1000,32
57567844483375,15:59:27.844,6.1000,50
57567844483375,15:59:27.844,6.1000,50
57568833930779,15:59:28.833,6.1000,18
57571105023233,15:59:31.105,6.1000,40
57571105023233,15:59:31.105,6.1000,115
57571105023233,15:59:31.105,6.1000,45
57572989846772,15:59:32.989,6.1000,16
57578558123216,15:59:38.558,6.1000,19
57581342715164,15:59:41.342,6.1000,20
57581342715164,15:59:41.342,6.1000,80
57586022850727,15:59:46.022,6.1000,20
57586022850727,15:59:46.022,6.1000,100
57586022850727,15:59:46.022,6.1000,9
57590987206933,15:59:50.987,6.1200,59
57595038679213,15:59:55.038,6.1000,81
57597739935615,15:59:57.739,6.1200,64
57600306813148,16:00:00.306,6.1000,12945
