timestamp,time,price,volume
34200829070497,09:30:00.829,24.9600,1025
34231415913157,09:30:31.415,24.8600,1
34573354329076,09:36:13.354,24.8100,58
34583800118243,09:36:23.800,24.9900,100
34588375813041,09:36:28.375,24.8100,100
34588376551703,09:36:28.376,24.8600,5
34588376551703,09:36:28.376,24.8700,95
34588376579523,09:36:28.376,24.8700,5
34588376699465,09:36:28.376,24.8700,95
34588376699465,09:36:28.376,24.8700,5
34721424043215,09:38:41.424,24.8600,12
34729275398630,09:38:49.275,24.8600,32
34730776761031,09:38:50.776,24.8300,100
34730776761031,09:38:50.776,24.8300,100
34742651250320,09:39:02.651,24.8300,100
34746271666945,09:39:06.271,24.8900,100
34746271726854,09:39:06.271,24.8900,28
34746271825078,09:39:06.271,24.8500,30
34746272055311,09:39:06.272,24.8900,30
34749884307837,09:39:09.884,24.9100,100
34795017428255,09:39:55.017,24.9000,100
34844319314663,09:40:44.319,24.9000,25
34879030754787,09:41:19.030,24.8500,100
34931422037101,09:42:11.422,24.8700,3
34931422189507,09:42:11.422,24.9200,70
34931422876136,09:42:11.422,24.9400,100
34932221821519,09:42:12.221,24.9400,100
34933618764255,09:42:13.618,24.9400,66
34933618764255,09:42:13.618,24.9400,100
35039623845323,09:43:59.623,24.9000,100
35142569050889,09:45:42.569,24.8600,100
35142570016189,09:45:42.570,24.8500,100
35142570633239,09:45:42.570,24.8400,100
35274430801778,09:47:54.430,24.8600,3
35274433952802,09:47:54.433,24.8600,3
35330854690262,09:48:50.854,24.8600,94
35330854690262,09:48:50.854,24.8600,6
35330978723345,09:48:50.978,24.8600,94
35330978920345,09:48:50.978,24.8500,100
35330978920345,09:48:50.978,24.8500,100
35370677988498,09:49:30.677,24.8600,100
35370679860072,09:49:30.679,24.8500,7
35370679887487,09:49:30.679,24.8500,93
35372145489651,09:49:32.145,24.8500,100
35396767792150,09:49:56.767,24.8000,1200
35398974975321,09:49:58.974,24.8200,100
35398975103200,09:49:58.975,24.8000,33600
35398975128176,09:49:58.975,24.8000,4726
35398975185424,09:49:58.975,24.8000,1561
35398982428129,09:49:58.982,24.7400,100
35398982631135,09:49:58.982,24.7400,76
35398982665192,09:49:58.982,24.7400,5
35398982845466,09:49:58.982,24.7400,19
35398982845466,09:49:58.982,24.7400,81
35399552891407,09:49:59.552,24.7400,40
35693433710733,09:54:53.433,24.5300,3
35693436958621,09:54:53.436,24.5400,3
35860248050632,09:57:40.248,24.5300,58
35863041478440,09:57:43.041,24.5650,100
36048550478942,10:00:48.550,24.6000,100
36049594889730,10:00:49.594,24.5800,100
36049624968533,10:00:49.624,24.5700,200
36049625081944,10:00:49.625,24.5700,200
36049625114878,10:00:49.625,24.5700,7
36049625146677,10:00:49.625,24.5700,69
36049625147889,10:00:49.625,24.5700,24
36053481079154,10:00:53.481,24.5100,100
36054467797360,10:00:54.467,24.4900,100
36055451781098,10:00:55.451,24.4500,3
36055454429637,10:00:55.454,24.4500,3
36073563785408,10:01:13.563,24.4500,100
36073563873036,10:01:13.563,24.4500,13
36075951495272,10:01:15.951,24.4400,1
36075951495272,10:01:15.951,24.4400,99
36075951573842,10:01:15.951,24.4400,1
36075983253197,10:01:15.983,24.5000,42
36075983307136,10:01:15.983,24.5000,157
36075983328671,10:01:15.983,24.5000,60
36075983558502,10:01:15.983,24.5000,41
36096763469560,10:01:36.763,24.4800,100
36163294297226,10:02:43.294,24.4800,300
36163296449784,10:02:43.296,24.4800,100
36163315601991,10:02:43.315,24.4800,100
36163315918024,10:02:43.315,24.4800,167
36166689004286,10:02:46.689,24.4800,100
36166689649660,10:02:46.689,24.4800,100
36166690294249,10:02:46.690,24.4800,50
36173077904766,10:02:53.077,24.4800,206
36185484234269,10:03:05.484,24.4800,100
36192175455913,10:03:12.175,24.4700,20
36192175512032,10:03:12.175,24.4700,30
36240658830875,10:04:00.658,24.5400,100
36240661781011,10:04:00.661,24.6100,100
36579865712101,10:09:39.865,24.6700,100
36579866262251,10:09:39.866,24.6900,100
36579872814941,10:09:39.872,24.6700,20
36615042744799,10:10:15.042,24.7700,100
36734551123136,10:12:14.551,24.8100,100
37064452539433,10:17:44.452,24.9000,3
37168222364779,10:19:28.222,24.8900,100
37251206531181,10:20:51.206,24.9300,20
37516422517135,10:25:16.422,24.9600,100
37516423036929,10:25:16.423,24.9800,100
37521993613234,10:25:21.993,25.0000,100
37521993613234,10:25:21.993,25.0000,100
37521993930914,10:25:21.993,25.0000,95
37521994181049,10:25:21.994,25.0000,5
37521994181049,10:25:21.994,25.0000,195
37521994190141,10:25:21.994,25.0000,100
37521994255839,10:25:21.994,25.0000,100
37521994498292,10:25:21.994,25.0000,100
37521995549978,10:25:21.995,25.0000,100
37521996125107,10:25:21.996,25.0000,100
37521996533562,10:25:21.996,25.0000,100
37521999746510,10:25:21.999,25.0000,100
37522300576153,10:25:22.300,25.0000,100
37522301069518,10:25:22.301,25.0000,100
37522301080463,10:25:22.301,25.0000,100
37522301820895,10:25:22.301,25.0000,5
37522302449931,10:25:22.302,25.0100,100
37657500224275,10:27:37.500,25.0900,20
37657500224275,10:27:37.500,25.1000,80
37658847300069,10:27:38.847,25.1000,20
37658847300069,10:27:38.847,25.1000,80
37658847337685,10:27:38.847,25.1000,20
37658847858839,10:27:38.847,25.1100,100
37658879591009,10:27:38.879,25.1100,100
37965359406234,10:32:45.359,25.1900,100
37965430155265,10:32:45.430,25.2100,100
37965788743408,10:32:45.788,25.2500,4
37991411257462,10:33:11.411,25.3100,70
38192256789994,10:36:32.256,25.2700,100
38192256789994,10:36:32.256,25.2700,1
38192256903142,10:36:32.256,25.2600,20
38192257120979,10:36:32.257,25.2600,80
38192257120979,10:36:32.257,25.2600,20
38192257154143,10:36:32.257,25.2600,31
38192257160394,10:36:32.257,25.2600,49
38192257160394,10:36:32.257,25.2600,82
38192257182419,10:36:32.257,25.2600,14
38192257192627,10:36:32.257,25.2600,4
38256461191307,10:37:36.461,25.2100,3
38256464398108,10:37:36.464,25.2100,3
38596648005748,10:43:16.648,25.3000,60
38596648005748,10:43:16.648,25.3000,100
38596648005748,10:43:16.648,25.3000,40
38596648532305,10:43:16.648,25.3000,60
38596648532305,10:43:16.648,25.3000,100
38596648532305,10:43:16.648,25.3000,14
38596648532305,10:43:16.648,25.3000,26
38596648608907,10:43:16.648,25.3000,60
38760762724711,10:46:00.762,25.3300,14
38760762724711,10:46:00.762,25.3400,86
38760763476178,10:46:00.763,25.3400,14
38760763476178,10:46:00.763,25.3400,100
38760763476178,10:46:00.763,25.3400,5
38760763795006,10:46:00.763,25.3400,100
38760764490680,10:46:00.764,25.3400,100
38760764567534,10:46:00.764,25.3500,100
39176361569433,10:52:56.361,25.3400,100
39176361658942,10:52:56.361,25.3200,20
39176361658942,10:52:56.361,25.3100,80
39176361720232,10:52:56.361,25.3100,20
39176362762703,10:52:56.362,25.2900,100
39296112066018,10:54:56.112,25.2850,200
39347936456189,10:55:47.936,25.2500,100
39347936870896,10:55:47.936,25.2500,20
39367151774376,10:56:07.151,25.2500,17
39450067297276,10:57:30.067,25.2500,12
39519252210443,10:58:39.252,25.2550,100
39533487098384,10:58:53.487,25.2300,3
39663504580777,11:01:03.504,25.2900,100
39663504698260,11:01:03.504,25.2900,100
39663504698260,11:01:03.504,25.2900,100
39663504698260,11:01:03.504,25.2900,125
39663504710431,11:01:03.504,25.2900,62
39663507110966,11:01:03.507,25.2900,13
39692214704944,11:01:32.214,25.3000,100
39692214704944,11:01:32.214,25.3000,100
39724719550516,11:02:04.719,25.3200,100
39724719588532,11:02:04.719,25.3200,3
39724719622446,11:02:04.719,25.3200,97
39790592100337,11:03:10.592,25.3000,66
39790592183927,11:03:10.592,25.3000,34
40057159044309,11:07:37.159,25.2500,200
40057159129480,11:07:37.159,25.2500,100
40057159129480,11:07:37.159,25.2500,17
40057159129480,11:07:37.159,25.2500,100
40057159572984,11:07:37.159,25.2400,100
40096497585468,11:08:16.497,25.2000,3
40098427777635,11:08:18.427,25.2300,40
40102218592113,11:08:22.218,25.2500,100
40102218645305,11:08:22.218,25.2600,100
40102218710378,11:08:22.218,25.2600,100
40102218769871,11:08:22.218,25.2600,100
40330644694651,11:12:10.644,25.2000,17
40477243125047,11:14:37.243,25.1600,100
40477243217815,11:14:37.243,25.1600,100
40477243341886,11:14:37.243,25.1600,100
40477243470012,11:14:37.243,25.1400,83
40530073550813,11:15:30.073,25.1400,17
40530074113265,11:15:30.074,25.1600,200
40534582040749,11:15:34.582,25.1700,100
40534582090430,11:15:34.582,25.1700,100
40534611822063,11:15:34.611,25.1500,56
40714517766814,11:18:34.517,25.1300,3
41061460806932,11:24:21.460,25.1450,200
41117494435225,11:25:17.494,25.1200,100
41117494435225,11:25:17.494,25.1200,100
41117494435225,11:25:17.494,25.1200,70
41155645326749,11:25:55.645,25.0600,100
41185714069164,11:26:25.714,25.0100,100
41213769129075,11:26:53.769,25.0100,100
41213769605390,11:26:53.769,24.9800,100
41245807978872,11:27:25.807,24.9300,100
41300544168871,11:28:20.544,24.8500,2
41432196672034,11:30:32.196,24.7600,100
41439830728856,11:30:39.830,24.7600,76
41439830764875,11:30:39.830,24.7600,24
41439830764875,11:30:39.830,24.7600,28
41439830835211,11:30:39.830,24.7600,72
41439830835211,11:30:39.830,24.7600,4
41439831027252,11:30:39.831,24.7600,76
41439831127981,11:30:39.831,24.7600,20
41439831127981,11:30:39.831,24.7600,24
41439831162097,11:30:39.831,24.7600,32
41439831194636,11:30:39.831,24.7600,12
41439831218476,11:30:39.831,24.7600,32
41526346980655,11:32:06.346,24.7300,100
41526346980655,11:32:06.346,24.7300,200
41527879951840,11:32:07.879,24.7500,8
41527879951840,11:32:07.879,24.7500,192
41527879982396,11:32:07.879,24.7500,8
41527880565710,11:32:07.880,24.8100,100
41531912684830,11:32:11.912,24.8500,100
41532545025272,11:32:12.545,24.8700,100
41713793403055,11:35:13.793,24.8800,100
41713795837740,11:35:13.795,24.9200,100
42104080935253,11:41:44.080,24.9900,26
42466001000894,11:47:46.001,24.9550,100
42646369287539,11:50:46.369,24.9500,20
42646369287539,11:50:46.369,24.9400,100
42646369287539,11:50:46.369,24.9400,43
42646369287539,11:50:46.369,24.9400,80
42646369335611,11:50:46.369,24.9400,20
42876753241003,11:54:36.753,24.9300,75
43201181377514,12:00:01.181,24.9800,100
43201181452961,12:00:01.181,24.9800,100
43201188625145,12:00:01.188,25.0000,100
43201188625145,12:00:01.188,25.0000,100
43201188956600,12:00:01.188,25.0100,100
43201188956600,12:00:01.188,25.0100,100
43202278314241,12:00:02.278,25.0200,100
43203481563994,12:00:03.481,25.0700,100
43203482700373,12:00:03.482,25.0800,100
43660815456915,12:07:40.815,25.1100,100
43660815456915,12:07:40.815,25.1200,69
43660819905894,12:07:40.819,25.1200,100
43667006874100,12:07:47.006,25.1300,100
43667006912004,12:07:47.006,25.1300,100
43667011192397,12:07:47.011,25.1900,100
44188605043703,12:16:28.605,25.3100,100
44188605043703,12:16:28.605,25.3100,100
44188605043703,12:16:28.605,25.3100,100
44288079245996,12:18:08.079,25.3600,100
44288079245996,12:18:08.079,25.3600,100
44288079245996,12:18:08.079,25.3600,100
44301337361601,12:18:21.337,25.4200,100
44301337512211,12:18:21.337,25.4200,100
45161878533248,12:32:41.878,25.4000,67
45161878615200,12:32:41.878,25.4000,33
45161878615200,12:32:41.878,25.4000,100
45161878615200,12:32:41.878,25.4000,100
45166501847067,12:32:46.501,25.4500,100
45272391249807,12:34:32.391,25.4400,32
45272392046643,12:34:32.392,25.4500,67
45272392080970,12:34:32.392,25.4600,100
45272392116645,12:34:32.392,25.4700,100
45437623252236,12:37:17.623,25.4900,100
45437623252236,12:37:17.623,25.4900,100
45437623339170,12:37:17.623,25.4900,100
45437623613845,12:37:17.623,25.5200,5
45437623675608,12:37:17.623,25.5200,5
45437623726730,12:37:17.623,25.5200,5
45437623781329,12:37:17.623,25.5200,5
45437623855313,12:37:17.623,25.5200,5
45437623913936,12:37:17.623,25.5200,5
45437624254372,12:37:17.624,25.5200,70
45453508550675,12:37:33.508,25.5500,100
45453508655411,12:37:33.508,25.5500,100
45453510360454,12:37:33.510,25.5500,100
45526047564417,12:38:46.047,25.5200,100
45526047564417,12:38:46.047,25.5100,100
45526047601203,12:38:46.047,25.5100,100
45526048072171,12:38:46.048,25.5000,28
45526048102756,12:38:46.048,25.5000,51
45526096346142,12:38:46.096,25.5200,1
45710397728898,12:41:50.397,25.5700,100
46203508247206,12:50:03.508,25.8000,100
46250340629094,12:50:50.340,25.8400,100
46250379094054,12:50:50.379,25.8400,200
46250379094054,12:50:50.379,25.8500,100
46250389503882,12:50:50.389,25.8900,200
46250904974690,12:50:50.904,25.9100,200
46253992877686,12:50:53.992,25.8600,100
46253994661530,12:50:53.994,25.8000,100
46253994661530,12:50:53.994,25.8000,100
46253994661530,12:50:53.994,25.8000,200
46253996679244,12:50:53.996,25.7700,100
46253996679244,12:50:53.996,25.7700,100
46253996757428,12:50:53.996,25.7500,17
46354500363932,12:52:34.500,25.7600,100
46354501530625,12:52:34.501,25.7500,100
46354501530625,12:52:34.501,25.7500,100
46354501630201,12:52:34.501,25.7300,1
46354533656791,12:52:34.533,25.7500,100
46392433600379,12:53:12.433,25.7700,100
46467506640963,12:54:27.506,25.7200,100
46467506640963,12:54:27.506,25.7200,100
46467506640963,12:54:27.506,25.7200,100
46467506640963,12:54:27.506,25.7200,100
46991834181188,13:03:11.834,25.6950,100
47019703928783,13:03:39.703,25.6850,100
47019710183037,13:03:39.710,25.6850,100
47019721774970,13:03:39.721,25.6850,100
47019727775876,13:03:39.727,25.6850,100
47019728856916,13:03:39.728,25.6800,100
47019728884069,13:03:39.728,25.6800,100
47022805303976,13:03:42.805,25.6700,100
47022805331543,13:03:42.805,25.6700,100
47022806895521,13:03:42.806,25.6700,20
47022806895521,13:03:42.806,25.6700,20
47022937344682,13:03:42.937,25.6600,50
47022937344682,13:03:42.937,25.6600,35
47073554064423,13:04:33.554,25.6600,65
47116387799778,13:05:16.387,25.6300,100
47116387824939,13:05:16.387,25.6300,9
47116387872959,13:05:16.387,25.6300,91
47133735847166,13:05:33.735,25.6200,5
47211486455871,13:06:51.486,25.5900,144
47211487755128,13:06:51.487,25.5900,158
47211488215949,13:06:51.488,25.5900,158
47253042437345,13:07:33.042,25.5800,100
47253042499047,13:07:33.042,25.5800,100
47261575078635,13:07:41.575,25.5500,300
47342104888053,13:09:02.104,25.5600,55
47342104908388,13:09:02.104,25.5600,45
47342104908388,13:09:02.104,25.5600,50
47342104912597,13:09:02.104,25.5400,345
47342104975139,13:09:02.104,25.5400,345
47342105014497,13:09:02.105,25.5600,50
47342105014497,13:09:02.105,25.5600,29
47342105051630,13:09:02.105,25.5600,71
47342105051630,13:09:02.105,25.5600,58
47342105051630,13:09:02.105,25.5600,42
47342105088122,13:09:02.105,25.5600,21
47342105128878,13:09:02.105,25.5600,58
47342105151089,13:09:02.105,25.5600,21
47342105184170,13:09:02.105,25.5550,100
47342105366355,13:09:02.105,25.5550,100
47342105381048,13:09:02.105,25.5550,100
47342105414889,13:09:02.105,25.5600,92
47342105436997,13:09:02.105,25.5600,8
47342105436997,13:09:02.105,25.5600,92
47342105488958,13:09:02.105,25.5500,92
47342105518585,13:09:02.105,25.5500,8
47342105518585,13:09:02.105,25.5500,8
47342105555822,13:09:02.105,25.5700,76
47342110352198,13:09:02.110,25.5500,124
47345107594961,13:09:05.107,25.5400,100
47345137713291,13:09:05.137,25.5300,100
47345168360076,13:09:05.168,25.5100,100
47345168385760,13:09:05.168,25.5100,100
47444879240077,13:10:44.879,25.4600,191
47444879247421,13:10:44.879,25.4600,9
47923287048384,13:18:43.287,25.4300,58
47923287048384,13:18:43.287,25.4300,100
47923287048384,13:18:43.287,25.4300,42
47923287165562,13:18:43.287,25.4300,58
47923287165562,13:18:43.287,25.4300,100
47923931958028,13:18:43.931,25.4500,100
47923932037867,13:18:43.932,25.4500,14
47938564881757,13:18:58.564,25.4600,100
47938568284823,13:18:58.568,25.4600,100
48176887026382,13:22:56.887,25.4700,100
48176887067340,13:22:56.887,25.4700,53
48176887084596,13:22:56.887,25.4700,47
48176887084596,13:22:56.887,25.4700,53
48176887101590,13:22:56.887,25.4700,47
48176888688027,13:22:56.888,25.4600,100
48176888688027,13:22:56.888,25.4600,7
48176888688027,13:22:56.888,25.4600,100
48177224310416,13:22:57.224,25.4300,20
48177224384104,13:22:57.224,25.4200,100
48177224419660,13:22:57.224,25.4300,20
48177224419660,13:22:57.224,25.4100,10
48177224419660,13:22:57.224,25.4100,70
48177224523207,13:22:57.224,25.4100,30
48314642999209,13:25:14.642,25.3800,10
48314642999209,13:25:14.642,25.3800,70
48314643014143,13:25:14.643,25.3800,100
48314643174486,13:25:14.643,25.3700,10
48315341162018,13:25:15.341,25.4300,100
48315341191431,13:25:15.341,25.4300,100
48354362262677,13:25:54.362,25.4900,100
48354362291960,13:25:54.362,25.4900,100
48433545870061,13:27:13.545,25.5100,100
48433545916134,13:27:13.545,25.5100,100
48434781098848,13:27:14.781,25.5600,100
48434782825941,13:27:14.782,25.5700,24
48434867337967,13:27:14.867,25.5600,100
48434867575495,13:27:14.867,25.5200,100
48434867575495,13:27:14.867,25.5100,100
48434967900979,13:27:14.967,25.5000,100
48566904914670,13:29:26.904,25.4900,77
48566904914670,13:29:26.904,25.4900,100
48631755957400,13:30:31.755,25.4800,100
48631761635887,13:30:31.761,25.4700,100
48631761992374,13:30:31.761,25.4700,20
48631762026182,13:30:31.762,25.4700,13
48631762160833,13:30:31.762,25.4600,5
48631762160833,13:30:31.762,25.4600,15
48665641315574,13:31:05.641,25.4800,5
48861672107026,13:34:21.672,25.5400,100
48861714617350,13:34:21.714,25.5400,100
48861714617350,13:34:21.714,25.5400,100
48861714617350,13:34:21.714,25.5400,100
48861714617350,13:34:21.714,25.5300,200
48861714617350,13:34:21.714,25.5000,100
48861719968410,13:34:21.719,25.5000,100
48861719968410,13:34:21.719,25.5000,100
48861721069854,13:34:21.721,25.4900,100
48861722895895,13:34:21.722,25.5000,100
48893968525493,13:34:53.968,25.5100,100
48893968525493,13:34:53.968,25.5100,300
48893968525493,13:34:53.968,25.5100,300
48893968525493,13:34:53.968,25.5100,100
48893968525493,13:34:53.968,25.5100,100
48893968525493,13:34:53.968,25.5100,70
48893968525493,13:34:53.968,25.5000,100
49073309455823,13:37:53.309,25.4900,100
49073309455823,13:37:53.309,25.4900,100
49073309455823,13:37:53.309,25.4900,100
49082189446203,13:38:02.189,25.5000,100
49082243664294,13:38:02.243,25.5100,30
49089172326616,13:38:09.172,25.5100,70
49224151388430,13:40:24.151,25.5000,100
49409517536855,13:43:29.517,25.5100,100
49409517536855,13:43:29.517,25.5000,100
49409521063314,13:43:29.521,25.5000,29
49409521063314,13:43:29.521,25.5000,100
49409521063314,13:43:29.521,25.5000,29
49409521063314,13:43:29.521,25.5000,29
49445254322955,13:44:05.254,25.5000,100
49445353878282,13:44:05.353,25.5000,200
49520258005790,13:45:20.258,25.4900,100
49520264767280,13:45:20.264,25.4500,1
49520264978779,13:45:20.264,25.4900,100
49532756915653,13:45:32.756,25.4600,100
49532756915653,13:45:32.756,25.4600,100
50184919758122,13:56:24.919,25.4700,100
50184919758122,13:56:24.919,25.4700,79
50184919805069,13:56:24.919,25.4700,21
50184927170592,13:56:24.927,25.4600,100
50308382373849,13:58:28.382,25.4700,100
50308382373849,13:58:28.382,25.4700,100
50378149686370,13:59:38.149,25.4400,100
50406996690697,14:00:06.996,25.4800,100
50406997125440,14:00:06.997,25.4800,100
50406997587191,14:00:06.997,25.4900,100
50407321499208,14:00:07.321,25.4900,100
50408992389705,14:00:08.992,25.5000,40
50408992408043,14:00:08.992,25.5000,60
50408992892864,14:00:08.992,25.5100,40
50408993809914,14:00:08.993,25.5100,60
50411809064118,14:00:11.809,25.5200,100
50411891126314,14:00:11.891,25.5400,100
50411891126314,14:00:11.891,25.5400,100
50416265437043,14:00:16.265,25.6000,25
50416265437043,14:00:16.265,25.5000,100
50437099556896,14:00:37.099,25.5000,100
50437099556896,14:00:37.099,25.5000,100
50437100271449,14:00:37.100,25.4900,10
50437100271449,14:00:37.100,25.4900,100
50446516389549,14:00:46.516,25.4800,100
50446516484848,14:00:46.516,25.4800,100
50446535990916,14:00:46.535,25.4800,200
50698123779601,14:04:58.123,25.5600,100
50698123779601,14:04:58.123,25.5600,100
50698123825184,14:04:58.123,25.5700,59
50698123875528,14:04:58.123,25.5700,41
50698175032524,14:04:58.175,25.6000,100
50698220225947,14:04:58.220,25.5500,100
50698220225947,14:04:58.220,25.5400,100
50698224875243,14:04:58.224,25.5000,20
50752554474506,14:05:52.554,25.6300,17
50783316821707,14:06:23.316,25.6300,83
50783316821707,14:06:23.316,25.6300,6
50783317481081,14:06:23.317,25.6200,100
50783317628611,14:06:23.317,25.6100,100
50798270722515,14:06:38.270,25.6000,100
51075827486026,14:11:15.827,25.6300,100
51082727650950,14:11:22.727,25.6600,100
51164474978175,14:12:44.474,25.7300,100
51164479165255,14:12:44.479,25.7700,40
51274214006192,14:14:34.214,25.8000,534
51274214006192,14:14:34.214,25.8000,100
51275855232688,14:14:35.855,25.8800,100
51291231182477,14:14:51.231,25.9700,100
51348147489087,14:15:48.147,26.0000,41
51348147822844,14:15:48.147,26.0000,59
51388876872991,14:16:28.876,26.0700,100
51390366738083,14:16:30.366,26.0400,60
51390366738083,14:16:30.366,26.0400,100
51390367749091,14:16:30.367,26.0000,100
51654765056884,14:20:54.765,25.9700,100
51920636274590,14:25:20.636,26.0000,100
51920636424373,14:25:20.636,25.9900,1
51920636424373,14:25:20.636,25.9900,1
51920636529811,14:25:20.636,25.9900,1
52032609466715,14:27:12.609,25.9200,100
52496873565345,14:34:56.873,25.8400,100
52496873600929,14:34:56.873,25.8400,44
52496873633601,14:34:56.873,25.8400,53
52496873633601,14:34:56.873,25.8400,47
52496873640595,14:34:56.873,25.8400,53
52496914415104,14:34:56.914,25.8700,100
52676862647041,14:37:56.862,25.9100,100
52676862647041,14:37:56.862,25.9100,37
52676862683107,14:37:56.862,25.9100,38
53085175622222,14:44:45.175,25.9300,55
53090610082147,14:44:50.610,25.9300,45
53212616888660,14:46:52.616,25.9900,100
53212770284159,14:46:52.770,25.9900,100
53212875388751,14:46:52.875,26.0000,100
53240230072751,14:47:20.230,26.0000,15
53240230083731,14:47:20.230,26.0000,15
53293248531602,14:48:13.248,26.0000,56
53293248558205,14:48:13.248,26.0000,44
53293248558205,14:48:13.248,26.0000,157
53293248572049,14:48:13.248,26.0000,12
53293248591621,14:48:13.248,26.0000,86
53414496306284,14:50:14.496,25.9500,100
53414496306284,14:50:14.496,25.9500,100
53414497416200,14:50:14.497,25.9500,20
53535455886122,14:52:15.455,25.9500,100
53535456116155,14:52:15.456,25.9500,100
53545429057516,14:52:25.429,25.9700,100
53879556869152,14:57:59.556,25.9900,100
53879557195698,14:57:59.557,25.9900,100
53879557624653,14:57:59.557,25.9600,100
53879559447287,14:57:59.559,25.9400,20
53879559853679,14:57:59.559,25.9300,100
53879559875436,14:57:59.559,25.9300,100
53879710228074,14:57:59.710,25.9300,100
53881224301576,14:58:01.224,25.9400,100
53881224301576,14:58:01.224,25.9400,55
53881224339649,14:58:01.224,25.9400,10
53906148344484,14:58:26.148,25.9800,100
53906148344484,14:58:26.148,26.0000,100
53906148344484,14:58:26.148,26.0000,100
53906148344484,14:58:26.148,26.0100,100
53906148344484,14:58:26.148,26.0200,100
53939226671070,14:58:59.226,25.9700,20
53939226671070,14:58:59.226,25.9600,100
53939226771044,14:58:59.226,25.9500,100
53942243045609,14:59:02.243,25.9500,100
53942243045609,14:59:02.243,25.9500,100
53951536781813,14:59:11.536,26.0100,34
53951536781813,14:59:11.536,26.0100,66
53951537137743,14:59:11.537,26.0200,32
53951537217264,14:59:11.537,26.0200,68
53951537373398,14:59:11.537,26.0300,92
53951537449840,14:59:11.537,26.0300,8
54012168465437,15:00:12.168,26.0200,20
54012168465437,15:00:12.168,26.0200,100
54012168465437,15:00:12.168,26.0200,80
54012168507606,15:00:12.168,26.0200,20
54102025425296,15:01:42.025,26.0100,78
54102025459965,15:01:42.025,26.0100,22
54156078484588,15:02:36.078,25.9700,100
54178775174623,15:02:58.775,26.0000,100
54220698764903,15:03:40.698,26.0000,100
54220698764903,15:03:40.698,26.0000,50
54220698830532,15:03:40.698,26.0000,10
54220698830532,15:03:40.698,26.0000,90
54220698869566,15:03:40.698,26.0000,5
54263350543374,15:04:23.350,25.9400,100
54340031881959,15:05:40.031,25.9200,21
54493646601734,15:08:13.646,25.9700,47
54493646635975,15:08:13.646,25.9700,36
54493646668375,15:08:13.646,25.9700,17
54493647079615,15:08:13.647,25.9700,100
54620549378711,15:10:20.549,25.9400,51
54620549414523,15:10:20.549,25.9400,49
54620549414523,15:10:20.549,25.9400,100
54620549468992,15:10:20.549,25.9300,65
54620549476643,15:10:20.549,25.9300,35
54620549476643,15:10:20.549,25.9300,1
54620549490950,15:10:20.549,25.9300,20
54620549490950,15:10:20.549,25.9200,17
54620549497241,15:10:20.549,25.9200,63
54620549713748,15:10:20.549,25.9200,20
54672520801879,15:11:12.520,25.8900,37
54672520816452,15:11:12.520,25.8900,63
54812869872068,15:13:32.869,25.9000,100
54812869872068,15:13:32.869,25.9000,100
54812869872068,15:13:32.869,25.9000,100
54812906591492,15:13:32.906,25.9200,100
54812906591492,15:13:32.906,25.9200,100
54948010852427,15:15:48.010,25.9700,100
55034685794654,15:17:14.685,25.9500,100
55034685831783,15:17:14.685,25.9500,100
55172133585411,15:19:32.133,25.9200,100
55172133585411,15:19:32.133,25.9200,100
55172133896276,15:19:32.133,25.9100,74
55172133906743,15:19:32.133,25.9100,26
55216238912574,15:20:16.238,25.9000,20
55216238912574,15:20:16.238,25.8800,80
55216238995343,15:20:16.238,25.8800,20
55216238995343,15:20:16.238,25.8800,100
55332324567976,15:22:12.324,25.8500,20
55332324567976,15:22:12.324,25.8500,100
55332324996477,15:22:12.324,25.8500,10
55332324996477,15:22:12.324,25.8500,20
55615790672342,15:26:55.790,25.8100,30
55615790672342,15:26:55.790,25.8100,100
55615790672342,15:26:55.790,25.8100,70
55615790698633,15:26:55.790,25.8100,30
55683538387136,15:28:03.538,25.8050,200
55683538426371,15:28:03.538,25.8200,20
55683538496349,15:28:03.538,25.8050,100
55683538496349,15:28:03.538,25.8200,78
55683538532654,15:28:03.538,25.8200,2
55683538532654,15:28:03.538,25.8200,18
55683538591548,15:28:03.538,25.8200,20
55683538733509,15:28:03.538,25.8200,20
55683538778836,15:28:03.538,25.8200,42
55683538806623,15:28:03.538,25.8400,100
55683538806623,15:28:03.538,25.8500,45
55741783587110,15:29:01.783,25.8000,100
55741784000321,15:29:01.784,25.8000,100
55741784045659,15:29:01.784,25.7900,100
55741784045659,15:29:01.784,25.7900,100
55741784445172,15:29:01.784,25.7800,100
55802025739519,15:30:02.025,25.7800,30
55818867787400,15:30:18.867,25.7500,30
55846677653442,15:30:46.677,25.7600,100
55846677653442,15:30:46.677,25.7600,164
55979883561340,15:32:59.883,25.7800,100
55979883561340,15:32:59.883,25.7800,17
56102445370263,15:35:02.445,25.7400,74
56102447246802,15:35:02.447,25.7200,30
56102447246802,15:35:02.447,25.7200,70
56117262230526,15:35:17.262,25.7200,30
56117262306883,15:35:17.262,25.7200,70
56117263079497,15:35:17.263,25.7200,10
56117263079497,15:35:17.263,25.7200,10
56117263105611,15:35:17.263,25.7200,20
56135644092188,15:35:35.644,25.7600,100
56296522739377,15:38:16.522,25.7500,20
56296522739377,15:38:16.522,25.7500,80
56296522771908,15:38:16.522,25.7500,20
56296801588765,15:38:16.801,25.7500,100
56296801686848,15:38:16.801,25.7500,80
56363187839747,15:39:23.187,25.7400,60
56403525803485,15:40:03.525,25.7300,1
56405524106658,15:40:05.524,25.7300,20
56405524106658,15:40:05.524,25.7300,20
56411184310892,15:40:11.184,25.7300,9
56411186362198,15:40:11.186,25.7300,51
56476186213215,15:41:16.186,25.7400,61
56570640766265,15:42:50.640,25.7400,100
56570640766265,15:42:50.640,25.7500,100
56570641102151,15:42:50.641,25.7500,41
56570641202445,15:42:50.641,25.7500,59
56570641407372,15:42:50.641,25.7600,100
56570644546431,15:42:50.644,25.7700,100
56578360311131,15:42:58.360,25.7700,100
56578379294800,15:42:58.379,25.7700,64
56582496305732,15:43:02.496,25.7800,100
56582496305732,15:43:02.496,25.7800,100
56582496305732,15:43:02.496,25.7800,100
56582496484919,15:43:02.496,25.8000,50
56588472082821,15:43:08.472,25.7800,100
56588472082821,15:43:08.472,25.7800,10
56588472082821,15:43:08.472,25.7800,100
56588472082821,15:43:08.472,25.7800,100
56588472406461,15:43:08.472,25.7700,100
56588472598794,15:43:08.472,25.7700,100
56588472598794,15:43:08.472,25.7700,100
56588474271445,15:43:08.474,25.7700,100
56588474363625,15:43:08.474,25.7700,100
56588474369423,15:43:08.474,25.7700,100
56601435881128,15:43:21.435,25.7600,100
56601435881128,15:43:21.435,25.7600,100
56601437113152,15:43:21.437,25.7600,19
56656184442362,15:44:16.184,25.7400,64
56690460748762,15:44:50.460,25.7200,40
56690463855397,15:44:50.463,25.7200,100
56699669608930,15:44:59.669,25.7200,100
56699669608930,15:44:59.669,25.7200,100
56699669608930,15:44:59.669,25.7200,64
56699669608930,15:44:59.669,25.7200,36
56699669728040,15:44:59.669,25.7200,100
56699669732683,15:44:59.669,25.7200,100
56699669743673,15:44:59.669,25.7200,7
56699669828325,15:44:59.669,25.7200,100
56699670525201,15:44:59.670,25.7200,100
56699670525201,15:44:59.670,25.7200,100
56699782829617,15:44:59.782,25.7200,100
56699783439172,15:44:59.783,25.7200,8
56700493412845,15:45:00.493,25.7300,200
56708544820360,15:45:08.544,25.7200,100
56708544820360,15:45:08.544,25.7200,100
56708544820360,15:45:08.544,25.7200,100
56746552071273,15:45:46.552,25.7000,62
56754238226024,15:45:54.238,25.7000,38
56754238226024,15:45:54.238,25.7000,62
56754240594663,15:45:54.240,25.7000,1
56754240594663,15:45:54.240,25.7000,99
56754241035691,15:45:54.241,25.7000,1
56754241035691,15:45:54.241,25.7000,30
56754241037654,15:45:54.241,25.7000,26
56755798634639,15:45:55.798,25.7000,100
56755798634639,15:45:55.798,25.7000,100
56756006245571,15:45:56.006,25.7000,100
56764624259153,15:46:04.624,25.7000,100
56770086246055,15:46:10.086,25.6900,20
56777323210056,15:46:17.323,25.6800,100
56777323282040,15:46:17.323,25.6700,56
56777323355355,15:46:17.323,25.6700,44
56777323610143,15:46:17.323,25.6700,10
56850236700270,15:47:30.236,25.6600,16
56850236700270,15:47:30.236,25.6600,47
56850521472200,15:47:30.521,25.6600,70
56889033149855,15:48:09.033,25.6500,31
56889033183136,15:48:09.033,25.6500,69
56889033944412,15:48:09.033,25.6400,100
56892108838591,15:48:12.108,25.6500,100
56892108838591,15:48:12.108,25.6500,63
56910879204216,15:48:30.879,25.6500,100
56929060373783,15:48:49.060,25.6700,63
56930027022153,15:48:50.027,25.6900,100
56930027065513,15:48:50.027,25.6900,100
57001192726369,15:50:01.192,25.7000,30
57005007433285,15:50:05.007,25.6800,20
57005007433285,15:50:05.007,25.6800,80
57048042467828,15:50:48.042,25.6800,20
57080059259329,15:51:20.059,25.6800,63
57080060174420,15:51:20.060,25.6900,100
57080841173118,15:51:20.841,25.6900,100
57080841173118,15:51:20.841,25.6900,100
57081564064984,15:51:21.564,25.7000,70
57081564064984,15:51:21.564,25.7000,100
57081564064984,15:51:21.564,25.7000,100
57081564064984,15:51:21.564,25.7000,100
57081564093980,15:51:21.564,25.7000,3
57081564160813,15:51:21.564,25.7000,100
57081564186487,15:51:21.564,25.7000,100
57081567992014,15:51:21.567,25.7000,97
57081598400944,15:51:21.598,25.6950,3
57096706630316,15:51:36.706,25.7000,100
57124027190818,15:52:04.027,25.6900,100
57125009512218,15:52:05.009,25.6900,45
57125009512218,15:52:05.009,25.6900,55
57158380369549,15:52:38.380,25.6900,63
57158380369549,15:52:38.380,25.6900,37
57158389358603,15:52:38.389,25.7000,170
57158389467415,15:52:38.389,25.7100,16
57209984553570,15:53:29.984,25.6900,63
57245006600547,15:54:05.006,25.6800,65
57245006600547,15:54:05.006,25.6800,100
57245006600547,15:54:05.006,25.6800,35
57263049369614,15:54:23.049,25.7000,62
57263182924051,15:54:23.182,25.7000,100
57263183057873,15:54:23.183,25.7000,100
57270796252386,15:54:30.796,25.7000,186
57270799350119,15:54:30.799,25.7000,114
57270799350119,15:54:30.799,25.7100,84
57270799350119,15:54:30.799,25.7100,2
57270838256995,15:54:30.838,25.7000,20
57300062489930,15:55:00.062,25.7000,58
57300062500590,15:55:00.062,25.7000,42
57300062500590,15:55:00.062,25.7000,8
57300062503604,15:55:00.062,25.7000,92
57300062503604,15:55:00.062,25.7000,58
57300062514039,15:55:00.062,25.7000,5
57300062550694,15:55:00.062,25.7000,5
57300062714063,15:55:00.062,25.7000,100
57300062714063,15:55:00.062,25.7000,24
57300062720251,15:55:00.062,25.7000,62
57300093088573,15:55:00.093,25.7000,100
57300093088573,15:55:00.093,25.7000,100
57300093088573,15:55:00.093,25.7000,100
57300278607957,15:55:00.278,25.7000,100
57300306772858,15:55:00.306,25.7000,100
57300480198803,15:55:00.480,25.7000,100
57300480198803,15:55:00.480,25.7000,200
57310122627492,15:55:10.122,25.7000,4
57310212224467,15:55:10.212,25.7000,96
57310212224467,15:55:10.212,25.7000,100
57310212224467,15:55:10.212,25.7000,100
57310212268808,15:55:10.212,25.7000,62
57310212410080,15:55:10.212,25.7000,62
57310212515952,15:55:10.212,25.7000,38
57310212515952,15:55:10.212,25.7000,24
57310212571118,15:55:10.212,25.7000,62
57310213220972,15:55:10.213,25.7000,14
57310213220972,15:55:10.213,25.7000,38
57310213775186,15:55:10.213,25.7000,10
57310213935003,15:55:10.213,25.7000,52
57310213935003,15:55:10.213,25.7000,10
57310214454684,15:55:10.214,25.7000,100
57316740699915,15:55:16.740,25.6900,92
57316740699915,15:55:16.740,25.6900,8
57316740737380,15:55:16.740,25.6900,92
57316740737380,15:55:16.740,25.6900,8
57316740741485,15:55:16.740,25.6900,55
57316740742766,15:55:16.740,25.6900,37
57316740742766,15:55:16.740,25.6900,13
57316740760503,15:55:16.740,25.6900,50
57319526316138,15:55:19.526,25.6900,24
57319526319783,15:55:19.526,25.6900,31
57319526349167,15:55:19.526,25.6900,45
57319526349167,15:55:19.526,25.6900,5
57319526388425,15:55:19.526,25.6900,95
57319526388425,15:55:19.526,25.6900,75
57319526803359,15:55:19.526,25.6900,25
57340522817202,15:55:40.522,25.6800,100
57345521376924,15:55:45.521,25.6900,100
57348569683148,15:55:48.569,25.7000,90
57348569683148,15:55:48.569,25.7000,10
57365006521218,15:56:05.006,25.6900,100
57365006961302,15:56:05.006,25.6900,70
57385050357448,15:56:25.050,25.6900,20
57385050906922,15:56:25.050,25.6900,100
57385056797760,15:56:25.056,25.6900,43
57394742789786,15:56:34.742,25.6800,5
57394745914725,15:56:34.745,25.6800,6
57401268546552,15:56:41.268,25.6900,15
57404983572632,15:56:44.983,25.7000,41
57404983803745,15:56:44.983,25.7000,49
57404983803745,15:56:44.983,25.7000,100
57404983803745,15:56:44.983,25.7000,100
57404983803745,15:56:44.983,25.7000,100
57404983803745,15:56:44.983,25.7000,100
57404983803745,15:56:44.983,25.7000,52
57404983803745,15:56:44.983,25.7000,100
57404983803745,15:56:44.983,25.7000,68
57404983803745,15:56:44.983,25.7000,41
57404983931257,15:56:44.983,25.7000,100
57404983931257,15:56:44.983,25.7000,100
57404984979374,15:56:44.984,25.7000,100
57404984979374,15:56:44.984,25.7000,100
57404984979374,15:56:44.984,25.7000,1351
57404984979374,15:56:44.984,25.7000,1049
57405001977953,15:56:45.001,25.7000,100
57413737328141,15:56:53.737,25.7000,100
57413737328141,15:56:53.737,25.7000,100
57416320917136,15:56:56.320,25.7000,100
57416320917136,15:56:56.320,25.7000,100
57416321747154,15:56:56.321,25.7000,100
57416321938225,15:56:56.321,25.7000,100
57416321938225,15:56:56.321,25.7000,100
57416336291100,15:56:56.336,25.7000,100
57416336468432,15:56:56.336,25.7000,100
57428510431392,15:57:08.510,25.7000,100
57428510431392,15:57:08.510,25.7000,63
57454689227627,15:57:34.689,25.6900,20
57454689227627,15:57:34.689,25.6900,100
57454689227627,15:57:34.689,25.6900,36
57454689227627,15:57:34.689,25.6900,100
57454690656893,15:57:34.690,25.6800,22
57483464125072,15:58:03.464,25.6900,24
57483464359865,15:58:03.464,25.6900,76
57483464359865,15:58:03.464,25.6900,24
57483464799586,15:58:03.464,25.6900,76
57483464799586,15:58:03.464,25.6900,24
57483464800503,15:58:03.464,25.6900,31
57483464830683,15:58:03.464,25.6900,45
57483464830683,15:58:03.464,25.6900,63
57483464830683,15:58:03.464,25.6900,100
57483464830683,15:58:03.464,25.6900,12
57485006855760,15:58:05.006,25.6900,100
57496850611985,15:58:16.850,25.7000,100
57496850611985,15:58:16.850,25.7000,100
57496850611985,15:58:16.850,25.7000,100
57496850611985,15:58:16.850,25.7000,15
57496850611985,15:58:16.850,25.7000,6
57496850671372,15:58:16.850,25.7000,94
57496851775636,15:58:16.851,25.7000,100
57508836399709,15:58:28.836,25.7000,100
57514701235120,15:58:34.701,25.6900,2
57525004758969,15:58:45.004,25.6950,12
57544788093482,15:59:04.788,25.7000,90
57544788681187,15:59:04.788,25.6950,24
57549561949947,15:59:09.561,25.7000,20
57549562055035,15:59:09.562,25.7000,80
57549562055035,15:59:09.562,25.7000,63
57549562055035,15:59:09.562,25.7000,100
57549562055035,15:59:09.562,25.7000,15
57549562055035,15:59:09.562,25.7000,100
57549562055035,15:59:09.562,25.7000,100
57551274671884,15:59:11.274,25.7000,74
57556857733525,15:59:16.857,25.7000,26
57556857733525,15:59:16.857,25.7000,13
57556857733525,15:59:16.857,25.7000,100
57556857733525,15:59:16.857,25.7000,100
57556857733525,15:59:16.857,25.7000,19
57556857733525,15:59:16.857,25.7000,100
57556857733525,15:59:16.857,25.7000,42
57556857846124,15:59:16.857,25.7000,192
57556858395351,15:59:16.858,25.7000,98
57556858395351,15:59:16.858,25.7000,98
57556859110261,15:59:16.859,25.7000,40
57559243028776,15:59:19.243,25.7000,100
57559243028776,15:59:19.243,25.7000,100
57559243028776,15:59:19.243,25.7000,87
57559243070608,15:59:19.243,25.7000,11
57559243070608,15:59:19.243,25.7000,45
57559243200650,15:59:19.243,25.7000,35
57559243200650,15:59:19.243,25.7000,65
57559487580484,15:59:19.487,25.7000,35
57559487580484,15:59:19.487,25.7000,100
57559487580484,15:59:19.487,25.7000,29
57575079165913,15:59:35.079,25.7000,71
57575079165913,15:59:35.079,25.7000,29
57577017110671,15:59:37.017,25.6950,100
57584128414475,15:59:44.128,25.6950,100
57590076764638,15:59:50.076,25.6900,13
57590076915168,15:59:50.076,25.6900,7
57590076915168,15:59:50.076,25.6900,27
57595090749022,15:59:55.090,25.6900,73
57595090749022,15:59:55.090,25.6900,100
57595090749022,15:59:55.090,25.6900,28
57595951221354,15:59:55.951,25.7000,26
57600333471164,16:00:00.333,25.6900,11519
