timestamp,time,price,volume
34174027303208,09:29:34.027,7.0100,1
34200774419069,09:30:00.774,0.0000,0
34203744976053,09:30:03.744,7.0000,17
34203800929764,09:30:03.800,6.9800,100
34203800929764,09:30:03.800,6.9800,100
34203800929764,09:30:03.800,6.9800,87
34210344822934,09:30:10.344,6.9600,100
34210344822934,09:30:10.344,6.9600,32
34210344822934,09:30:10.344,6.9600,32
34210345794669,09:30:10.345,6.9600,100
34210346438474,09:30:10.346,6.9600,100
34282239447922,09:31:22.239,6.9700,100
34389460854678,09:33:09.460,6.9800,66
34389461020339,09:33:09.461,6.9800,434
34389461020339,09:33:09.461,6.9800,2
34391689258530,09:33:11.689,6.9700,100
34402392798852,09:33:22.392,6.9700,5
34563232358112,09:36:03.232,6.9700,100
34563232358112,09:36:03.232,6.9700,300
34563232920554,09:36:03.232,6.9700,100
34563232922196,09:36:03.232,6.9700,66
34563252207186,09:36:03.252,6.9700,34
34563252207186,09:36:03.252,6.9700,66
34630197319287,09:37:10.197,6.9650,100
34630203160602,09:37:10.203,6.9650,200
34630203160602,09:37:10.203,6.9600,100
34630203160602,09:37:10.203,6.9600,100
34630203241610,09:37:10.203,6.9600,200
34743315830145,09:39:03.315,6.9600,80
34743315830145,09:39:03.315,6.9600,30
34743315830145,09:39:03.315,6.9600,90
34743318143271,09:39:03.318,6.9600,100
34809416038678,09:40:09.416,6.9500,679
34809416038678,09:40:09.416,6.9500,300
35030753402965,09:43:50.753,6.9400,32
35038069342754,09:43:58.069,6.9400,18
35117548199604,09:45:17.548,6.9300,500
35117549718243,09:45:17.549,6.9200,100
35117566156059,09:45:17.566,6.9100,300
35117566586026,09:45:17.566,6.9100,100
35205085820206,09:46:45.085,6.9100,400
35205085820206,09:46:45.085,6.9100,100
35205096947430,09:46:45.096,6.9000,3
35205096947430,09:46:45.096,6.9000,100
35205096947430,09:46:45.096,6.9000,100
35205096947430,09:46:45.096,6.9000,21
35408093404342,09:50:08.093,6.9150,100
35523130881651,09:52:03.130,6.9200,100
35640667219643,09:54:00.667,6.9300,100
35640667399962,09:54:00.667,6.9300,100
35732896582684,09:55:32.896,6.9350,100
35794933655088,09:56:34.933,6.9350,100
35896020476726,09:58:16.020,6.9250,100
35931124727193,09:58:51.124,6.9300,200
36037899696007,10:00:37.899,6.9450,100
36098946339834,10:01:38.946,6.9450,100
36098946466632,10:01:38.946,6.9500,100
36098950531085,10:01:38.950,6.9550,200
36098955167275,10:01:38.955,6.9550,200
36098955167275,10:01:38.955,6.9500,200
36098955167275,10:01:38.955,6.9500,64
36098955365201,10:01:38.955,6.9500,60
36098958920439,10:01:38.958,6.9500,100
36098958920439,10:01:38.958,6.9500,75
36098958920439,10:01:38.958,6.9500,100
36098960208571,10:01:38.960,6.9500,100
36173798060531,10:02:53.798,6.9400,100
36173798060531,10:02:53.798,6.9400,100
36173798060531,10:02:53.798,6.9400,35
36325879964179,10:05:25.879,6.9500,100
36325880025671,10:05:25.880,6.9500,34
36325880093059,10:05:25.880,6.9500,22
36325880162414,10:05:25.880,6.9500,44
36363927059870,10:06:03.927,6.9450,100
36424829820233,10:07:04.829,6.9450,100
36696891809929,10:11:36.891,6.9450,100
36847771321446,10:14:07.771,6.9500,50
36847771321446,10:14:07.771,6.9500,50
37115927448611,10:18:35.927,6.9650,100
37219408708607,10:20:19.408,6.9700,100
37222151675619,10:20:22.151,6.9800,100
37222151675619,10:20:22.151,6.9800,100
37419198507885,10:23:39.198,6.9850,100
37540101612812,10:25:40.101,6.9900,100
37540101612812,10:25:40.101,6.9900,400
37540102742466,10:25:40.102,7.0000,2
37540104938205,10:25:40.104,7.0000,100
37540122193099,10:25:40.122,7.0000,136
37540122193099,10:25:40.122,7.0000,89
37543592724948,10:25:43.592,6.9900,82
38045921589301,10:34:05.921,6.9850,200
38045921589301,10:34:05.921,6.9900,491
39169026263097,10:52:49.026,6.9850,100
39890226159604,11:04:50.226,6.9800,4
39890226159604,11:04:50.226,6.9800,41
39890226159604,11:04:50.226,6.9800,100
39890226159604,11:04:50.226,6.9800,10
40095988823672,11:08:15.988,6.9600,100
40095988823672,11:08:15.988,6.9600,4
40101054357908,11:08:21.054,6.9550,400
40101054357908,11:08:21.054,6.9600,300
40103282216108,11:08:23.282,6.9600,200
40525029862941,11:15:25.029,6.9650,100
40657875563817,11:17:37.875,6.9650,100
40657875563817,11:17:37.875,6.9650,200
40657875563817,11:17:37.875,6.9700,300
41817860085162,11:36:57.860,6.9800,100
41817860085162,11:36:57.860,6.9800,100
41817860085162,11:36:57.860,6.9800,100
41817860085162,11:36:57.860,6.9800,449
42789976685664,11:53:09.976,6.9850,100
44150532104518,12:15:50.532,6.9850,100
44243707082500,12:17:23.707,6.9850,100
44316394383589,12:18:36.394,6.9850,100
44376828130457,12:19:36.828,6.9850,100
44906840100157,12:28:26.840,6.9850,100
44945662674715,12:29:05.662,6.9850,100
45077941753510,12:31:17.941,6.9850,100
45464785736295,12:37:44.785,6.9850,100
45977066560639,12:46:17.066,6.9850,100
46281949996121,12:51:21.949,6.9900,100
47124822465084,13:05:24.822,6.9850,100
47972429084389,13:19:32.429,6.9850,100
48279279500725,13:24:39.279,6.9850,100
49182715093339,13:39:42.715,6.9850,100
49267350159917,13:41:07.350,6.9900,200
49267350159917,13:41:07.350,6.9900,700
49267350159917,13:41:07.350,6.9900,473
49267350159917,13:41:07.350,6.9900,200
49275954913076,13:41:15.954,6.9950,100
49478858186805,13:44:38.858,6.9950,3
50138119343285,13:55:38.119,6.9950,100
50402703921686,14:00:02.703,6.9900,4
50402703921686,14:00:02.703,6.9900,12
50402703921686,14:00:02.703,6.9900,4
50402703921686,14:00:02.703,6.9900,4
50402703921686,14:00:02.703,6.9900,2
50402703921686,14:00:02.703,6.9900,100
50407818270572,14:00:07.818,6.9850,100
50407865970148,14:00:07.865,6.9900,15
50407865970148,14:00:07.865,6.9900,200
50407865970148,14:00:07.865,6.9900,468
50407865970148,14:00:07.865,6.9900,17
50409739197766,14:00:09.739,6.9900,1283
50409739197766,14:00:09.739,6.9900,400
50409739197766,14:00:09.739,6.9900,100
50411858332158,14:00:11.858,7.0000,2136
50411858332158,14:00:11.858,7.0000,250
50413679245804,14:00:13.679,7.0100,100
50413679245804,14:00:13.679,7.0100,588
50413679254458,14:00:13.679,7.0100,212
50426920765312,14:00:26.920,7.0000,100
50432143253353,14:00:32.143,7.0000,100
50443512348856,14:00:43.512,7.0100,400
50443512348856,14:00:43.512,7.0100,200
50443512348856,14:00:43.512,7.0100,200
50686178665285,14:04:46.178,7.0100,100
50696883734107,14:04:56.883,7.0100,1900
50696883734107,14:04:56.883,7.0100,200
50696883734107,14:04:56.883,7.0100,200
50696883734107,14:04:56.883,7.0100,400
50696892061748,14:04:56.892,7.0100,100
50696892061748,14:04:56.892,7.0100,300
50701616627683,14:05:01.616,7.0150,100
50711358987593,14:05:11.358,7.0200,100
50711358987593,14:05:11.358,7.0200,300
50752044710661,14:05:52.044,7.0300,100
50845854531670,14:07:25.854,7.0250,100
50845854531670,14:07:25.854,7.0300,100
50853777287283,14:07:33.777,7.0300,100
50853777287283,14:07:33.777,7.0300,100
50853777287283,14:07:33.777,7.0300,100
50853777287283,14:07:33.777,7.0300,100
50860854649151,14:07:40.854,7.0300,100
50865707158481,14:07:45.707,7.0300,100
50865707158481,14:07:45.707,7.0300,100
50902029301101,14:08:22.029,7.0300,100
51017718135148,14:10:17.718,7.0300,122
51017718159592,14:10:17.718,7.0300,78
51065350792463,14:11:05.350,7.0350,100
51519115314476,14:18:39.115,7.0300,3
51519115314476,14:18:39.115,7.0300,4
51519115314476,14:18:39.115,7.0300,100
51519115314476,14:18:39.115,7.0300,100
51519116793155,14:18:39.116,7.0250,187
51519116793155,14:18:39.116,7.0300,100
51519116793155,14:18:39.116,7.0300,100
51519116793155,14:18:39.116,7.0300,100
51519116793155,14:18:39.116,7.0300,600
51519116793155,14:18:39.116,7.0300,100
51519116793155,14:18:39.116,7.0300,100
51519116793155,14:18:39.116,7.0300,100
51519116793155,14:18:39.116,7.0300,1400
51519117155454,14:18:39.117,7.0300,94
51608700001129,14:20:08.700,7.0300,200
51608700001129,14:20:08.700,7.0300,2
51608700001129,14:20:08.700,7.0300,143
51608700445682,14:20:08.700,7.0300,157
51669559948729,14:21:09.559,7.0200,100
51817070405605,14:23:37.070,7.0250,100
52024700844393,14:27:04.700,7.0200,100
52024700844393,14:27:04.700,7.0200,4
52257033268116,14:30:57.033,7.0100,100
52519606214780,14:35:19.606,7.0050,65
52519606214780,14:35:19.606,7.0050,35
52519606214780,14:35:19.606,7.0100,425
53070103506249,14:44:30.103,7.0100,100
53101259429169,14:45:01.259,7.0050,100
53540834752071,14:52:20.834,7.0100,100
53542141839328,14:52:22.141,7.0100,175
53542141839328,14:52:22.141,7.0100,400
53542141839328,14:52:22.141,7.0100,25
53542142281529,14:52:22.142,7.0100,75
53542142284880,14:52:22.142,7.0100,75
53542142333030,14:52:22.142,7.0100,225
53542142333030,14:52:22.142,7.0100,75
53542142333843,14:52:22.142,7.0100,25
54165032512711,15:02:45.032,7.0150,100
54870046470587,15:14:30.046,7.0150,100
54929209056568,15:15:29.209,7.0200,100
54963864513617,15:16:03.864,7.0200,100
54963864513617,15:16:03.864,7.0200,400
54972300178201,15:16:12.300,7.0200,100
54972300178201,15:16:12.300,7.0200,100
54972300178201,15:16:12.300,7.0200,100
54972300178201,15:16:12.300,7.0200,100
54972300178201,15:16:12.300,7.0200,300
54972301173037,15:16:12.301,7.0200,300
55210256951535,15:20:10.256,7.0250,100
55214279062041,15:20:14.279,7.0200,100
55214279062041,15:20:14.279,7.0200,120
55214279062041,15:20:14.279,7.0200,6
55214279062041,15:20:14.279,7.0200,8
55214279062041,15:20:14.279,7.0200,53
55444219298675,15:24:04.219,7.0100,2
55444219298675,15:24:04.219,7.0100,4
56097286476746,15:34:57.286,7.0050,100
56099444509680,15:34:59.444,7.0000,2
56099444509680,15:34:59.444,7.0000,100
56099447133369,15:34:59.447,6.9950,44
56113975006838,15:35:13.975,6.9950,100
56168513742370,15:36:08.513,6.9950,100
56210862861501,15:36:50.862,6.9900,10
56210862861501,15:36:50.862,6.9900,300
56231723354555,15:37:11.723,6.9850,100
56496298653760,15:41:36.298,6.9800,100
56496298653760,15:41:36.298,6.9800,55
56661553036356,15:44:21.553,6.9800,231
56661553036356,15:44:21.553,6.9800,51
56661553036356,15:44:21.553,6.9800,3
56661553036356,15:44:21.553,6.9800,47
56661553036356,15:44:21.553,6.9800,2
56669054266513,15:44:29.054,6.9800,1000
56669054266513,15:44:29.054,6.9800,100
56669054266513,15:44:29.054,6.9800,100
56669054266513,15:44:29.054,6.9800,600
56669054266513,15:44:29.054,6.9800,546
56669054266513,15:44:29.054,6.9800,400
56669054266513,15:44:29.054,6.9800,154
56669941999474,15:44:29.941,6.9800,300
56693369749332,15:44:53.369,6.9800,46
56693385202688,15:44:53.385,6.9800,100
56704617741152,15:45:04.617,6.9800,100
57257377650092,15:54:17.377,6.9750,100
57257377650092,15:54:17.377,6.9750,200
57257386772017,15:54:17.386,6.9700,3
57257386772017,15:54:17.386,6.9700,100
57257386772017,15:54:17.386,6.9700,100
57257386772017,15:54:17.386,6.9700,2
57257386772017,15:54:17.386,6.9700,47
57257386772017,15:54:17.386,6.9700,65
57257386772017,15:54:17.386,6.9700,100
57257386772017,15:54:17.386,6.9700,100
57257386772017,15:54:17.386,6.9700,300
57257386772017,15:54:17.386,6.9700,699
57257386858827,15:54:17.386,6.9700,501
57257386858827,15:54:17.386,6.9700,200
57292486149708,15:54:52.486,6.9600,200
57322559406606,15:55:22.559,6.9700,100
57322559406606,15:55:22.559,6.9700,56
57322561270581,15:55:22.561,6.9700,488
57322561270581,15:55:22.561,6.9700,100
57322561270581,15:55:22.561,6.9700,12
57322562696749,15:55:22.562,6.9700,100
57322562696749,15:55:22.562,6.9700,88
57322563769931,15:55:22.563,6.9700,100
57322564351124,15:55:22.564,6.9700,100
57322564947706,15:55:22.564,6.9700,100
57322566268698,15:55:22.566,6.9700,100
57322567073290,15:55:22.567,6.9700,100
57322567195919,15:55:22.567,6.9700,100
57322567195919,15:55:22.567,6.9700,200
57323078780157,15:55:23.078,6.9650,100
57323078780157,15:55:23.078,6.9650,300
57323078780157,15:55:23.078,6.9700,100
57323078780157,15:55:23.078,6.9700,100
57323079451965,15:55:23.079,6.9700,100
57382059099321,15:56:22.059,6.9800,36
57383062667110,15:56:23.062,6.9800,13
57539019052849,15:58:59.019,6.9750,300
57554116850162,15:59:14.116,6.9800,37
57557955114640,15:59:17.955,6.9800,14
57557955114640,15:59:17.955,6.9800,100
57557955114640,15:59:17.955,6.9800,86
57571016730133,15:59:31.016,6.9750,33
57584010331899,15:59:44.010,6.9750,100
57584509977280,15:59:44.509,6.9750,100
57585510266434,15:59:45.510,6.9750,100
57589058385610,15:59:49.058,6.9750,24
57598217295905,15:59:58.217,6.9800,14
57598217295905,15:59:58.217,6.9800,97
57598797503512,15:59:58.797,6.9800,3
57598797503512,15:59:58.797,6.9800,76
57600584781311,16:00:00.584,0.0000,0
