timestamp,time,price,volume
33656107627702,09:20:56.107,26.4000,20
34200105631135,09:30:00.105,26.2800,200
34200644905778,09:30:00.644,0.0000,0
34630265378409,09:37:10.265,26.3600,100
34632831916683,09:37:12.831,26.3700,300
34638667861686,09:37:18.667,26.3500,100
34685069450835,09:38:05.069,26.3200,30
34722506327664,09:38:42.506,26.3200,100
34722529923018,09:38:42.529,26.3200,100
34722529923018,09:38:42.529,26.3200,100
34764177089458,09:39:24.177,26.3100,100
35007988494143,09:43:27.988,26.3300,15
35106396165128,09:45:06.396,26.4000,198
35106396208036,09:45:06.396,26.4000,2
35136921429855,09:45:36.921,26.4200,100
35208487583374,09:46:48.487,26.4300,50
35208487654908,09:46:48.487,26.4300,50
35250462381545,09:47:30.462,26.4100,100
35266607429319,09:47:46.607,26.4200,100
35266608940068,09:47:46.608,26.4300,100
35430504869844,09:50:30.504,26.3800,100
35465698694039,09:51:05.698,26.3800,100
35533326710434,09:52:13.326,26.4100,100
35711005714666,09:55:11.005,26.3600,100
35738042037540,09:55:38.042,26.3700,81
35738042984347,09:55:38.042,26.3700,12
35996774646953,09:59:56.774,26.5900,100
35996784489425,09:59:56.784,26.5900,50
36102555648317,10:01:42.555,26.5700,100
36102555648317,10:01:42.555,26.5700,5
36166797985785,10:02:46.797,26.6300,100
36166797985785,10:02:46.797,26.6300,100
36252684059885,10:04:12.684,26.6500,100
36381118244058,10:06:21.118,26.6900,100
36460477554374,10:07:40.477,26.7600,75
36460477622273,10:07:40.477,26.7600,25
36516076104420,10:08:36.076,26.7800,100
36820516043064,10:13:40.516,26.7500,200
36952037327785,10:15:52.037,26.7500,100
36952037420065,10:15:52.037,26.7500,25
36952048681521,10:15:52.048,26.7500,75
37208139388838,10:20:08.139,26.8700,28
37209043545232,10:20:09.043,26.8700,72
37270950105491,10:21:10.950,26.8700,100
37925896176461,10:32:05.896,26.7700,100
38395084147394,10:39:55.084,26.7000,10
38866193114217,10:47:46.193,26.7200,100
39664669988171,11:01:04.669,26.8700,82
39667175090882,11:01:07.175,26.8800,100
39822881818111,11:03:42.881,26.8200,100
40493997420238,11:14:53.997,26.7200,100
40500519601697,11:15:00.519,26.7200,98
40911941069889,11:21:51.941,26.7000,100
40930277070066,11:22:10.277,26.7000,100
41085221556002,11:24:45.221,26.7000,20
41085221690281,11:24:45.221,26.7000,80
41676737915714,11:34:36.737,26.7200,59
41695160733692,11:34:55.160,26.7200,1
42292532066284,11:44:52.532,26.6900,100
42498050369380,11:48:18.050,26.7000,100
42524032739010,11:48:44.032,26.6600,91
44666167259849,12:24:26.167,26.8600,100
45172915400713,12:32:52.915,27.0100,100
45487800718517,12:38:07.800,26.8700,100
45487802463881,12:38:07.802,26.8700,100
46454081776421,12:54:14.081,26.8500,13
46454081801218,12:54:14.081,26.8500,87
46583373351333,12:56:23.373,26.8600,100
47852225865426,13:17:32.225,26.7700,100
49066040793544,13:37:46.040,26.7000,10
49151727878029,13:39:11.727,26.7200,100
49474845223866,13:44:34.845,26.7700,100
49474845223866,13:44:34.845,26.7700,100
49501291445644,13:45:01.291,26.7700,13
49545107754236,13:45:45.107,26.7600,100
49545107754236,13:45:45.107,26.7600,100
49890678169477,13:51:30.678,26.8200,100
50145699114810,13:55:45.699,26.8100,100
50418729368800,14:00:18.729,26.5000,100
50418729368800,14:00:18.729,26.5000,50
50451255317637,14:00:51.255,26.3800,1
50452185092983,14:00:52.185,26.4100,100
50453314403191,14:00:53.314,26.4200,100
50457392896802,14:00:57.392,26.3900,50
50457392896802,14:00:57.392,26.3800,50
50460033802367,14:01:00.033,26.4200,100
50468067975103,14:01:08.067,26.3700,100
50476989294982,14:01:16.989,26.3500,100
50488481777599,14:01:28.481,26.3200,100
50488481777599,14:01:28.481,26.3100,100
50489964783826,14:01:29.964,26.3300,100
50490944805521,14:01:30.944,26.3200,100
50491482865784,14:01:31.482,26.3000,15
50491482865784,14:01:31.482,26.3000,68
50491485898680,14:01:31.485,26.3000,32
50499335151411,14:01:39.335,26.2700,100
50499335431552,14:01:39.335,26.2700,100
50499870515019,14:01:39.870,26.2900,100
50514198653033,14:01:54.198,26.3100,100
50542228735418,14:02:22.228,26.3100,100
50572296271975,14:02:52.296,26.2500,10
50660896062245,14:04:20.896,26.2200,100
50660896504977,14:04:20.896,26.2200,100
50661021146043,14:04:21.021,26.2200,100
50690203806981,14:04:50.203,26.1100,100
50693199273468,14:04:53.199,26.1000,100
50693371302117,14:04:53.371,26.1200,100
50716042119475,14:05:16.042,26.0800,30
50726298729987,14:05:26.298,26.0800,100
50749840781869,14:05:49.840,26.0600,100
50795021428770,14:06:35.021,26.1000,100
50852472388661,14:07:32.472,26.1100,100
50855080819774,14:07:35.080,26.1300,100
50862386708728,14:07:42.386,26.1600,100
50926211094915,14:08:46.211,26.1800,100
50941249550663,14:09:01.249,26.1100,100
50946975725904,14:09:06.975,26.1300,98
50960020988550,14:09:20.020,26.1800,100
50960022253828,14:09:20.022,26.1800,100
50960022253828,14:09:20.022,26.1800,100
50974739129703,14:09:34.739,26.1900,100
50983333813172,14:09:43.333,26.1100,63
50983334103381,14:09:43.334,26.1100,37
50984657109525,14:09:44.657,26.1300,100
50996056265236,14:09:56.056,26.1400,100
51042779029522,14:10:42.779,26.1400,100
51042779029522,14:10:42.779,26.1300,100
51042786339828,14:10:42.786,26.1200,100
51066300350010,14:11:06.300,26.0800,100
51104021444158,14:11:44.021,26.0400,38
51123771071177,14:12:03.771,26.0700,100
51124894399412,14:12:04.894,26.0800,100
51124895116272,14:12:04.895,26.0800,100
51135605190659,14:12:15.605,26.0500,50
51166909094444,14:12:46.909,26.0800,12
51170861288438,14:12:50.861,26.0500,100
51209146202072,14:13:29.146,26.0400,100
51234729814010,14:13:54.729,26.0400,41
51249939232738,14:14:09.939,26.0000,200
51249939232738,14:14:09.939,26.0000,100
51249939728550,14:14:09.939,26.0000,15
51249939728550,14:14:09.939,26.0000,70
51279459116118,14:14:39.459,25.9800,100
51279508574970,14:14:39.508,25.9700,100
51279508574970,14:14:39.508,25.9700,100
51280465778375,14:14:40.465,25.9600,50
51280465814286,14:14:40.465,25.9600,50
51280549532968,14:14:40.549,25.9600,50
51312576015808,14:15:12.576,25.9600,100
51328500335949,14:15:28.500,26.0000,78
51328500398076,14:15:28.500,26.0000,22
51336774987912,14:15:36.774,26.0200,50
51363579605945,14:16:03.579,26.0300,100
51363581828986,14:16:03.581,26.0200,22
51363581857856,14:16:03.581,26.0200,78
51364320751684,14:16:04.320,25.9900,83
51364320798244,14:16:04.320,25.9900,17
51422484509762,14:17:02.484,25.9600,100
51429687547837,14:17:09.687,25.9100,100
51431705674440,14:17:11.705,25.9200,100
51436556057997,14:17:16.556,25.9600,100
51635896502795,14:20:35.896,25.9300,100
51636794797952,14:20:36.794,25.9300,100
51677005038906,14:21:17.005,25.8800,100
51713546065595,14:21:53.546,25.9300,100
51733181170159,14:22:13.181,25.9000,100
51734476685882,14:22:14.476,25.9300,100
51759311294609,14:22:39.311,25.9100,24
51759312575983,14:22:39.312,25.9100,76
51762282310806,14:22:42.282,25.9200,100
51826196542203,14:23:46.196,25.9000,100
51857617209498,14:24:17.617,25.9300,100
51861681584665,14:24:21.681,25.9300,100
51977981945731,14:26:17.981,25.9000,10
52071038606546,14:27:51.038,26.0100,100
52093699509298,14:28:13.699,26.0100,100
52154364243638,14:29:14.364,26.1000,100
52214829026120,14:30:14.829,26.1100,100
52380971609345,14:33:00.971,26.0300,100
52442004816061,14:34:02.004,26.0000,50
52442005029811,14:34:02.005,26.0000,198
52442005684711,14:34:02.005,26.0000,52
52442005684711,14:34:02.005,26.0000,87
52560329505534,14:36:00.329,25.9800,100
52764595335478,14:39:24.595,25.8100,100
52774852037128,14:39:34.852,25.8100,100
52790974313852,14:39:50.974,25.8100,100
52792567288660,14:39:52.567,25.7900,100
52792567909774,14:39:52.567,25.7900,100
52944134758425,14:42:24.134,25.7500,10
52975417477645,14:42:55.417,25.7400,100
53084596816424,14:44:44.596,25.7300,100
53084597832393,14:44:44.597,25.7300,100
53084599925831,14:44:44.599,25.7300,100
53090095615939,14:44:50.095,25.7000,100
53090098048175,14:44:50.098,25.7100,100
53122532443600,14:45:22.532,25.7100,100
53188471591674,14:46:28.471,25.7100,10
53377264645206,14:49:37.264,25.8400,100
53634906791361,14:53:54.906,25.8000,100
53704583041868,14:55:04.583,25.7500,10
53789803623162,14:56:29.803,25.7000,100
53800143868785,14:56:40.143,25.7000,30
53943056059014,14:59:03.056,25.5900,100
53965567822871,14:59:25.567,25.5600,100
53991476906967,14:59:51.476,25.5600,200
53991476908305,14:59:51.476,25.5600,100
53999625766576,14:59:59.625,25.5600,100
54005699162142,15:00:05.699,25.5500,100
54005699938440,15:00:05.699,25.5400,100
54010042658468,15:00:10.042,25.5400,10
54010042698733,15:00:10.042,25.5400,80
54010042801235,15:00:10.042,25.5400,10
54021160247590,15:00:21.160,25.5100,13
54059429993553,15:00:59.429,25.5000,100
54066312165014,15:01:06.312,25.5000,100
54306466008527,15:05:06.466,25.6400,100
54306466008527,15:05:06.466,25.6400,100
54308372425027,15:05:08.372,25.6500,20
54308372491863,15:05:08.372,25.6500,73
54308372530016,15:05:08.372,25.6500,7
54308372530016,15:05:08.372,25.6500,16
54308377292563,15:05:08.377,25.6600,100
54321035288276,15:05:21.035,25.6600,77
54321035353772,15:05:21.035,25.6600,23
54321035634540,15:05:21.035,25.6600,100
54348761913811,15:05:48.761,25.6500,38
54348762111514,15:05:48.762,25.6500,14
54348762170182,15:05:48.762,25.6500,48
54510066234458,15:08:30.066,25.6500,100
54574815941937,15:09:34.815,25.7100,100
54574815941937,15:09:34.815,25.7100,100
54574815941937,15:09:34.815,25.7100,100
54574816783401,15:09:34.816,25.7100,100
54574816783401,15:09:34.816,25.7100,100
54632463768909,15:10:32.463,25.7400,100
54632470099185,15:10:32.470,25.7500,100
54689061772540,15:11:29.061,25.8000,100
54738849619922,15:12:18.849,25.7300,100
54847506198975,15:14:07.506,25.8300,100
54929750112946,15:15:29.750,25.7600,100
54979922127909,15:16:19.922,25.6300,100
55034717800877,15:17:14.717,25.6500,123
55117921206251,15:18:37.921,25.6700,100
55117923246656,15:18:37.923,25.6800,100
55180507652100,15:19:40.507,25.6700,100
55185231428084,15:19:45.231,25.6500,300
55185231473739,15:19:45.231,25.6500,77
55332215055377,15:22:12.215,25.6600,100
55355785153252,15:22:35.785,25.7100,54
55355785234972,15:22:35.785,25.7100,46
55689735515406,15:28:09.735,25.6300,46
55689735551705,15:28:09.735,25.6300,8
55689735578773,15:28:09.735,25.6300,46
55746912069760,15:29:06.912,25.6700,100
55832833343489,15:30:32.833,25.6600,100
55891537619004,15:31:31.537,25.6000,30
56053122544010,15:34:13.122,25.6100,100
56252520940836,15:37:32.520,25.5700,100
56323480781569,15:38:43.480,25.5800,59
56323482319071,15:38:43.482,25.5800,246
56323484116221,15:38:43.484,25.5800,95
56437272034658,15:40:37.272,25.5700,100
56482429107647,15:41:22.429,25.5900,100
56531434767706,15:42:11.434,25.5900,100
56893909824718,15:48:13.909,25.5800,100
56893912249183,15:48:13.912,25.5800,100
56966240911723,15:49:26.240,25.5900,44
57011967580378,15:50:11.967,25.6000,100
57129335808274,15:52:09.335,25.5900,28
57130832818479,15:52:10.832,25.6200,100
57153219634476,15:52:33.219,25.6600,28
57271937709876,15:54:31.937,25.7000,100
57305348000803,15:55:05.348,25.7000,119
57305348038678,15:55:05.348,25.7000,81
57305348038678,15:55:05.348,25.7000,19
57305348057777,15:55:05.348,25.7000,48
57305348074897,15:55:05.348,25.7000,33
57339910714850,15:55:39.910,25.6400,38
57339967662707,15:55:39.967,25.6400,25
57340348771182,15:55:40.348,25.6400,37
57356151076885,15:55:56.151,25.6000,100
57356151714990,15:55:56.151,25.6000,100
57356151747898,15:55:56.151,25.6000,100
57356169534491,15:55:56.169,25.6000,100
57356237419966,15:55:56.237,25.6000,100
57356254757867,15:55:56.254,25.6000,100
57356272899722,15:55:56.272,25.6000,100
57356291516597,15:55:56.291,25.6000,100
57386229879962,15:56:26.229,25.6700,100
57386235041518,15:56:26.235,25.6700,8
57386235224024,15:56:26.235,25.6700,32
57386235992996,15:56:26.235,25.6900,40
57386236922857,15:56:26.236,25.6900,60
57386236922857,15:56:26.236,25.6900,100
57413567456202,15:56:53.567,25.6900,100
57462071492227,15:57:42.071,25.6800,84
57600337098026,16:00:00.337,0.0000,0
62080534003146,17:14:40.534,26.0000,10
