timestamp,time,price,volume
34200705406507,09:30:00.705,0.0000,0
34271049036660,09:31:11.049,21.0400,100
34323012198048,09:32:03.012,21.0600,126
34323012230788,09:32:03.012,21.0600,100
34337356035731,09:32:17.356,21.0600,774
34393629396857,09:33:13.629,21.0200,200
34393629552031,09:33:13.629,21.0200,100
34393629625527,09:33:13.629,21.0200,84
34393629661650,09:33:13.629,21.0200,16
34393672542751,09:33:13.672,21.0000,199
34393672589970,09:33:13.672,21.0000,1
34393672589970,09:33:13.672,21.0000,50
34393686010557,09:33:13.686,21.0100,100
34393686010557,09:33:13.686,21.0100,100
34393697070501,09:33:13.697,21.0300,100
34393698111233,09:33:13.698,21.0400,273
34394305075278,09:33:14.305,21.0500,100
34394379692467,09:33:14.379,21.0800,500
34394523081344,09:33:14.523,21.0800,1105
34394523081344,09:33:14.523,21.0800,130
34394523631736,09:33:14.523,21.0800,100
34394523631736,09:33:14.523,21.0800,100
34395022653065,09:33:15.022,21.0800,100
34400132251766,09:33:20.132,21.1000,100
34400133605676,09:33:20.133,21.1000,1
34400164177221,09:33:20.164,21.1000,100
34400172980440,09:33:20.172,21.1000,100
34521264093750,09:35:21.264,21.0700,200
34521264093750,09:35:21.264,21.0700,6
34521264125754,09:35:21.264,21.0700,94
34529242510570,09:35:29.242,21.0400,100
34548573788168,09:35:48.573,21.0600,100
34602045114540,09:36:42.045,21.0800,100
34602045142932,09:36:42.045,21.0800,88
34604941768038,09:36:44.941,21.0800,12
34605079064378,09:36:45.079,21.0800,17
34605079064378,09:36:45.079,21.0800,83
34605079747062,09:36:45.079,21.0800,17
34605080255302,09:36:45.080,21.0800,100
34605176276866,09:36:45.176,21.0800,100
34631953308956,09:37:11.953,21.0800,187
34631957982974,09:37:11.957,21.1000,100
34631959538862,09:37:11.959,21.1000,100
34631959538862,09:37:11.959,21.1000,90
34631959564359,09:37:11.959,21.1000,10
34631959564359,09:37:11.959,21.1000,100
34635021870308,09:37:15.021,21.0900,100
34635021870308,09:37:15.021,21.0900,100
34640407807714,09:37:20.407,21.0800,200
34698447496119,09:38:18.447,21.0900,100
34779437718038,09:39:39.437,21.1300,200
34779439055245,09:39:39.439,21.1200,100
34895149306676,09:41:35.149,21.1500,100
34895149306676,09:41:35.149,21.1500,100
34895149903182,09:41:35.149,21.1500,100
34895208372798,09:41:35.208,21.1500,100
34926742428043,09:42:06.742,21.1400,100
34929916508152,09:42:09.916,21.1200,100
34929916842832,09:42:09.916,21.1200,2
34929916866228,09:42:09.916,21.1200,98
34929916866228,09:42:09.916,21.1200,100
34930101861100,09:42:10.101,21.1100,100
34930266516436,09:42:10.266,21.1100,100
34945286015576,09:42:25.286,21.1200,100
34945287089375,09:42:25.287,21.1300,100
34945287389079,09:42:25.287,21.1300,200
34945304554065,09:42:25.304,21.1300,100
34945365243248,09:42:25.365,21.1200,100
34945365243248,09:42:25.365,21.1200,100
35029959475483,09:43:49.959,21.1300,200
35029959475483,09:43:49.959,21.1300,100
35032972177864,09:43:52.972,21.1300,100
35032972204239,09:43:52.972,21.1300,300
35032972204239,09:43:52.972,21.1300,100
35032972204239,09:43:52.972,21.1300,100
35038849158137,09:43:58.849,21.1300,100
35038852242699,09:43:58.852,21.1300,100
35042705043269,09:44:02.705,21.1300,100
35042705043269,09:44:02.705,21.1300,300
35042705043269,09:44:02.705,21.1300,4
35042705073868,09:44:02.705,21.1300,96
35042706141177,09:44:02.706,21.1200,100
35042706141177,09:44:02.706,21.1200,100
35042706645426,09:44:02.706,21.1200,100
35042707075246,09:44:02.707,21.1200,100
35046741360998,09:44:06.741,21.1200,100
35083623575894,09:44:43.623,21.1100,100
35083624244043,09:44:43.624,21.1000,43
35083624266809,09:44:43.624,21.1000,57
35100023844333,09:45:00.023,21.1200,100
35128235809971,09:45:28.235,21.1100,20
35128236232422,09:45:28.236,21.1100,80
35128247192519,09:45:28.247,21.1000,100
35130032265216,09:45:30.032,21.0800,100
35154905322411,09:45:54.905,21.0600,100
35154905322411,09:45:54.905,21.0600,100
35155025780817,09:45:55.025,21.0700,100
35174197060497,09:46:14.197,21.0700,88
35174197085808,09:46:14.197,21.0700,12
35174197085808,09:46:14.197,21.0700,100
35180020155471,09:46:20.020,21.0400,100
35181192119986,09:46:21.192,21.0200,100
35181192145378,09:46:21.192,21.0200,1000
35188819347936,09:46:28.819,21.0000,207
35188819375431,09:46:28.819,21.0000,43
35195734705772,09:46:35.734,21.0000,100
35203236522971,09:46:43.236,21.0100,50
35203237721568,09:46:43.237,21.0100,100
35215131308882,09:46:55.131,21.0300,21
35215131336757,09:46:55.131,21.0300,4
35232124325932,09:47:12.124,21.0500,100
35232124956449,09:47:12.124,21.0500,100
35232124956449,09:47:12.124,21.0500,100
35232124956449,09:47:12.124,21.0500,100
35233540156495,09:47:13.540,21.0300,100
35235028760324,09:47:15.028,21.0200,12
35235028763486,09:47:15.028,21.0200,88
35242677295444,09:47:22.677,21.0000,100
35242677320223,09:47:22.677,21.0000,9
35242677928111,09:47:22.677,21.0000,91
35242991788663,09:47:22.991,20.9900,1
35242991788663,09:47:22.991,20.9900,100
35243199903393,09:47:23.199,20.9800,100
35243199903393,09:47:23.199,20.9800,100
35243272744043,09:47:23.272,20.9900,100
35243272744043,09:47:23.272,20.9900,200
35245377254901,09:47:25.377,21.0000,100
35245377254901,09:47:25.377,21.0000,100
35250023072752,09:47:30.023,21.0100,100
35262168761847,09:47:42.168,21.0100,188
35262168791616,09:47:42.168,21.0100,12
35291622451775,09:48:11.622,20.9900,100
35291622451775,09:48:11.622,20.9900,100
35313155263145,09:48:33.155,21.0200,1
35330648925096,09:48:50.648,21.0000,100
35330648925096,09:48:50.648,21.0000,50
35330649027434,09:48:50.649,21.0000,50
35330649027434,09:48:50.649,21.0000,50
35330649040329,09:48:50.649,21.0000,50
35330649040329,09:48:50.649,21.0000,100
35330649040329,09:48:50.649,21.0000,100
35330649164163,09:48:50.649,21.0000,50
35330649517876,09:48:50.649,21.0000,50
35330697436335,09:48:50.697,20.9900,100
35331392883168,09:48:51.392,20.9800,100
35331392883168,09:48:51.392,20.9800,100
35339554313908,09:48:59.554,20.9700,100
35350251604507,09:49:10.251,20.9700,179
35350251677388,09:49:10.251,20.9700,100
35350252897866,09:49:10.252,20.9800,200
35358771594100,09:49:18.771,20.9800,100
35396221989167,09:49:56.221,20.9600,100
35396221989167,09:49:56.221,20.9600,100
35396221989167,09:49:56.221,20.9600,100
35396221989167,09:49:56.221,20.9600,38
35396221989167,09:49:56.221,20.9600,100
35396221989167,09:49:56.221,20.9600,500
35396223560128,09:49:56.223,20.9700,100
35396223585869,09:49:56.223,20.9700,100
35396223612759,09:49:56.223,20.9700,100
35396223650202,09:49:56.223,20.9700,79
35396223709296,09:49:56.223,20.9700,21
35396223709296,09:49:56.223,20.9700,79
35396223713230,09:49:56.223,20.9700,15
35396223785114,09:49:56.223,20.9700,6
35406676872169,09:50:06.676,20.9800,100
35423228050411,09:50:23.228,21.0000,100
35423228595241,09:50:23.228,21.0000,14
35440982847145,09:50:40.982,20.9800,100
35440982847145,09:50:40.982,20.9800,100
35484255671072,09:51:24.255,20.9900,94
35484255701744,09:51:24.255,20.9900,306
35484255701744,09:51:24.255,20.9900,100
35484255701744,09:51:24.255,20.9900,100
35484255701744,09:51:24.255,20.9900,100
35484255701744,09:51:24.255,20.9900,100
35484255701744,09:51:24.255,20.9900,100
35484255701744,09:51:24.255,20.9900,200
35484265080720,09:51:24.265,20.9900,200
35484265080720,09:51:24.265,20.9900,100
35500460351945,09:51:40.460,20.9800,100
35500460351945,09:51:40.460,20.9800,200
35501366633423,09:51:41.366,20.9700,100
35501366633423,09:51:41.366,20.9700,100
35501366633423,09:51:41.366,20.9700,100
35501366787137,09:51:41.366,20.9700,100
35501366787137,09:51:41.366,20.9700,100
35501366787137,09:51:41.366,20.9700,100
35501367250244,09:51:41.367,20.9700,100
35501367250244,09:51:41.367,20.9700,100
35501367429023,09:51:41.367,20.9700,100
35501389560970,09:51:41.389,20.9700,100
35501389560970,09:51:41.389,20.9700,100
35501389560970,09:51:41.389,20.9700,100
35501389560970,09:51:41.389,20.9700,400
35501389560970,09:51:41.389,20.9700,100
35501389560970,09:51:41.389,20.9700,100
35501389560970,09:51:41.389,20.9700,100
35501390490897,09:51:41.390,20.9700,100
35501390926859,09:51:41.390,20.9700,100
35504901758690,09:51:44.901,20.9800,100
35504901758690,09:51:44.901,20.9800,98
35504901784379,09:51:44.901,20.9800,2
35505813364999,09:51:45.813,20.9800,200
35505813364999,09:51:45.813,20.9800,2
35524295130815,09:52:04.295,21.0000,100
35524295331135,09:52:04.295,21.0000,88
35524295460216,09:52:04.295,21.0000,12
35524295460216,09:52:04.295,21.0000,100
35524424025766,09:52:04.424,21.0000,400
35524424025766,09:52:04.424,21.0000,100
35525020164836,09:52:05.020,20.9900,100
35540460925337,09:52:20.460,20.9900,100
35561149624495,09:52:41.149,20.9600,100
35561149624495,09:52:41.149,20.9700,200
35561149624495,09:52:41.149,20.9700,100
35561149624495,09:52:41.149,20.9700,100
35561149624495,09:52:41.149,20.9700,100
35561149624495,09:52:41.149,20.9700,100
35561149624495,09:52:41.149,20.9700,100
35561149624495,09:52:41.149,20.9700,200
35561149624495,09:52:41.149,20.9700,100
35561149624495,09:52:41.149,20.9700,100
35562254015512,09:52:42.254,20.9800,100
35562434747521,09:52:42.434,20.9800,100
35571737675741,09:52:51.737,20.9800,100
35571737675741,09:52:51.737,20.9800,100
35589006233392,09:53:09.006,20.9800,100
35589006233392,09:53:09.006,20.9800,200
35589006233392,09:53:09.006,20.9800,100
35589006911245,09:53:09.006,20.9900,100
35589041466933,09:53:09.041,20.9900,200
35589041466933,09:53:09.041,20.9900,100
35589041466933,09:53:09.041,20.9900,100
35589041970275,09:53:09.041,20.9900,41
35634684280381,09:53:54.684,20.9900,100
35634684280381,09:53:54.684,20.9900,100
35634684389395,09:53:54.684,20.9900,30
35634710076475,09:53:54.710,20.9900,100
35651025242870,09:54:11.025,20.9900,100
35651047087416,09:54:11.047,20.9900,100
35651077735674,09:54:11.077,20.9900,273
35651079308888,09:54:11.079,20.9900,100
35651079345029,09:54:11.079,20.9900,100
35651079345029,09:54:11.079,20.9900,56
35651583390255,09:54:11.583,20.9800,100
35652305181965,09:54:12.305,20.9900,44
35652305181965,09:54:12.305,20.9900,100
35652305181965,09:54:12.305,20.9900,200
35652305181965,09:54:12.305,20.9900,100
35692714842209,09:54:52.714,20.9900,100
35692714842209,09:54:52.714,20.9900,400
35709139775901,09:55:09.139,20.9800,100
35709139775901,09:55:09.139,20.9800,100
35744245591570,09:55:44.245,20.9600,25
35744743001120,09:55:44.743,20.9500,100
35744743027866,09:55:44.743,20.9500,100
35744743053309,09:55:44.743,20.9500,100
35744743096436,09:55:44.743,20.9500,100
35744768573072,09:55:44.768,20.9500,200
35744768573072,09:55:44.768,20.9500,100
35744768573072,09:55:44.768,20.9500,100
35744768573072,09:55:44.768,20.9500,100
35744768573072,09:55:44.768,20.9500,100
35744787395602,09:55:44.787,20.9600,100
35744787464871,09:55:44.787,20.9600,100
35744787507001,09:55:44.787,20.9600,100
35744790197716,09:55:44.790,20.9600,100
35744790197716,09:55:44.790,20.9600,100
35747436872475,09:55:47.436,20.9400,24
35747437537712,09:55:47.437,20.9400,76
35747453778162,09:55:47.453,20.9400,100
35747453778162,09:55:47.453,20.9400,300
35747453808358,09:55:47.453,20.9400,100
35747453808358,09:55:47.453,20.9400,100
35747453808358,09:55:47.453,20.9400,100
35747468683429,09:55:47.468,20.9500,100
35748020990735,09:55:48.020,20.9500,100
35748020990735,09:55:48.020,20.9500,100
35748020990735,09:55:48.020,20.9500,200
35756227948137,09:55:56.227,20.9400,100
35756228148437,09:55:56.228,20.9400,175
35756228148437,09:55:56.228,20.9400,75
35756228230185,09:55:56.228,20.9400,25
35756228230185,09:55:56.228,20.9400,10
35756228735160,09:55:56.228,20.9400,87
35756228823477,09:55:56.228,20.9400,3
35756254968634,09:55:56.254,20.9500,44
35756254968634,09:55:56.254,20.9500,56
35756255252637,09:55:56.255,20.9500,44
35767148823232,09:56:07.148,20.9500,100
35771343504337,09:56:11.343,20.9600,100
35808159564073,09:56:48.159,20.9700,100
35808159564073,09:56:48.159,20.9700,200
35852626354778,09:57:32.626,20.9700,500
35852626354778,09:57:32.626,20.9700,100
35852673624760,09:57:32.673,20.9700,100
35852673624760,09:57:32.673,20.9700,100
35852673624760,09:57:32.673,20.9700,100
35852673624760,09:57:32.673,20.9700,100
35852673624760,09:57:32.673,20.9700,100
35852673624760,09:57:32.673,20.9700,100
35852673624760,09:57:32.673,20.9700,100
35852673624760,09:57:32.673,20.9700,100
35862981338494,09:57:42.981,20.9800,275
35862981338494,09:57:42.981,20.9800,400
35863146952608,09:57:43.146,20.9800,100
35890343590964,09:58:10.343,21.0000,11
35915448967830,09:58:35.448,21.0000,14
35921239429443,09:58:41.239,21.0000,46
35921267035901,09:58:41.267,21.0000,100
35921294489669,09:58:41.294,21.0000,100
35921294489669,09:58:41.294,21.0000,100
35921294489669,09:58:41.294,21.0000,100
35921294489669,09:58:41.294,21.0000,100
35941150543463,09:59:01.150,21.0100,300
35941276484220,09:59:01.276,21.0100,100
35943224878703,09:59:03.224,21.0000,14
35943224898451,09:59:03.224,21.0000,86
35943224898451,09:59:03.224,21.0000,100
35945023631094,09:59:05.023,20.9900,5
35945023696213,09:59:05.023,20.9900,95
35962149742613,09:59:22.149,20.9800,100
35980904838675,09:59:40.904,20.9600,100
35981583032639,09:59:41.583,20.9600,100
35991209829069,09:59:51.209,20.9600,100
35991209829069,09:59:51.209,20.9600,200
35991209829069,09:59:51.209,20.9600,100
35991209829069,09:59:51.209,20.9600,100
35991209829069,09:59:51.209,20.9600,45
35991209829069,09:59:51.209,20.9600,100
35993791270967,09:59:53.791,20.9700,43
35993791698284,09:59:53.791,20.9700,57
35996513210724,09:59:56.513,20.9800,100
36011135414621,10:00:11.135,20.9600,195
36011135414621,10:00:11.135,20.9600,200
36016662042761,10:00:16.662,20.9500,100
36016662042761,10:00:16.662,20.9500,100
36017421937339,10:00:17.421,20.9500,100
36017421937339,10:00:17.421,20.9500,44
36017421937339,10:00:17.421,20.9500,100
36017421937339,10:00:17.421,20.9500,200
36017421937339,10:00:17.421,20.9500,100
36021228286307,10:00:21.228,20.9500,100
36021268588750,10:00:21.268,20.9600,300
36021268588750,10:00:21.268,20.9600,100
36024182413685,10:00:24.182,20.9700,100
36028891710616,10:00:28.891,20.9800,100
36035603748549,10:00:35.603,20.9800,200
36046529757622,10:00:46.529,20.9800,100
36046529757622,10:00:46.529,20.9800,86
36046529783938,10:00:46.529,20.9800,14
36046529783938,10:00:46.529,20.9800,100
36066185675948,10:01:06.185,20.9900,100
36066186587777,10:01:06.186,20.9900,85
36067678469477,10:01:07.678,21.0000,100
36067678469477,10:01:07.678,21.0000,100
36067678469477,10:01:07.678,21.0000,100
36074934193414,10:01:14.934,21.0100,100
36081143296686,10:01:21.143,21.0200,64
36081143353252,10:01:21.143,21.0200,36
36081143353252,10:01:21.143,21.0200,100
36088767589376,10:01:28.767,21.0200,100
36088767589376,10:01:28.767,21.0200,116
36088767589376,10:01:28.767,21.0200,38
36088767921136,10:01:28.767,21.0200,100
36088767923612,10:01:28.767,21.0200,100
36088768234581,10:01:28.768,21.0200,71
36088769154423,10:01:28.769,21.0200,20
36092463942174,10:01:32.463,21.0200,95
36158261498541,10:02:38.261,21.0300,500
36158261498541,10:02:38.261,21.0300,100
36158261498541,10:02:38.261,21.0300,500
36158277776744,10:02:38.277,21.0200,100
36158277817513,10:02:38.277,21.0200,100
36166650759307,10:02:46.650,20.9900,100
36166650759307,10:02:46.650,20.9900,100
36166652050205,10:02:46.652,20.9900,100
36166652050205,10:02:46.652,20.9900,100
36166658460527,10:02:46.658,20.9900,100
36166658460527,10:02:46.658,20.9900,100
36166690633834,10:02:46.690,20.9900,200
36166690750134,10:02:46.690,20.9900,200
36166690750134,10:02:46.690,20.9900,100
36166690750134,10:02:46.690,20.9900,100
36166690809993,10:02:46.690,20.9900,100
36166690809993,10:02:46.690,20.9900,100
36170134441824,10:02:50.134,20.9900,6
36170134441824,10:02:50.134,20.9900,100
36175029495624,10:02:55.029,20.9900,100
36181956033672,10:03:01.956,20.9900,100
36181956033672,10:03:01.956,20.9900,100
36215991963419,10:03:35.991,20.9900,51
36215991963419,10:03:35.991,20.9900,400
36232767567124,10:03:52.767,21.0000,100
36232767681609,10:03:52.767,21.0000,100
36232769507408,10:03:52.769,20.9900,87
36232771240864,10:03:52.771,20.9900,100
36232771240864,10:03:52.771,20.9900,100
36232771429830,10:03:52.771,20.9900,100
36232771429830,10:03:52.771,20.9900,100
36247740941706,10:04:07.740,20.9900,100
36248009241563,10:04:08.009,20.9900,100
36280191842283,10:04:40.191,20.9800,300
36281034878886,10:04:41.034,20.9700,49
36293066251616,10:04:53.066,20.9700,400
36293066251616,10:04:53.066,20.9700,53
36293066251616,10:04:53.066,20.9700,100
36293333652972,10:04:53.333,20.9700,100
36293333687802,10:04:53.333,20.9700,100
36295008839358,10:04:55.008,20.9700,105
36295008863443,10:04:55.008,20.9700,95
36295008863443,10:04:55.008,20.9700,5
36311553577069,10:05:11.553,20.9700,100
36311561879815,10:05:11.561,20.9700,15
36311561926025,10:05:11.561,20.9700,9
36312785356321,10:05:12.785,20.9600,100
36312785356321,10:05:12.785,20.9600,200
36312785356321,10:05:12.785,20.9600,100
36312785861754,10:05:12.785,20.9600,100
36312796338761,10:05:12.796,20.9600,208
36312796754054,10:05:12.796,20.9600,100
36316819186684,10:05:16.819,20.9600,100
36316819186684,10:05:16.819,20.9600,100
36336269340281,10:05:36.269,20.9600,100
36336269340281,10:05:36.269,20.9600,50
36336269355604,10:05:36.269,20.9600,550
36336269356830,10:05:36.269,20.9600,100
36337614344001,10:05:37.614,20.9700,100
36337635131155,10:05:37.635,20.9700,100
36358032916610,10:05:58.032,20.9800,100
36369117452805,10:06:09.117,20.9900,6
36376773200230,10:06:16.773,21.0000,100
36389796586765,10:06:29.796,21.0000,300
36389796586765,10:06:29.796,21.0000,500
36389875782003,10:06:29.875,20.9900,100
36390238955945,10:06:30.238,20.9900,100
36390238955945,10:06:30.238,20.9900,100
36390239060863,10:06:30.239,20.9900,100
36390239064463,10:06:30.239,20.9900,100
36390239273542,10:06:30.239,20.9900,100
36390239273542,10:06:30.239,20.9900,100
36390239273542,10:06:30.239,20.9900,100
36450221065689,10:07:30.221,20.9800,16
36450221091028,10:07:30.221,20.9800,68
36450221125732,10:07:30.221,20.9800,16
36450221406087,10:07:30.221,20.9800,16
36450221523025,10:07:30.221,20.9800,51
36450221528526,10:07:30.221,20.9800,33
36470386161204,10:07:50.386,20.9800,200
36481651924187,10:08:01.651,20.9900,100
36482036655945,10:08:02.036,21.0000,100
36482158853366,10:08:02.158,21.0000,31
36482158853366,10:08:02.158,21.0000,69
36482158905639,10:08:02.158,21.0000,31
36486899384794,10:08:06.899,21.0000,4
36494743487479,10:08:14.743,21.0100,200
36504439733674,10:08:24.439,21.0200,200
36551104342838,10:09:11.104,21.0200,100
36551104370378,10:09:11.104,21.0200,128
36551104373294,10:09:11.104,21.0200,172
36551108600638,10:09:11.108,21.0100,100
36553636089468,10:09:13.636,21.0000,24
36553638206535,10:09:13.638,21.0000,200
36553638231558,10:09:13.638,21.0000,135
36553638244921,10:09:13.638,21.0000,65
36553638244921,10:09:13.638,21.0000,3
36553638340553,10:09:13.638,21.0000,68
36553638406718,10:09:13.638,21.0000,29
36572290936980,10:09:32.290,20.9900,100
36589576151308,10:09:49.576,21.0000,100
36615017835476,10:10:15.017,21.0100,270
36617503255983,10:10:17.503,21.0000,100
36629214770539,10:10:29.214,21.0000,4
36663221382000,10:11:03.221,20.9700,100
36664288485825,10:11:04.288,20.9700,100
36694923608659,10:11:34.923,20.9900,100
36709000377986,10:11:49.000,21.0000,33
36709000377986,10:11:49.000,21.0000,67
36709000804694,10:11:49.000,21.0000,33
36735112020428,10:12:15.112,21.0000,100
36737017307258,10:12:17.017,20.9900,100
36737017307258,10:12:17.017,20.9900,100
36738269052724,10:12:18.269,20.9800,100
36756482128151,10:12:36.482,20.9800,10
36756482150929,10:12:36.482,20.9800,490
36756482150929,10:12:36.482,20.9800,100
36806112784128,10:13:26.112,20.9600,1
36806141524556,10:13:26.141,20.9600,100
36806141524556,10:13:26.141,20.9600,100
36806141524556,10:13:26.141,20.9600,100
36806141524556,10:13:26.141,20.9600,100
36807757775959,10:13:27.757,20.9700,300
36815334046064,10:13:35.334,20.9700,300
36818662534797,10:13:38.662,20.9600,100
36818662534797,10:13:38.662,20.9600,400
36818662534797,10:13:38.662,20.9600,32
36818662534797,10:13:38.662,20.9600,200
36818662534797,10:13:38.662,20.9600,100
36818662534797,10:13:38.662,20.9600,100
36818662534797,10:13:38.662,20.9600,200
36819166227998,10:13:39.166,20.9700,100
36819166227998,10:13:39.166,20.9700,3
36853013992380,10:14:13.013,20.9800,6
36853014879641,10:14:13.014,20.9800,94
36874820442919,10:14:34.820,20.9800,600
36879494977983,10:14:39.494,20.9700,1
36904376725438,10:15:04.376,20.9600,100
36910494266498,10:15:10.494,20.9600,100
36922933007767,10:15:22.933,20.9650,100
36941954112400,10:15:41.954,20.9700,69
36941954137041,10:15:41.954,20.9700,31
36941954137041,10:15:41.954,20.9700,100
36941954137041,10:15:41.954,20.9700,35
36941954193627,10:15:41.954,20.9700,65
36941954193627,10:15:41.954,20.9700,4
36941954217544,10:15:41.954,20.9700,96
36947029152213,10:15:47.029,20.9800,100
36965155888565,10:16:05.155,20.9800,3
37002993221920,10:16:42.993,21.0100,100
37011105436230,10:16:51.105,21.0100,52
37088492294109,10:18:08.492,20.9800,52
37109590948219,10:18:29.590,20.9700,66
37109590977014,10:18:29.590,20.9700,34
37113734788312,10:18:33.734,20.9800,100
37113734788312,10:18:33.734,20.9800,4
37194493224967,10:19:54.493,21.0000,100
37203954145056,10:20:03.954,21.0100,4
37211878919729,10:20:11.878,21.0200,100
37235548576367,10:20:35.548,21.0400,100
37249158998749,10:20:49.158,21.0400,100
37289841621485,10:21:29.841,21.0500,36
37293286710817,10:21:33.286,21.0400,100
37345673666601,10:22:25.673,21.0600,100
37359518286733,10:22:39.518,21.0600,49
37398431393477,10:23:18.431,21.0400,64
37401960156815,10:23:21.960,21.0300,100
37401960156815,10:23:21.960,21.0300,100
37409847841469,10:23:29.847,21.0200,100
37415215631797,10:23:35.215,21.0300,100
37415215631797,10:23:35.215,21.0300,200
37423133144596,10:23:43.133,21.0400,1
37424658591345,10:23:44.658,21.0400,99
37428808280503,10:23:48.808,21.0400,100
37442757670551,10:24:02.757,21.0300,46
37445048833619,10:24:05.048,21.0300,100
37445048833619,10:24:05.048,21.0300,7
37447029454488,10:24:07.029,21.0400,100
37447029454488,10:24:07.029,21.0400,100
37447029559757,10:24:07.029,21.0400,100
37447029614982,10:24:07.029,21.0400,100
37447029614982,10:24:07.029,21.0400,100
37447029786295,10:24:07.029,21.0400,200
37461172508680,10:24:21.172,21.0400,100
37495105839209,10:24:55.105,21.0600,100
37508796497962,10:25:08.796,21.0800,100
37530590298300,10:25:30.590,21.0800,100
37530590298300,10:25:30.590,21.0800,10
37568799137843,10:26:08.799,21.0800,9
37621641061461,10:27:01.641,21.0900,100
37621641061461,10:27:01.641,21.0900,100
37697473046168,10:28:17.473,21.0900,200
37697940603706,10:28:17.940,21.0800,100
37705160148603,10:28:25.160,21.0900,100
37705160148603,10:28:25.160,21.0900,5
37705160181478,10:28:25.160,21.0900,4
37712257694459,10:28:32.257,21.1000,35
37712257694459,10:28:32.257,21.1000,265
37717476408608,10:28:37.476,21.1000,100
37717476408608,10:28:37.476,21.1000,100
37751549601091,10:29:11.549,21.1000,100
37755144259629,10:29:15.144,21.0800,100
37756534724230,10:29:16.534,21.0700,16
37762131225017,10:29:22.131,21.0800,100
37801605990700,10:30:01.605,21.0700,100
37812004114704,10:30:12.004,21.0800,25
37812004114704,10:30:12.004,21.0800,35
37812004590797,10:30:12.004,21.0800,1
37816491703785,10:30:16.491,21.0800,164
37816491703785,10:30:16.491,21.0800,5
37832494767145,10:30:32.494,21.0800,100
37832494767145,10:30:32.494,21.0800,200
37855588998020,10:30:55.588,21.0700,100
37867698680336,10:31:07.698,21.0700,200
37929008828991,10:32:09.008,21.0700,200
37929008828991,10:32:09.008,21.0700,100
37929008828991,10:32:09.008,21.0700,3
37929060527472,10:32:09.060,21.0800,100
37933651125209,10:32:13.651,21.0900,100
37933651125209,10:32:13.651,21.0900,200
37945565153186,10:32:25.565,21.1100,100
37945567019910,10:32:25.567,21.1100,41
37950207065967,10:32:30.207,21.1100,100
37978143634515,10:32:58.143,21.1200,100
37978143634515,10:32:58.143,21.1200,100
38020848786764,10:33:40.848,21.1300,300
38035961815004,10:33:55.961,21.1300,88
38035962005555,10:33:55.962,21.1300,12
38035962005555,10:33:55.962,21.1300,100
38035962005555,10:33:55.962,21.1300,31
38035962005555,10:33:55.962,21.1300,100
38035962383186,10:33:55.962,21.1300,100
38046190928376,10:34:06.190,21.1400,6
38056183878409,10:34:16.183,21.1400,41
38063257048029,10:34:23.257,21.1400,100
38113257060116,10:35:13.257,21.1550,100
38185615517444,10:36:25.615,21.1500,300
38185615517444,10:36:25.615,21.1500,200
38185615517444,10:36:25.615,21.1500,100
38185615517444,10:36:25.615,21.1500,28
38185616034099,10:36:25.616,21.1400,100
38185616034099,10:36:25.616,21.1400,100
38185616034099,10:36:25.616,21.1400,100
38185616034099,10:36:25.616,21.1400,100
38185616034099,10:36:25.616,21.1400,17
38185616044533,10:36:25.616,21.1400,23
38185616045899,10:36:25.616,21.1400,260
38185616045899,10:36:25.616,21.1400,2
38185616085315,10:36:25.616,21.1400,98
38185616151069,10:36:25.616,21.1400,100
38185616151069,10:36:25.616,21.1400,100
38185616198987,10:36:25.616,21.1400,14
38185616206678,10:36:25.616,21.1400,100
38188803923714,10:36:28.803,21.1400,400
38204990916000,10:36:44.990,21.1500,6
38204990916000,10:36:44.990,21.1500,100
38220091988881,10:37:00.091,21.1600,200
38220091988881,10:37:00.091,21.1600,100
38222243701112,10:37:02.243,21.1500,100
38222243701112,10:37:02.243,21.1500,31
38222243711419,10:37:02.243,21.1500,69
38222243711419,10:37:02.243,21.1500,100
38222243711419,10:37:02.243,21.1500,17
38222243720862,10:37:02.243,21.1500,62
38222243730142,10:37:02.243,21.1500,21
38222243730142,10:37:02.243,21.1500,100
38222243730142,10:37:02.243,21.1500,179
38222243881233,10:37:02.243,21.1500,21
38234235931701,10:37:14.235,21.1400,21
38234235962397,10:37:14.235,21.1400,79
38239238618505,10:37:19.238,21.1300,100
38267020868285,10:37:47.020,21.1400,70
38267020893044,10:37:47.020,21.1400,30
38267020893044,10:37:47.020,21.1400,400
38274736207996,10:37:54.736,21.1500,100
38274736207996,10:37:54.736,21.1500,28
38283976954530,10:38:03.976,21.1500,8
38286205027855,10:38:06.205,21.1550,100
38298325245651,10:38:18.325,21.1600,400
38301026068240,10:38:21.026,21.1700,100
38301026068240,10:38:21.026,21.1700,100
38301026068240,10:38:21.026,21.1700,400
38328976264347,10:38:48.976,21.1800,400
38330865269122,10:38:50.865,21.1800,25
38330865271231,10:38:50.865,21.1800,20
38330865388934,10:38:50.865,21.1800,45
38330865976064,10:38:50.865,21.1800,53
38337634411819,10:38:57.634,21.1800,100
38375320180554,10:39:35.320,21.1800,200
38375320180554,10:39:35.320,21.1800,100
38375320597863,10:39:35.320,21.1800,100
38435775726873,10:40:35.775,21.1750,100
38435776035870,10:40:35.776,21.1700,100
38435778553667,10:40:35.778,21.1700,200
38435778553667,10:40:35.778,21.1700,36
38435778553667,10:40:35.778,21.1700,100
38435778553667,10:40:35.778,21.1700,100
38435778553667,10:40:35.778,21.1700,58
38435893527458,10:40:35.893,21.1700,100
38435893527458,10:40:35.893,21.1700,36
38435893527458,10:40:35.893,21.1700,100
38516502710703,10:41:56.502,21.1700,200
38516502710703,10:41:56.502,21.1700,100
38516502710703,10:41:56.502,21.1700,100
38516502835277,10:41:56.502,21.1700,100
38516502835277,10:41:56.502,21.1700,11
38516502835277,10:41:56.502,21.1700,100
38521958447934,10:42:01.958,21.1700,100
38521958447934,10:42:01.958,21.1700,200
38523784736094,10:42:03.784,21.1700,400
38523784736094,10:42:03.784,21.1700,100
38523784736094,10:42:03.784,21.1700,100
38523784780243,10:42:03.784,21.1700,12
38562253468627,10:42:42.253,21.1700,100
38562253468627,10:42:42.253,21.1700,21
38562253499871,10:42:42.253,21.1700,179
38562253499871,10:42:42.253,21.1700,1100
38562253517561,10:42:42.253,21.1700,100
38562254668010,10:42:42.254,21.1600,100
38562254668010,10:42:42.254,21.1600,100
38562254668010,10:42:42.254,21.1600,100
38562254668010,10:42:42.254,21.1600,200
38562254668010,10:42:42.254,21.1600,100
38562254668010,10:42:42.254,21.1600,200
38562254682925,10:42:42.254,21.1600,300
38591990376693,10:43:11.990,21.1600,200
38591990376693,10:43:11.990,21.1600,200
38591990376693,10:43:11.990,21.1600,300
38591990411646,10:43:11.990,21.1600,300
38592474743406,10:43:12.474,21.1700,100
38615197112331,10:43:35.197,21.1700,100
38615197112331,10:43:35.197,21.1700,100
38657476006923,10:44:17.476,21.1600,100
38657476006923,10:44:17.476,21.1600,200
38657476006923,10:44:17.476,21.1600,11
38692921400587,10:44:52.921,21.1700,100
38696752953230,10:44:56.752,21.1800,100
38696753248312,10:44:56.753,21.1800,100
38756821764314,10:45:56.821,21.1900,150
38756821764314,10:45:56.821,21.1900,100
38756821764314,10:45:56.821,21.1900,100
38756821764314,10:45:56.821,21.1900,50
38756824488752,10:45:56.824,21.2000,100
38756824488752,10:45:56.824,21.2000,200
38756824488752,10:45:56.824,21.2000,100
38756824488752,10:45:56.824,21.2000,200
38769081948115,10:46:09.081,21.2100,100
38769081948115,10:46:09.081,21.2100,200
38769081948115,10:46:09.081,21.2100,100
38769081948115,10:46:09.081,21.2100,15
38769081948115,10:46:09.081,21.2100,100
38769081948115,10:46:09.081,21.2100,85
38769084385481,10:46:09.084,21.2100,15
38773074786220,10:46:13.074,21.2100,100
38773074786220,10:46:13.074,21.2100,100
38786808158707,10:46:26.808,21.2000,100
38786808158707,10:46:26.808,21.2000,200
38793867670744,10:46:33.867,21.1900,88
38793867717470,10:46:33.867,21.1900,12
38816601944988,10:46:56.601,21.1800,100
38817508327677,10:46:57.508,21.1700,100
38817508327677,10:46:57.508,21.1700,100
38817508327677,10:46:57.508,21.1700,100
38817508333397,10:46:57.508,21.1700,200
38861336650830,10:47:41.336,21.1500,94
38861336712042,10:47:41.336,21.1500,6
38861336712042,10:47:41.336,21.1500,88
38861336740937,10:47:41.336,21.1500,12
38881012436862,10:48:01.012,21.1400,9
38894396527593,10:48:14.396,21.1300,81
38894396596782,10:48:14.396,21.1300,19
38894396596782,10:48:14.396,21.1300,100
38894397441985,10:48:14.397,21.1300,100
38894399727522,10:48:14.399,21.1300,100
38894399727522,10:48:14.399,21.1300,45
38914189575317,10:48:34.189,21.1400,100
38914189575317,10:48:34.189,21.1400,100
38914189575317,10:48:34.189,21.1400,100
38914189575317,10:48:34.189,21.1400,100
38914189575317,10:48:34.189,21.1400,200
38914189575317,10:48:34.189,21.1400,12
38914189575317,10:48:34.189,21.1400,200
38914189600324,10:48:34.189,21.1400,100
38978739590991,10:49:38.739,21.1500,100
38978739590991,10:49:38.739,21.1500,100
38978739590991,10:49:38.739,21.1500,100
39003371004473,10:50:03.371,21.1500,100
39063981739361,10:51:03.981,21.1600,100
39063981739361,10:51:03.981,21.1600,13
39063981739361,10:51:03.981,21.1600,100
39063981739361,10:51:03.981,21.1600,87
39063981768008,10:51:03.981,21.1600,13
39084573187100,10:51:24.573,21.1600,100
39084573187100,10:51:24.573,21.1600,100
39123770352341,10:52:03.770,21.1500,100
39123770352341,10:52:03.770,21.1500,100
39205994109618,10:53:25.994,21.1400,100
39205994109618,10:53:25.994,21.1400,200
39205994109618,10:53:25.994,21.1400,200
39205994109618,10:53:25.994,21.1400,100
39212893582306,10:53:32.893,21.1300,100
39212893582306,10:53:32.893,21.1300,100
39212893904954,10:53:32.893,21.1300,100
39212893904954,10:53:32.893,21.1300,100
39212893904954,10:53:32.893,21.1300,100
39212893908823,10:53:32.893,21.1300,100
39245109827846,10:54:05.109,21.1200,147
39245109827846,10:54:05.109,21.1200,200
39245109827846,10:54:05.109,21.1200,100
39245109827846,10:54:05.109,21.1200,10
39245109827846,10:54:05.109,21.1200,10
39245109827846,10:54:05.109,21.1200,100
39256684816286,10:54:16.684,21.1300,200
39274292411685,10:54:34.292,21.1500,100
39306769163818,10:55:06.769,21.1500,100
39337003433820,10:55:37.003,21.1600,4
39337003433820,10:55:37.003,21.1600,100
39337003433820,10:55:37.003,21.1600,48
39337003450407,10:55:37.003,21.1600,16
39337003461347,10:55:37.003,21.1600,36
39339335742145,10:55:39.335,21.1600,100
39340617050544,10:55:40.617,21.1600,100
39369950482961,10:56:09.950,21.1600,1500
39369950482961,10:56:09.950,21.1600,6
39391023270935,10:56:31.023,21.1550,9
39392284439894,10:56:32.284,21.1550,3
39403371516137,10:56:43.371,21.1550,1
39410474044643,10:56:50.474,21.1600,100
39410474044643,10:56:50.474,21.1600,12
39410474044643,10:56:50.474,21.1600,200
39424749307791,10:57:04.749,21.1600,100
39466605938164,10:57:46.605,21.1600,100
39466606007084,10:57:46.606,21.1600,400
39466606007084,10:57:46.606,21.1600,200
39466606007084,10:57:46.606,21.1600,100
39473017405675,10:57:53.017,21.1600,100
39473017405675,10:57:53.017,21.1600,100
39511493629501,10:58:31.493,21.1600,100
39511493629501,10:58:31.493,21.1600,5
39511493676216,10:58:31.493,21.1600,6
39578653895567,10:59:38.653,21.1600,100
39578653895567,10:59:38.653,21.1600,100
39578653895567,10:59:38.653,21.1600,100
39588085125510,10:59:48.085,21.1700,100
39588085125510,10:59:48.085,21.1700,100
39588085125510,10:59:48.085,21.1700,100
39588085170000,10:59:48.085,21.1700,12
39600562020131,11:00:00.562,21.1750,100
39601249547615,11:00:01.249,21.1800,88
39601249609729,11:00:01.249,21.1800,12
39601249609729,11:00:01.249,21.1800,76
39601249671465,11:00:01.249,21.1800,88
39601249732275,11:00:01.249,21.1800,36
39605464294962,11:00:05.464,21.1800,100
39613783116365,11:00:13.783,21.1700,100
39613783116365,11:00:13.783,21.1700,100
39618015856807,11:00:18.015,21.1650,1
39633110874444,11:00:33.110,21.1600,500
39633110874444,11:00:33.110,21.1600,100
39663391637192,11:01:03.391,21.1600,14
39663391637192,11:01:03.391,21.1600,100
39663391637192,11:01:03.391,21.1600,100
39663469604284,11:01:03.469,21.1700,100
39663489823590,11:01:03.489,21.1700,100
39671062823282,11:01:11.062,21.1800,100
39671063057025,11:01:11.063,21.1800,100
39671063149699,11:01:11.063,21.1800,136
39675142035260,11:01:15.142,21.1850,100
39687823217951,11:01:27.823,21.1900,123
39687823224843,11:01:27.823,21.1900,77
39687823224843,11:01:27.823,21.1900,100
39705495602965,11:01:45.495,21.1900,200
39729340553247,11:02:09.340,21.1900,46
39729340580024,11:02:09.340,21.1900,54
39788543571448,11:03:08.543,21.1800,100
39788543571448,11:03:08.543,21.1800,100
39811723859756,11:03:31.723,21.1800,100
39844848310262,11:04:04.848,21.1800,100
39844848310262,11:04:04.848,21.1800,11
39844848310262,11:04:04.848,21.1800,100
39844848310262,11:04:04.848,21.1800,89
39888812254659,11:04:48.812,21.1800,100
39900478217777,11:05:00.478,21.1700,100
39900478217777,11:05:00.478,21.1700,55
39900478217777,11:05:00.478,21.1700,145
39900478250135,11:05:00.478,21.1700,55
39914012774755,11:05:14.012,21.1600,1
39921375196908,11:05:21.375,21.1600,99
39955415776666,11:05:55.415,21.1700,10
39955415804053,11:05:55.415,21.1700,90
39955415804053,11:05:55.415,21.1700,100
39955415804053,11:05:55.415,21.1700,100
39955415804053,11:05:55.415,21.1700,100
39955416143533,11:05:55.416,21.1700,100
39994228554320,11:06:34.228,21.1800,100
39994228554320,11:06:34.228,21.1800,10
40050448876679,11:07:30.448,21.1800,100
40050448876679,11:07:30.448,21.1800,100
40050448876679,11:07:30.448,21.1800,255
40050448909437,11:07:30.448,21.1800,145
40050448909437,11:07:30.448,21.1800,100
40056085014198,11:07:36.085,21.1800,100
40068515440469,11:07:48.515,21.1800,100
40091673068155,11:08:11.673,21.1700,84
40091673093513,11:08:11.673,21.1700,16
40091673093513,11:08:11.673,21.1700,100
40094092995677,11:08:14.092,21.1700,100
40094093190724,11:08:14.093,21.1700,100
40153693677631,11:09:13.693,21.1800,100
40153693677631,11:09:13.693,21.1800,200
40153693677631,11:09:13.693,21.1800,100
40153693677631,11:09:13.693,21.1800,10
40153693677631,11:09:13.693,21.1800,90
40153693717934,11:09:13.693,21.1800,110
40181641693882,11:09:41.641,21.1900,100
40181641693882,11:09:41.641,21.1900,149
40181641722996,11:09:41.641,21.1900,151
40208911235266,11:10:08.911,21.1900,100
40234982279097,11:10:34.982,21.1900,100
40234982323982,11:10:34.982,21.1900,100
40275232757525,11:11:15.232,21.1900,100
40275232757525,11:11:15.232,21.1900,100
40275232757525,11:11:15.232,21.1900,100
40275232757525,11:11:15.232,21.1900,100
40275233076841,11:11:15.233,21.1900,100
40275233076841,11:11:15.233,21.1900,100
40288245608774,11:11:28.245,21.1900,200
40288245608774,11:11:28.245,21.1900,100
40288245608774,11:11:28.245,21.1900,100
40294128541793,11:11:34.128,21.1800,100
40294129214985,11:11:34.129,21.1800,66
40301629110590,11:11:41.629,21.1700,100
40302792791068,11:11:42.792,21.1700,100
40302792791068,11:11:42.792,21.1700,100
40302792870132,11:11:42.792,21.1700,88
40302793000093,11:11:42.793,21.1700,100
40302793002811,11:11:42.793,21.1700,112
40391927067202,11:13:11.927,21.1600,100
40391927067202,11:13:11.927,21.1600,200
40391927067202,11:13:11.927,21.1600,6
40391927067202,11:13:11.927,21.1600,100
40391927067202,11:13:11.927,21.1600,100
40391927067202,11:13:11.927,21.1600,100
40395372007025,11:13:15.372,21.1700,60
40395372035930,11:13:15.372,21.1700,40
40395372035930,11:13:15.372,21.1700,100
40395372035930,11:13:15.372,21.1700,22
40395372067844,11:13:15.372,21.1700,178
40409261491017,11:13:29.261,21.1600,300
40409261616911,11:13:29.261,21.1600,1
40424436062760,11:13:44.436,21.1600,200
40439608735467,11:13:59.608,21.1600,100
40439652605153,11:13:59.652,21.1600,100
40481467570054,11:14:41.467,21.1700,3
40481477026613,11:14:41.477,21.1700,97
40481477026613,11:14:41.477,21.1700,100
40481477026613,11:14:41.477,21.1700,6
40512338858855,11:15:12.338,21.1700,100
40512338858855,11:15:12.338,21.1700,100
40517996872640,11:15:17.996,21.1600,100
40517996872640,11:15:17.996,21.1600,100
40517996872640,11:15:17.996,21.1600,100
40517996872640,11:15:17.996,21.1600,100
40518014812545,11:15:18.014,21.1600,100
40533020634376,11:15:33.020,21.1500,1
40538878853574,11:15:38.878,21.1500,99
40557647765934,11:15:57.647,21.1500,100
40557647765934,11:15:57.647,21.1500,100
40557647793561,11:15:57.647,21.1500,200
40616572605503,11:16:56.572,21.1400,200
40616572605503,11:16:56.572,21.1400,42
40616572648668,11:16:56.572,21.1400,51
40616572667255,11:16:56.572,21.1400,7
40617742059999,11:16:57.742,21.1400,64
40617742085775,11:16:57.742,21.1400,36
40626941634593,11:17:06.941,21.1500,60
40626941766221,11:17:06.941,21.1500,40
40626941766221,11:17:06.941,21.1500,100
40626941766221,11:17:06.941,21.1500,7
40647045117607,11:17:27.045,21.1600,43
40647045674527,11:17:27.045,21.1600,57
40647045674527,11:17:27.045,21.1600,43
40647046436181,11:17:27.046,21.1600,18
40649991098162,11:17:29.991,21.1600,100
40649991215774,11:17:29.991,21.1600,100
40649991235889,11:17:29.991,21.1600,100
40652041817921,11:17:32.041,21.1600,100
40660244113155,11:17:40.244,21.1700,51
40660244113155,11:17:40.244,21.1700,49
40660244122962,11:17:40.244,21.1700,19
40686386197840,11:18:06.386,21.1600,100
40686386376004,11:18:06.386,21.1600,100
40691110652464,11:18:11.110,21.1600,100
40701699897441,11:18:21.699,21.1600,100
40708361381109,11:18:28.361,21.1700,100
40708361381109,11:18:28.361,21.1700,100
40735477230539,11:18:55.477,21.1800,25
40735477230539,11:18:55.477,21.1800,6
40764110575276,11:19:24.110,21.1800,100
40771247943990,11:19:31.247,21.1700,100
40771247943990,11:19:31.247,21.1700,100
40810771392834,11:20:10.771,21.1700,2
40810771598832,11:20:10.771,21.1700,95
40811469996510,11:20:11.469,21.1700,100
40811470467938,11:20:11.470,21.1700,5
40822747825028,11:20:22.747,21.1700,14
40822748259534,11:20:22.748,21.1700,100
40912815053070,11:21:52.815,21.1600,100
41006541276844,11:23:26.541,21.1600,100
41006541276844,11:23:26.541,21.1600,100
41040161798601,11:24:00.161,21.1600,180
41040161798601,11:24:00.161,21.1600,100
41137663115535,11:25:37.663,21.1600,4
41137663115535,11:25:37.663,21.1600,21
41137663743988,11:25:37.663,21.1600,79
41137663743988,11:25:37.663,21.1600,100
41137663743988,11:25:37.663,21.1600,100
41137663743988,11:25:37.663,21.1600,100
41137663866949,11:25:37.663,21.1600,100
41145280497400,11:25:45.280,21.1600,194
41145280502409,11:25:45.280,21.1600,6
41150023818754,11:25:50.023,21.1500,100
41150023818754,11:25:50.023,21.1500,200
41150023847630,11:25:50.023,21.1500,300
41150023847630,11:25:50.023,21.1500,100
41190255534534,11:26:30.255,21.1350,5
41293141640613,11:28:13.141,21.1400,200
41293141640613,11:28:13.141,21.1400,100
41293141640613,11:28:13.141,21.1400,100
41293141640613,11:28:13.141,21.1400,77
41293141736779,11:28:13.141,21.1400,223
41293141736779,11:28:13.141,21.1400,33
41293141765563,11:28:13.141,21.1400,67
41293141765563,11:28:13.141,21.1400,6
41293141885677,11:28:13.141,21.1400,294
41293141885677,11:28:13.141,21.1400,4
41293141885677,11:28:13.141,21.1400,100
41293142069000,11:28:13.142,21.1400,100
41293951251168,11:28:13.951,21.1400,100
41293951251168,11:28:13.951,21.1400,100
41388216446951,11:29:48.216,21.1300,100
41388216446951,11:29:48.216,21.1300,130
41388216488169,11:29:48.216,21.1300,70
41388216488169,11:29:48.216,21.1300,100
41391359782454,11:29:51.359,21.1100,200
41393846975227,11:29:53.846,21.1050,1
41394849378823,11:29:54.849,21.1050,4
41445297861104,11:30:45.297,21.1000,100
41445297861104,11:30:45.297,21.1000,600
41451082462766,11:30:51.082,21.0900,100
41484809945072,11:31:24.809,21.0900,100
41484809945072,11:31:24.809,21.0900,3
41484809945072,11:31:24.809,21.0900,100
41484809945072,11:31:24.809,21.0900,200
41484823999918,11:31:24.823,21.1000,100
41484823999918,11:31:24.823,21.1000,100
41484823999918,11:31:24.823,21.1000,82
41484824004786,11:31:24.824,21.1000,18
41484824004786,11:31:24.824,21.1000,100
41484824004786,11:31:24.824,21.1000,76
41484824020186,11:31:24.824,21.1000,24
41485311513568,11:31:25.311,21.1100,100
41485312279970,11:31:25.312,21.1100,66
41487857488271,11:31:27.857,21.1150,1
41500316269894,11:31:40.316,21.1100,91
41538729816431,11:32:18.729,21.1100,109
41538729816431,11:32:18.729,21.1100,200
41538729952776,11:32:18.729,21.1100,100
41554505927135,11:32:34.505,21.1050,3
41690871714610,11:34:50.871,21.1100,86
41707410794066,11:35:07.410,21.1000,100
41707410794066,11:35:07.410,21.1000,200
41707922028821,11:35:07.922,21.0900,100
41707922028821,11:35:07.922,21.0900,100
41707922028821,11:35:07.922,21.0900,100
41707922028821,11:35:07.922,21.0900,100
41707922028821,11:35:07.922,21.0900,100
41707922271374,11:35:07.922,21.0900,100
41707922271374,11:35:07.922,21.0900,100
41707922271374,11:35:07.922,21.0900,100
41707922383923,11:35:07.922,21.0900,100
41707922408794,11:35:07.922,21.0900,100
41709427623836,11:35:09.427,21.0800,100
41717427040634,11:35:17.427,21.0800,100
41717427040634,11:35:17.427,21.0800,100
41717427040634,11:35:17.427,21.0800,100
41717427040634,11:35:17.427,21.0800,100
41717427040634,11:35:17.427,21.0800,100
41717427069298,11:35:17.427,21.0800,14
41717427413409,11:35:17.427,21.0800,100
41717427413409,11:35:17.427,21.0800,100
41749834751912,11:35:49.834,21.0800,100
41757021035186,11:35:57.021,21.0750,6
41768091291050,11:36:08.091,21.0800,100
41768091291050,11:36:08.091,21.0800,3
41789280320422,11:36:29.280,21.0800,200
41861225514393,11:37:41.225,21.0800,100
41861225514393,11:37:41.225,21.0800,100
41861232177853,11:37:41.232,21.0800,100
41861491859466,11:37:41.491,21.0700,75
41881342804896,11:38:01.342,21.0600,32
41884188078742,11:38:04.188,21.0600,2
41926609091857,11:38:46.609,21.0600,66
41939936573925,11:38:59.936,21.0550,6
41954069124589,11:39:14.069,21.0600,100
41954069124589,11:39:14.069,21.0600,100
41965905340801,11:39:25.905,21.0600,100
41965906216684,11:39:25.906,21.0600,100
41965906216684,11:39:25.906,21.0600,100
41984909997174,11:39:44.909,21.0600,400
41984910029696,11:39:44.910,21.0600,85
42017865506619,11:40:17.865,21.0600,100
42017865506619,11:40:17.865,21.0600,1
42017865506619,11:40:17.865,21.0600,24
42017866032826,11:40:17.866,21.0600,1
42074396854222,11:41:14.396,21.0600,100
42074397294040,11:41:14.397,21.0600,73
42074397302983,11:41:14.397,21.0600,27
42117927982327,11:41:57.927,21.0600,100
42117927982327,11:41:57.927,21.0600,100
42117927982327,11:41:57.927,21.0600,200
42117927982327,11:41:57.927,21.0600,100
42117928100634,11:41:57.928,21.0600,100
42117928180361,11:41:57.928,21.0600,100
42133217106555,11:42:13.217,21.0700,298
42133217127058,11:42:13.217,21.0700,2
42133217127058,11:42:13.217,21.0700,2
42197257289380,11:43:17.257,21.0800,100
42240785266505,11:44:00.785,21.0800,100
42240785266505,11:44:00.785,21.0800,500
42241782874138,11:44:01.782,21.0800,100
42241782874138,11:44:01.782,21.0800,100
42241782874138,11:44:01.782,21.0800,100
42241782874138,11:44:01.782,21.0800,100
42249204764853,11:44:09.204,21.0900,100
42249204764853,11:44:09.204,21.0900,4
42249204981301,11:44:09.204,21.0900,88
42249205102066,11:44:09.205,21.0900,8
42249205102066,11:44:09.205,21.0900,5
42315137068581,11:45:15.137,21.1000,64
42315137227525,11:45:15.137,21.1000,16
42315137227525,11:45:15.137,21.1000,100
42330532036152,11:45:30.532,21.1100,100
42467344327969,11:47:47.344,21.1100,1
42467344357110,11:47:47.344,21.1100,99
42467344357110,11:47:47.344,21.1100,100
42467344357110,11:47:47.344,21.1100,4
42467344357110,11:47:47.344,21.1100,10
42467344406415,11:47:47.344,21.1100,84
42467344505709,11:47:47.344,21.1100,6
42467626985853,11:47:47.626,21.1100,100
42467626985853,11:47:47.626,21.1100,100
42471908665718,11:47:51.908,21.1000,100
42471908665718,11:47:51.908,21.1000,100
42471908665718,11:47:51.908,21.1000,100
42501272187382,11:48:21.272,21.1100,11
42501273099260,11:48:21.273,21.1100,1
42516268226864,11:48:36.268,21.1100,100
42516268251973,11:48:36.268,21.1100,4
42553007815712,11:49:13.007,21.1100,6
42568919148191,11:49:28.919,21.1100,100
42568919148191,11:49:28.919,21.1100,100
42568919148191,11:49:28.919,21.1100,200
42581266403016,11:49:41.266,21.1100,7
42581266427640,11:49:41.266,21.1100,1
42586265883764,11:49:46.265,21.1100,1
42592187678857,11:49:52.187,21.1100,91
42592187678857,11:49:52.187,21.1100,9
42593853971846,11:49:53.853,21.1100,3
42593853998265,11:49:53.853,21.1100,88
42593853998265,11:49:53.853,21.1100,100
42597620206133,11:49:57.620,21.1100,11
42643437477076,11:50:43.437,21.1000,200
42643437477076,11:50:43.437,21.1000,100
42643437477076,11:50:43.437,21.1000,500
42643437477076,11:50:43.437,21.1000,100
42643437477076,11:50:43.437,21.1000,24
42643437477076,11:50:43.437,21.1000,12
42643437477076,11:50:43.437,21.1000,464
42643437513101,11:50:43.437,21.1000,36
42645439658319,11:50:45.439,21.1000,82
42648753169098,11:50:48.753,21.1000,100
42648753169098,11:50:48.753,21.1000,100
42648753169098,11:50:48.753,21.1000,4
42690628691222,11:51:30.628,21.1000,100
42691542059154,11:51:31.542,21.1000,100
42790824885058,11:53:10.824,21.1000,100
42790824885058,11:53:10.824,21.1000,100
42790824885058,11:53:10.824,21.1000,6
42790824885058,11:53:10.824,21.1000,100
42790866331662,11:53:10.866,21.1100,25
42790866331662,11:53:10.866,21.1100,13
42900504748628,11:55:00.504,21.1100,1
42900504775172,11:55:00.504,21.1100,99
42900504775172,11:55:00.504,21.1100,100
42900504775172,11:55:00.504,21.1100,100
42900504775172,11:55:00.504,21.1100,5
42945766748261,11:55:45.766,21.1200,100
42977677488210,11:56:17.677,21.1200,2
43014085653124,11:56:54.085,21.1200,2
43014085653124,11:56:54.085,21.1200,100
43015007938503,11:56:55.007,21.1300,300
43015007965701,11:56:55.007,21.1300,100
43042344607396,11:57:22.344,21.1300,100
43042344607396,11:57:22.344,21.1300,134
43042344641743,11:57:22.344,21.1300,66
43078639316542,11:57:58.639,21.1200,100
43078639316542,11:57:58.639,21.1200,82
43118274742108,11:58:38.274,21.1300,100
43118274742108,11:58:38.274,21.1300,5
43118274742108,11:58:38.274,21.1300,100
43198683770869,11:59:58.683,21.1400,100
43198683770869,11:59:58.683,21.1400,100
43198683770869,11:59:58.683,21.1400,100
43198683770869,11:59:58.683,21.1400,100
43199367978189,11:59:59.367,21.1500,200
43199795927747,11:59:59.795,21.1500,100
43199795927747,11:59:59.795,21.1500,100
43203825623312,12:00:03.825,21.1500,34
43203826219028,12:00:03.826,21.1500,166
43203826219028,12:00:03.826,21.1500,100
43203826219028,12:00:03.826,21.1500,100
43203832028324,12:00:03.832,21.1500,100
43203832028324,12:00:03.832,21.1500,100
43203832054546,12:00:03.832,21.1500,100
43332361133027,12:02:12.361,21.1600,100
43348086978919,12:02:28.086,21.1600,100
43348086978919,12:02:28.086,21.1600,100
43348086978919,12:02:28.086,21.1600,13
43356345780864,12:02:36.345,21.1700,100
43388263937110,12:03:08.263,21.1900,100
43388263955263,12:03:08.263,21.1900,100
43413981344602,12:03:33.981,21.2000,100
43415618007106,12:03:35.618,21.2000,100
43415987741569,12:03:35.987,21.2000,16
43463092748395,12:04:23.092,21.2100,1
43478906214301,12:04:38.906,21.2000,100
43478906214301,12:04:38.906,21.2000,200
43478906214301,12:04:38.906,21.2000,100
43507480578044,12:05:07.480,21.2000,80
43555585118205,12:05:55.585,21.1900,100
43581318612344,12:06:21.318,21.1900,100
43581318612344,12:06:21.318,21.1900,100
43744454774980,12:09:04.454,21.1900,100
43744454774980,12:09:04.454,21.1900,100
43744454774980,12:09:04.454,21.1900,100
43744454774980,12:09:04.454,21.1900,16
43744454774980,12:09:04.454,21.1900,200
43795789646486,12:09:55.789,21.1900,54
43796283153317,12:09:56.283,21.1900,46
43796283153317,12:09:56.283,21.1900,11
43796283328115,12:09:56.283,21.1900,30
43796283798534,12:09:56.283,21.1900,59
43914700081999,12:11:54.700,21.2000,100
43914700741010,12:11:54.700,21.2000,100
43914700808140,12:11:54.700,21.2000,14
43914700808140,12:11:54.700,21.2000,86
43914701109940,12:11:54.701,21.2000,14
43916628402213,12:11:56.628,21.2000,100
44060791306074,12:14:20.791,21.2000,114
44060791310596,12:14:20.791,21.2000,554
44060791331987,12:14:20.791,21.2000,32
44125668067780,12:15:25.668,21.1900,200
44125668067780,12:15:25.668,21.1900,100
44125820903008,12:15:25.820,21.1800,32
44125820903008,12:15:25.820,21.1800,100
44125820903008,12:15:25.820,21.1800,100
44125820903008,12:15:25.820,21.1800,100
44125820903008,12:15:25.820,21.1800,3
44137502478948,12:15:37.502,21.1700,200
44137502478948,12:15:37.502,21.1700,13
44171831436485,12:16:11.831,21.1800,9
44205697298451,12:16:45.697,21.1800,300
44349082796030,12:19:09.082,21.1900,300
44349082796030,12:19:09.082,21.1900,100
44349082796030,12:19:09.082,21.1900,8
44349082796030,12:19:09.082,21.1900,100
44349082796030,12:19:09.082,21.1900,60
44349082829384,12:19:09.082,21.1900,40
44349082829384,12:19:09.082,21.1900,100
44349088780704,12:19:09.088,21.2000,100
44349099735766,12:19:09.099,21.2000,100
44349099813205,12:19:09.099,21.2000,100
44350563462688,12:19:10.563,21.2050,100
44369074502841,12:19:29.074,21.2100,55
44369074502841,12:19:29.074,21.2100,40
44369074502841,12:19:29.074,21.2100,100
44371292397969,12:19:31.292,21.2200,400
44371292397969,12:19:31.292,21.2200,75
44371292733272,12:19:31.292,21.2200,100
44371308232993,12:19:31.308,21.2100,75
44371308232993,12:19:31.308,21.2100,100
44371308232993,12:19:31.308,21.2100,100
44371308232993,12:19:31.308,21.2100,100
44371308232993,12:19:31.308,21.2100,200
44371575473827,12:19:31.575,21.2100,300
44387673645899,12:19:47.673,21.2200,100
44387673645899,12:19:47.673,21.2200,100
44387673645899,12:19:47.673,21.2200,100
44387906474817,12:19:47.906,21.2300,100
44387906474817,12:19:47.906,21.2300,100
44388155480089,12:19:48.155,21.2350,1
44391200980332,12:19:51.200,21.2350,1
44394211780651,12:19:54.211,21.2300,200
44397347552040,12:19:57.347,21.2200,100
44397347552040,12:19:57.347,21.2200,100
44492557527728,12:21:32.557,21.2100,100
44492557527728,12:21:32.557,21.2100,100
44492557527728,12:21:32.557,21.2100,100
44492557527728,12:21:32.557,21.2100,100
44512262614311,12:21:52.262,21.2100,100
44512262614311,12:21:52.262,21.2100,100
44541291626036,12:22:21.291,21.2200,188
44541291807167,12:22:21.291,21.2200,512
44541291807167,12:22:21.291,21.2200,100
44541291807167,12:22:21.291,21.2200,11
44541307679030,12:22:21.307,21.2300,500
44541307679030,12:22:21.307,21.2300,100
44541307679030,12:22:21.307,21.2300,100
44541307679030,12:22:21.307,21.2300,100
44541307679030,12:22:21.307,21.2300,100
44546608485620,12:22:26.608,21.2400,100
44551293294615,12:22:31.293,21.2400,36
44551293294615,12:22:31.293,21.2400,100
44551293294615,12:22:31.293,21.2400,64
44553915354469,12:22:33.915,21.2400,100
44553915354469,12:22:33.915,21.2400,100
44553915354469,12:22:33.915,21.2400,200
44553915536474,12:22:33.915,21.2400,100
44553915536474,12:22:33.915,21.2400,100
44553915536474,12:22:33.915,21.2400,100
44553915536474,12:22:33.915,21.2400,100
44553915536474,12:22:33.915,21.2400,200
44553915536474,12:22:33.915,21.2400,100
44553915536474,12:22:33.915,21.2400,100
44553915761794,12:22:33.915,21.2400,100
44564149855983,12:22:44.149,21.2400,172
44564149855983,12:22:44.149,21.2400,32
44609419155678,12:23:29.419,21.2200,2
44628124259993,12:23:48.124,21.2200,100
44628124259993,12:23:48.124,21.2200,1
44631487013568,12:23:51.487,21.2200,2
44639141217302,12:23:59.141,21.2100,20
44639141217302,12:23:59.141,21.2100,100
44639141217302,12:23:59.141,21.2100,100
44639141217302,12:23:59.141,21.2100,100
44639141217302,12:23:59.141,21.2100,5
44639141435841,12:23:59.141,21.2100,100
44639141442948,12:23:59.141,21.2100,300
44639141442948,12:23:59.141,21.2100,100
44639141447670,12:23:59.141,21.2100,100
44639141447670,12:23:59.141,21.2100,100
44646294207105,12:24:06.294,21.2100,100
44646294207105,12:24:06.294,21.2100,100
44646294237700,12:24:06.294,21.2100,200
44646294237700,12:24:06.294,21.2100,8
44665015202401,12:24:25.015,21.2100,11
44672701075144,12:24:32.701,21.2100,100
44690197532634,12:24:50.197,21.2000,200
44699433064305,12:24:59.433,21.2000,11
44699433301115,12:24:59.433,21.2000,83
44699433831452,12:24:59.433,21.2000,6
44699433831452,12:24:59.433,21.2000,100
44699433831452,12:24:59.433,21.2000,100
44772845313451,12:26:12.845,21.1900,200
44772845313451,12:26:12.845,21.1900,100
44811851329088,12:26:51.851,21.1900,10
44811851329088,12:26:51.851,21.1900,6
44811851329088,12:26:51.851,21.1900,84
44811851383412,12:26:51.851,21.1900,100
44811851408213,12:26:51.851,21.1900,16
44873272955965,12:27:53.272,21.1700,20
44873272955965,12:27:53.272,21.1700,100
44873272955965,12:27:53.272,21.1700,80
44873272989212,12:27:53.272,21.1700,20
44899269151883,12:28:19.269,21.1600,42
44927582231255,12:28:47.582,21.1700,100
44927582231255,12:28:47.582,21.1700,3
44928085031544,12:28:48.085,21.1800,77
44943040028047,12:29:03.040,21.1800,100
44943040055462,12:29:03.040,21.1800,123
44943040055462,12:29:03.040,21.1800,100
44943040055462,12:29:03.040,21.1800,100
45020254892886,12:30:20.254,21.1800,100
45020254892886,12:30:20.254,21.1800,100
45020254892886,12:30:20.254,21.1800,8
45024067803756,12:30:24.067,21.1900,100
45024227775265,12:30:24.227,21.1900,1000
45024227775265,12:30:24.227,21.1900,12
45053635216529,12:30:53.635,21.1900,100
45055480611436,12:30:55.480,21.2000,100
45056765633425,12:30:56.765,21.2000,452
45056765633425,12:30:56.765,21.2000,200
45117921681429,12:31:57.921,21.2000,100
45117921681429,12:31:57.921,21.2000,100
45117921681429,12:31:57.921,21.2000,100
45119846103167,12:31:59.846,21.2000,100
45143593108716,12:32:23.593,21.1900,1100
45144014322004,12:32:24.014,21.1850,1
45150015153886,12:32:30.015,21.1850,2
45159478364734,12:32:39.478,21.1900,12
45192245400841,12:33:12.245,21.1900,188
45192245400841,12:33:12.245,21.1900,11
45233186648894,12:33:53.186,21.1900,100
45233186679725,12:33:53.186,21.1900,100
45285628717325,12:34:45.628,21.1800,200
45285628717325,12:34:45.628,21.1800,100
45330565707703,12:35:30.565,21.1700,100
45330565791295,12:35:30.565,21.1700,100
45371240707918,12:36:11.240,21.1600,1
45375182158280,12:36:15.182,21.1500,100
45428266210021,12:37:08.266,21.1500,6
45428266210021,12:37:08.266,21.1500,200
45428266210021,12:37:08.266,21.1500,100
45440111859814,12:37:20.111,21.1600,100
45440111859814,12:37:20.111,21.1600,50
45440111874254,12:37:20.111,21.1600,150
45441755716369,12:37:21.755,21.1600,100
45456574830677,12:37:36.574,21.1500,88
45456574859859,12:37:36.574,21.1500,12
45474380617982,12:37:54.380,21.1500,100
45487399818326,12:38:07.399,21.1500,100
45487399993159,12:38:07.399,21.1500,100
45487399993159,12:38:07.399,21.1500,100
45487399993159,12:38:07.399,21.1500,100
45487400255349,12:38:07.400,21.1500,100
45487400255349,12:38:07.400,21.1500,100
45487400576277,12:38:07.400,21.1500,100
45487400576277,12:38:07.400,21.1500,100
45504243396092,12:38:24.243,21.1500,100
45504243421149,12:38:24.243,21.1500,5
45526047897777,12:38:46.047,21.1500,100
45557997905272,12:39:17.997,21.1400,50
45557997905272,12:39:17.997,21.1400,26
45557998437047,12:39:17.998,21.1400,74
45576446000404,12:39:36.446,21.1500,100
45576446000404,12:39:36.446,21.1500,88
45576446057540,12:39:36.446,21.1500,12
45650642475240,12:40:50.642,21.1500,100
45650642475240,12:40:50.642,21.1500,100
45650642475240,12:40:50.642,21.1500,200
45650642666540,12:40:50.642,21.1500,100
45673892704538,12:41:13.892,21.1500,7
45710909263638,12:41:50.909,21.1400,200
45724636356938,12:42:04.636,21.1500,100
45724636356938,12:42:04.636,21.1500,5
45751567912956,12:42:31.567,21.1500,100
45807610179677,12:43:27.610,21.1600,200
45807610211569,12:43:27.610,21.1600,100
45829742108236,12:43:49.742,21.1500,100
45829742541131,12:43:49.742,21.1500,50
45829751988199,12:43:49.751,21.1500,50
45829751988199,12:43:49.751,21.1500,100
45849295757596,12:44:09.295,21.1500,6
45874517700321,12:44:34.517,21.1500,100
45874517700321,12:44:34.517,21.1500,200
45874517700321,12:44:34.517,21.1500,100
45967617988011,12:46:07.617,21.1500,100
45967617988011,12:46:07.617,21.1500,100
45976402907379,12:46:16.402,21.1500,100
46007600197657,12:46:47.600,21.1600,32
46091002503658,12:48:11.002,21.1600,94
46091003467462,12:48:11.003,21.1600,6
46091003467462,12:48:11.003,21.1600,6
46135889481904,12:48:55.889,21.1600,100
46135889481904,12:48:55.889,21.1600,100
46144160538128,12:49:04.160,21.1500,100
46144160538128,12:49:04.160,21.1500,33
46145554917949,12:49:05.554,21.1500,47
46170529538475,12:49:30.529,21.1500,100
46170529538475,12:49:30.529,21.1500,100
46170529538475,12:49:30.529,21.1500,100
46199324321131,12:49:59.324,21.1600,86
46271149468298,12:51:11.149,21.1600,14
46271149468298,12:51:11.149,21.1600,100
46271149468298,12:51:11.149,21.1600,71
46271149506330,12:51:11.149,21.1600,15
46271149506330,12:51:11.149,21.1600,4
46271149506330,12:51:11.149,21.1600,68
46271150187973,12:51:11.150,21.1600,32
46271150187973,12:51:11.150,21.1600,100
46306501679645,12:51:46.501,21.1600,100
46306501706164,12:51:46.501,21.1600,17
46306501706164,12:51:46.501,21.1600,100
46306501706164,12:51:46.501,21.1600,200
46406480278913,12:53:26.480,21.1700,7
46406480278913,12:53:26.480,21.1700,77
46471098915236,12:54:31.098,21.1600,100
46471098915236,12:54:31.098,21.1600,100
46471121274608,12:54:31.121,21.1600,200
46471985909516,12:54:31.985,21.1600,100
46475934436783,12:54:35.934,21.1600,100
46475934436783,12:54:35.934,21.1600,100
46475934436783,12:54:35.934,21.1600,100
46475934436783,12:54:35.934,21.1600,100
46503245559857,12:55:03.245,21.1700,23
46503245559857,12:55:03.245,21.1700,100
46503245559857,12:55:03.245,21.1700,6
46533511577028,12:55:33.511,21.1700,100
46534030484276,12:55:34.030,21.1650,1
46535023811037,12:55:35.023,21.1650,1
46535033052365,12:55:35.033,21.1600,200
46535033052365,12:55:35.033,21.1600,100
46535033052365,12:55:35.033,21.1600,100
46535033813724,12:55:35.033,21.1600,100
46535033813724,12:55:35.033,21.1600,100
46543045673547,12:55:43.045,21.1500,100
46543045711481,12:55:43.045,21.1500,22
46543045749201,12:55:43.045,21.1500,78
46543045749201,12:55:43.045,21.1500,22
46548262271231,12:55:48.262,21.1500,100
46548262271231,12:55:48.262,21.1500,100
46569257056092,12:56:09.257,21.1600,174
46569257086696,12:56:09.257,21.1600,26
46569257086696,12:56:09.257,21.1600,100
46569257086696,12:56:09.257,21.1600,7
46579502976917,12:56:19.502,21.1700,100
46587153981921,12:56:27.153,21.1700,100
46624308372479,12:57:04.308,21.1800,100
46693366711426,12:58:13.366,21.1900,6
46693366711426,12:58:13.366,21.1900,24
46741819985325,12:59:01.819,21.1900,76
46741819985325,12:59:01.819,21.1900,20
46741819985325,12:59:01.819,21.1900,5
46834899751992,13:00:34.899,21.2000,100
46834899751992,13:00:34.899,21.2000,200
46834899751992,13:00:34.899,21.2000,100
46834899751992,13:00:34.899,21.2000,1
46834899751992,13:00:34.899,21.2000,100
46834899910637,13:00:34.899,21.2000,501
46859649180217,13:00:59.649,21.2000,100
46859649180217,13:00:59.649,21.2000,100
46859649180217,13:00:59.649,21.2000,10
46859649180217,13:00:59.649,21.2000,100
46859649181668,13:00:59.649,21.2000,310
46859649386372,13:00:59.649,21.2000,90
46871324052424,13:01:11.324,21.2000,100
46871324082712,13:01:11.324,21.2000,100
46876011607532,13:01:16.011,21.1950,1
46957740058717,13:02:37.740,21.1950,6
46982411933741,13:03:02.411,21.1900,100
46982411944711,13:03:02.411,21.1900,300
46982411944711,13:03:02.411,21.1900,100
46982411944711,13:03:02.411,21.1900,100
46982913108826,13:03:02.913,21.1800,100
46998385308607,13:03:18.385,21.1800,100
46998385308607,13:03:18.385,21.1800,100
46998385308607,13:03:18.385,21.1800,100
47107107338300,13:05:07.107,21.1900,94
47107107367482,13:05:07.107,21.1900,96
47107107378166,13:05:07.107,21.1900,10
47107107378166,13:05:07.107,21.1900,90
47107107480315,13:05:07.107,21.1900,100
47107107537856,13:05:07.107,21.1900,100
47107107598410,13:05:07.107,21.1900,100
47107107701673,13:05:07.107,21.1900,10
47107107701673,13:05:07.107,21.1900,9
47108246384392,13:05:08.246,21.1900,100
47108246384392,13:05:08.246,21.1900,100
47108246384392,13:05:08.246,21.1900,100
47108246384392,13:05:08.246,21.1900,82
47112315003189,13:05:12.315,21.1850,100
47113161627828,13:05:13.161,21.1800,100
47113161627828,13:05:13.161,21.1800,200
47137900902908,13:05:37.900,21.1800,400
47137900947202,13:05:37.900,21.1800,13
47215935799033,13:06:55.935,21.1800,400
47215935799033,13:06:55.935,21.1800,5
47215935799033,13:06:55.935,21.1800,100
47260449427370,13:07:40.449,21.1800,100
47292016338653,13:08:12.016,21.1750,4
47307934149563,13:08:27.934,21.1800,400
47307934149563,13:08:27.934,21.1800,200
47307934149563,13:08:27.934,21.1800,5
47397709753989,13:09:57.709,21.1800,300
47397709753989,13:09:57.709,21.1800,200
47397709753989,13:09:57.709,21.1800,200
47397709753989,13:09:57.709,21.1800,100
47415637803272,13:10:15.637,21.1800,100
47415637803272,13:10:15.637,21.1800,100
47415637803272,13:10:15.637,21.1800,5
47415637803272,13:10:15.637,21.1800,95
47415640697486,13:10:15.640,21.1800,5
47423171569881,13:10:23.171,21.1850,1
47425012270763,13:10:25.012,21.1850,1
47432015014430,13:10:32.015,21.1850,2
47448102921583,13:10:48.102,21.1800,100
47467518095845,13:11:07.518,21.1800,300
47467518122819,13:11:07.518,21.1800,100
47472150768447,13:11:12.150,21.1900,100
47472150768447,13:11:12.150,21.1900,100
47472150768447,13:11:12.150,21.1900,100
47472150768447,13:11:12.150,21.1900,500
47511918862663,13:11:51.918,21.1800,7
47511918891624,13:11:51.918,21.1800,93
47511918891624,13:11:51.918,21.1800,100
47511918891624,13:11:51.918,21.1800,100
47511918921302,13:11:51.918,21.1800,7
47511919090532,13:11:51.919,21.1800,93
47539973280096,13:12:19.973,21.1750,3
47568458513873,13:12:48.458,21.1700,20
47568458513873,13:12:48.458,21.1700,80
47568458541374,13:12:48.458,21.1700,20
47591172135037,13:13:11.172,21.1600,10
47591172135037,13:13:11.172,21.1600,89
47591172176258,13:13:11.172,21.1600,11
47591172176258,13:13:11.172,21.1600,100
47591172176258,13:13:11.172,21.1600,100
47605068837792,13:13:25.068,21.1500,10
47643212847395,13:14:03.212,21.1400,10
47643212847395,13:14:03.212,21.1400,90
47643212894211,13:14:03.212,21.1400,10
47735219849559,13:15:35.219,21.1400,100
47735219849559,13:15:35.219,21.1400,100
47735219849559,13:15:35.219,21.1400,1
47735219849559,13:15:35.219,21.1400,400
47748958338269,13:15:48.958,21.1450,2
47873918462325,13:17:53.918,21.1400,100
47873918462325,13:17:53.918,21.1400,100
47873918462325,13:17:53.918,21.1400,300
47873918462325,13:17:53.918,21.1400,400
47873918555652,13:17:53.918,21.1400,100
47878014772816,13:17:58.014,21.1350,1
47881013512360,13:18:01.013,21.1350,1
47915068665777,13:18:35.068,21.1300,10
47915068665777,13:18:35.068,21.1300,100
47915068665777,13:18:35.068,21.1300,90
47915068665777,13:18:35.068,21.1300,100
47915068714877,13:18:35.068,21.1300,2
47968012004676,13:19:28.012,21.1250,7
47978597697062,13:19:38.597,21.1200,99
48018728920627,13:20:18.728,21.1200,100
48021391038852,13:20:21.391,21.1200,5
48032227746482,13:20:32.227,21.1200,95
48032227746482,13:20:32.227,21.1200,1
48032227746482,13:20:32.227,21.1200,4
48032227821429,13:20:32.227,21.1200,96
48032227827618,13:20:32.227,21.1200,100
48059481892333,13:20:59.481,21.1100,200
48059481892333,13:20:59.481,21.1100,200
48069301617150,13:21:09.301,21.1200,200
48069301617150,13:21:09.301,21.1200,85
48142976593064,13:22:22.976,21.1100,99
48142976619856,13:22:22.976,21.1100,201
48142976619856,13:22:22.976,21.1100,1
48143542558619,13:22:23.542,21.1000,20
48143542558619,13:22:23.542,21.1000,5
48143542587107,13:22:23.542,21.1000,95
48144546823180,13:22:24.546,21.1000,100
48158154788920,13:22:38.154,21.1100,100
48188009973684,13:23:08.009,21.1150,1
48274062723650,13:24:34.062,21.1200,149
48274062757396,13:24:34.062,21.1200,51
48274062757396,13:24:34.062,21.1200,100
48274062757396,13:24:34.062,21.1200,3
48292777800063,13:24:52.777,21.1200,100
48332021451503,13:25:32.021,21.1200,4
48374758903870,13:26:14.758,21.1100,200
48374758903870,13:26:14.758,21.1100,100
48374758903870,13:26:14.758,21.1100,100
48374758903870,13:26:14.758,21.1100,1
48380013865376,13:26:20.013,21.1050,1
48414012603762,13:26:54.012,21.1050,5
48434204046412,13:27:14.204,21.1000,100
48434204046412,13:27:14.204,21.1000,100
48452180824823,13:27:32.180,21.1000,100
48452180824823,13:27:32.180,21.1000,200
48477165160247,13:27:57.165,21.1100,100
48477165160247,13:27:57.165,21.1100,100
48477165160247,13:27:57.165,21.1100,3
48545161433925,13:29:05.161,21.1200,100
48585999253045,13:29:45.999,21.1200,100
48585999346040,13:29:45.999,21.1200,3
48601993374083,13:30:01.993,21.1300,100
48635486650422,13:30:35.486,21.1300,100
48635486650422,13:30:35.486,21.1300,3
48635486650422,13:30:35.486,21.1300,100
48667505831485,13:31:07.505,21.1400,100
48703032635080,13:31:43.032,21.1400,200
48722030512656,13:32:02.030,21.1400,100
48778274527237,13:32:58.274,21.1500,100
48778274527237,13:32:58.274,21.1500,100
48778274527237,13:32:58.274,21.1500,6
48778274527237,13:32:58.274,21.1500,300
48778274527237,13:32:58.274,21.1500,100
48783968323629,13:33:03.968,21.1500,100
48864327938724,13:34:24.327,21.1500,100
48864327938724,13:34:24.327,21.1500,100
48864327938724,13:34:24.327,21.1500,4
48864327938724,13:34:24.327,21.1500,100
48865189961386,13:34:25.189,21.1500,100
48865189961386,13:34:25.189,21.1500,200
48884105912344,13:34:44.105,21.1450,3
48889686547141,13:34:49.686,21.1450,1
48899752674807,13:34:59.752,21.1450,1
48999032123904,13:36:39.032,21.1500,7
48999032123904,13:36:39.032,21.1500,100
49020009484508,13:37:00.009,21.1500,5
49032063744847,13:37:12.063,21.1450,11
49034844512258,13:37:14.844,21.1500,95
49034844512258,13:37:14.844,21.1500,47
49173083779574,13:39:33.083,21.1400,100
49173083779574,13:39:33.083,21.1400,100
49173083779574,13:39:33.083,21.1400,200
49173083779574,13:39:33.083,21.1400,200
49173084716090,13:39:33.084,21.1400,33
49173085888314,13:39:33.085,21.1400,31
49178022563178,13:39:38.022,21.1350,7
49184861504944,13:39:44.861,21.1300,100
49185381645804,13:39:45.381,21.1300,5
49185381718599,13:39:45.381,21.1300,5
49185381781212,13:39:45.381,21.1300,5
49186223231789,13:39:46.223,21.1300,100
49186223256398,13:39:46.223,21.1300,685
49186223256398,13:39:46.223,21.1300,7
49204013673839,13:40:04.013,21.1350,1
49207626148164,13:40:07.626,21.1350,1
49207626870417,13:40:07.626,21.1400,41
49220225610937,13:40:20.225,21.1400,59
49220225610937,13:40:20.225,21.1400,4
49220225644659,13:40:20.225,21.1400,96
49220225644659,13:40:20.225,21.1400,7
49231108602561,13:40:31.108,21.1500,100
49231108602561,13:40:31.108,21.1500,100
49231108602561,13:40:31.108,21.1500,200
49231108602561,13:40:31.108,21.1500,83
49231402731210,13:40:31.402,21.1450,1
49310015387945,13:41:50.015,21.1350,1
49364675579409,13:42:44.675,21.1350,100
49364676622424,13:42:44.676,21.1400,77
49388410020829,13:43:08.410,21.1400,23
49388410020829,13:43:08.410,21.1400,3
49388410020829,13:43:08.410,21.1400,100
49388410020829,13:43:08.410,21.1400,21
49388410052208,13:43:08.410,21.1400,79
49444946148523,13:44:04.946,21.1500,100
49444946275145,13:44:04.946,21.1500,3
49444946275145,13:44:04.946,21.1500,3
49465535880793,13:44:25.535,21.1550,6
49466579398078,13:44:26.579,21.1550,1
49481873634329,13:44:41.873,21.1500,100
49504067441559,13:45:04.067,21.1400,100
49519919563672,13:45:19.919,21.1400,100
49519919563672,13:45:19.919,21.1400,100
49569868049432,13:46:09.868,21.1450,1
49576467577225,13:46:16.467,21.1500,100
49576467577225,13:46:16.467,21.1500,5
49576468949627,13:46:16.468,21.1550,70
49576472107615,13:46:16.472,21.1550,2
49601018796265,13:46:41.018,21.1550,9
49664883233311,13:47:44.883,21.1550,3
49673013446765,13:47:53.013,21.1550,1
49738000829276,13:48:58.000,21.1500,300
49738000829276,13:48:58.000,21.1500,100
49738000829276,13:48:58.000,21.1500,100
49738000829276,13:48:58.000,21.1500,200
49738003606965,13:48:58.003,21.1400,158
49738003617395,13:48:58.003,21.1400,42
49738003617395,13:48:58.003,21.1400,100
49738003617395,13:48:58.003,21.1400,100
49738003617395,13:48:58.003,21.1400,100
49774534437166,13:49:34.534,21.1400,10
49774534437166,13:49:34.534,21.1400,100
49774534437166,13:49:34.534,21.1400,100
49808021606930,13:50:08.021,21.1450,4
49862957949323,13:51:02.957,21.1500,100
49862957949323,13:51:02.957,21.1500,3
49862957949323,13:51:02.957,21.1500,7
49862958033812,13:51:02.958,21.1500,1
49862958033812,13:51:02.958,21.1500,99
49862958041989,13:51:02.958,21.1500,1
49862958041989,13:51:02.958,21.1500,100
49885829719862,13:51:25.829,21.1500,100
49885829935134,13:51:25.829,21.1500,500
49941273580972,13:52:21.273,21.1450,4
49975439336162,13:52:55.439,21.1500,26
49975439369656,13:52:55.439,21.1500,55
49975439722120,13:52:55.439,21.1500,19
49975439722120,13:52:55.439,21.1500,9
49975439722120,13:52:55.439,21.1500,100
49975439722120,13:52:55.439,21.1500,100
49975439722120,13:52:55.439,21.1500,100
50009894306112,13:53:29.894,21.1600,100
50009894306112,13:53:29.894,21.1600,100
50010162494066,13:53:30.162,21.1600,100
50010162494066,13:53:30.162,21.1600,100
50010162494066,13:53:30.162,21.1600,100
50010162494066,13:53:30.162,21.1600,100
50010162494066,13:53:30.162,21.1600,200
50010162494066,13:53:30.162,21.1600,100
50066017527768,13:54:26.017,21.1450,1
50076022614939,13:54:36.022,21.1450,1
50077028700630,13:54:37.028,21.1450,2
50081857643232,13:54:41.857,21.1450,4
50084243020754,13:54:44.243,21.1400,200
50130575977255,13:55:30.575,21.1300,2
50130575977255,13:55:30.575,21.1300,100
50156089792532,13:55:56.089,21.1200,20
50156089792532,13:55:56.089,21.1200,80
50156089792532,13:55:56.089,21.1200,100
50160018335920,13:56:00.018,21.1200,62
50160018361535,13:56:00.018,21.1200,38
50160018361535,13:56:00.018,21.1200,100
50160018361535,13:56:00.018,21.1200,6
50220748013674,13:57:00.748,21.1300,100
50220748013674,13:57:00.748,21.1300,4
50220748013674,13:57:00.748,21.1300,36
50220748065284,13:57:00.748,21.1300,64
50220748065284,13:57:00.748,21.1300,94
50220748118407,13:57:00.748,21.1300,6
50229808679136,13:57:09.808,21.1400,100
50229808679136,13:57:09.808,21.1400,100
50244952674969,13:57:24.952,21.1300,200
50244952674969,13:57:24.952,21.1300,200
50266618579013,13:57:46.618,21.1200,200
50266618579013,13:57:46.618,21.1200,100
50298326717943,13:58:18.326,21.1200,25
50339208222173,13:58:59.208,21.1100,100
50339208222173,13:58:59.208,21.1100,1
50381086017162,13:59:41.086,21.1100,100
50381086017162,13:59:41.086,21.1100,28
50402220620041,14:00:02.220,21.1100,75
50402220620041,14:00:02.220,21.1100,1
50402693007826,14:00:02.693,21.1100,512
50402693173682,14:00:02.693,21.1100,23
50402693255040,14:00:02.693,21.1100,100
50402693580861,14:00:02.693,21.1100,43
50402693619526,14:00:02.693,21.1100,99
50402693619526,14:00:02.693,21.1100,100
50402693619526,14:00:02.693,21.1100,1
50402693850819,14:00:02.693,21.1100,69
50402694215828,14:00:02.694,21.1100,43
50402694957450,14:00:02.694,21.1100,43
50402695625391,14:00:02.695,21.1100,43
50402695995985,14:00:02.695,21.1100,1
50402695995985,14:00:02.695,21.1100,42
50402696396893,14:00:02.696,21.1100,28
50402705441983,14:00:02.705,21.1100,3
50402706837162,14:00:02.706,21.1100,100
50402710707365,14:00:02.710,21.1100,3
50402717278535,14:00:02.717,21.1100,200
50402718106708,14:00:02.718,21.1100,200
50402765788270,14:00:02.765,21.1100,7
50403201141992,14:00:03.201,21.1100,100
50403201352711,14:00:03.201,21.1100,93
50405722743412,14:00:05.722,21.1200,200
50405722743412,14:00:05.722,21.1200,4
50405722743412,14:00:05.722,21.1200,100
50405722743412,14:00:05.722,21.1200,96
50405724494801,14:00:05.724,21.1200,4
50406726115830,14:00:06.726,21.1300,88
50406726229987,14:00:06.726,21.1300,12
50408154394184,14:00:08.154,21.1400,454
50408156487820,14:00:08.156,21.1600,103
50408209476845,14:00:08.209,21.1500,266
50408209476845,14:00:08.209,21.1500,34
50408419247121,14:00:08.419,21.1400,99
50409423801998,14:00:09.423,21.1400,200
50409423801998,14:00:09.423,21.1400,199
50409487545446,14:00:09.487,21.1500,54
50410267187522,14:00:10.267,21.1400,52
50410695385273,14:00:10.695,21.1400,18
50410695385273,14:00:10.695,21.1400,182
50410697554186,14:00:10.697,21.1500,1
50410698093883,14:00:10.698,21.1500,200
50410698093883,14:00:10.698,21.1500,100
50410698093883,14:00:10.698,21.1500,100
50410698093883,14:00:10.698,21.1500,223
50410698093883,14:00:10.698,21.1500,70
50410698152282,14:00:10.698,21.1500,10
50410698690933,14:00:10.698,21.1500,90
50410784821298,14:00:10.784,21.1500,100
50410784828566,14:00:10.784,21.1500,15
50410795941890,14:00:10.795,21.1500,1
50411075682179,14:00:11.075,21.1600,100
50411075939340,14:00:11.075,21.1700,15
50411077586698,14:00:11.077,21.1600,100
50411077586698,14:00:11.077,21.1600,200
50411218349287,14:00:11.218,21.1600,23
50413014379293,14:00:13.014,21.1700,85
50420282664235,14:00:20.282,21.1600,100
50420282771153,14:00:20.282,21.1700,100
50420282802457,14:00:20.282,21.1700,100
50420282845184,14:00:20.282,21.1700,100
50420283066167,14:00:20.283,21.1700,100
50420283497266,14:00:20.283,21.1600,100
50421900888825,14:00:21.900,21.1700,23
50421900936950,14:00:21.900,21.1700,77
50423322635775,14:00:23.322,21.1600,30
50423326198542,14:00:23.326,21.1600,70
50423326198542,14:00:23.326,21.1600,30
50423326930678,14:00:23.326,21.1600,70
50424921964967,14:00:24.921,21.1500,100
50446650572461,14:00:46.650,21.1400,100
50446650572461,14:00:46.650,21.1400,100
50446650572461,14:00:46.650,21.1400,100
50446650572461,14:00:46.650,21.1400,100
50446650572461,14:00:46.650,21.1400,100
50446650572461,14:00:46.650,21.1400,100
50446650575736,14:00:46.650,21.1400,200
50446650575736,14:00:46.650,21.1400,200
50446650604915,14:00:46.650,21.1400,100
50446650604915,14:00:46.650,21.1400,400
50446650604915,14:00:46.650,21.1400,100
50446650670174,14:00:46.650,21.1400,100
50446650670174,14:00:46.650,21.1400,100
50446650670174,14:00:46.650,21.1400,100
50446650670174,14:00:46.650,21.1400,100
50446683611630,14:00:46.683,21.1400,100
50446683792136,14:00:46.683,21.1400,100
50446683792136,14:00:46.683,21.1400,100
50446683792136,14:00:46.683,21.1400,100
50446683792136,14:00:46.683,21.1400,100
50446683831679,14:00:46.683,21.1400,2
50451051278525,14:00:51.051,21.1500,100
50460571395913,14:01:00.571,21.1700,72
50480578818293,14:01:20.578,21.1600,100
50537080093877,14:02:17.080,21.1400,200
50537080427181,14:02:17.080,21.1400,5
50542119575718,14:02:22.119,21.1300,100
50542119575718,14:02:22.119,21.1300,100
50546526918649,14:02:26.526,21.1400,64
50552768503497,14:02:32.768,21.1500,5
50568332434421,14:02:48.332,21.1600,95
50570786836253,14:02:50.786,21.1500,100
50593167997010,14:03:13.167,21.1600,5
50593167997010,14:03:13.167,21.1600,100
50593167997010,14:03:13.167,21.1600,70
50593168122294,14:03:13.168,21.1600,5
50593168222918,14:03:13.168,21.1600,25
50594813461716,14:03:14.813,21.1600,100
50606273992633,14:03:26.273,21.1700,75
50606274049773,14:03:26.274,21.1700,25
50606274049773,14:03:26.274,21.1700,75
50606274135921,14:03:26.274,21.1700,25
50623464870450,14:03:43.464,21.1800,100
50627544478501,14:03:47.544,21.1800,100
50651013062230,14:04:11.013,21.1800,3
50652648366905,14:04:12.648,21.1900,3
50652648366905,14:04:12.648,21.1900,14
50665301793801,14:04:25.301,21.1900,88
50665302720854,14:04:25.302,21.1900,12
50715785476440,14:05:15.785,21.2200,100
50715785476440,14:05:15.785,21.2200,100
50715785506249,14:05:15.785,21.2200,100
50759243516456,14:05:59.243,21.2000,100
50759244117559,14:05:59.244,21.2000,100
50759244117559,14:05:59.244,21.1900,71
50759244118429,14:05:59.244,21.1900,29
50759244118429,14:05:59.244,21.1900,100
50759244118429,14:05:59.244,21.1900,54
50759244534325,14:05:59.244,21.1900,46
50759244534325,14:05:59.244,21.1900,54
50760402399247,14:06:00.402,21.1900,100
50760402562203,14:06:00.402,21.1900,100
50760402585079,14:06:00.402,21.1900,100
50760963953778,14:06:00.963,21.2000,100
50760999072882,14:06:00.999,21.2000,100
50802574402495,14:06:42.574,21.2100,100
50824022296996,14:07:04.022,21.2200,5
50824022296996,14:07:04.022,21.2200,95
50824022535359,14:07:04.022,21.2200,5
50834426506643,14:07:14.426,21.2200,3
50834852498922,14:07:14.852,21.2200,100
50852687471419,14:07:32.687,21.2200,1
50996641735515,14:09:56.641,21.1900,1
51000220185262,14:10:00.220,21.1900,100
51000220222794,14:10:00.220,21.1900,42
51000220275624,14:10:00.220,21.1900,58
51000220275624,14:10:00.220,21.1900,84
51000220332691,14:10:00.220,21.1900,16
51001159325647,14:10:01.159,21.1900,100
51001159325647,14:10:01.159,21.1900,100
51001160405561,14:10:01.160,21.1900,100
51001231637957,14:10:01.231,21.1800,200
51001231637957,14:10:01.231,21.1800,100
51001231637957,14:10:01.231,21.1800,100
51001231637957,14:10:01.231,21.1800,100
51001232463591,14:10:01.232,21.1800,100
51001233256426,14:10:01.233,21.1800,100
51008455222887,14:10:08.455,21.1800,100
51008455222887,14:10:08.455,21.1800,100
51008455222887,14:10:08.455,21.1800,2
51008455222887,14:10:08.455,21.1800,3
51008455257109,14:10:08.455,21.1800,17
51008455429127,14:10:08.455,21.1800,100
51011355110911,14:10:11.355,21.1800,100
51011355110911,14:10:11.355,21.1800,100
51011355110911,14:10:11.355,21.1800,100
51011355110911,14:10:11.355,21.1800,100
51011355110911,14:10:11.355,21.1800,100
51019526212016,14:10:19.526,21.1800,100
51019526314266,14:10:19.526,21.1800,100
51020543154715,14:10:20.543,21.1800,100
51020543154715,14:10:20.543,21.1800,100
51020543154715,14:10:20.543,21.1800,100
51020543154715,14:10:20.543,21.1800,100
51022440717646,14:10:22.440,21.1800,100
51022444056746,14:10:22.444,21.1800,100
51033651948784,14:10:33.651,21.1800,100
51041035256431,14:10:41.035,21.1800,100
51041035256431,14:10:41.035,21.1800,100
51041035256431,14:10:41.035,21.1800,200
51041035256431,14:10:41.035,21.1800,100
51041535777413,14:10:41.535,21.1800,44
51052053376893,14:10:52.053,21.1800,26
51053782604655,14:10:53.782,21.1800,10
51089120451201,14:11:29.120,21.1900,100
51089120451201,14:11:29.120,21.1900,100
51089120451201,14:11:29.120,21.1900,400
51124260340893,14:12:04.260,21.1900,48
51125944848267,14:12:05.944,21.1900,100
51125944848267,14:12:05.944,21.1900,300
51143705218095,14:12:23.705,21.2000,100
51143705218095,14:12:23.705,21.2000,200
51154554496837,14:12:34.554,21.2100,100
51164312550103,14:12:44.312,21.2200,400
51164312550103,14:12:44.312,21.2200,100
51164312550103,14:12:44.312,21.2200,100
51164312550103,14:12:44.312,21.2200,100
51164312803394,14:12:44.312,21.2200,100
51164312803394,14:12:44.312,21.2200,100
51164494133777,14:12:44.494,21.2100,100
51164494133777,14:12:44.494,21.2100,100
51164495198391,14:12:44.495,21.2100,100
51164495198391,14:12:44.495,21.2100,300
51164495198391,14:12:44.495,21.2100,87
51164495238562,14:12:44.495,21.2100,13
51164495238562,14:12:44.495,21.2100,100
51168048216547,14:12:48.048,21.2100,100
51168048216547,14:12:48.048,21.2100,100
51176890115063,14:12:56.890,21.2200,200
51176890115063,14:12:56.890,21.2200,100
51176890115063,14:12:56.890,21.2200,214
51176890124212,14:12:56.890,21.2200,186
51176890183981,14:12:56.890,21.2200,186
51176890238397,14:12:56.890,21.2200,214
51176890238397,14:12:56.890,21.2200,100
51176890364785,14:12:56.890,21.2200,100
51206400853595,14:13:26.400,21.2200,10
51206400853595,14:13:26.400,21.2200,90
51207212136156,14:13:27.212,21.2200,100
51223669234626,14:13:43.669,21.2300,100
51275809663528,14:14:35.809,21.2300,70
51275809663528,14:14:35.809,21.2300,100
51275809663528,14:14:35.809,21.2300,100
51288924079450,14:14:48.924,21.2400,100
51294909469132,14:14:54.909,21.2300,100
51294909469132,14:14:54.909,21.2300,88
51294909501354,14:14:54.909,21.2300,12
51294909571154,14:14:54.909,21.2300,12
51294909600144,14:14:54.909,21.2300,88
51294910858111,14:14:54.910,21.2300,100
51300173480923,14:15:00.173,21.2200,100
51300173480923,14:15:00.173,21.2200,29
51300204558495,14:15:00.204,21.2200,100
51300204558495,14:15:00.204,21.2200,100
51300204558495,14:15:00.204,21.2200,100
51300204558495,14:15:00.204,21.2200,100
51300204558495,14:15:00.204,21.2200,300
51300208478211,14:15:00.208,21.2200,100
51300208478211,14:15:00.208,21.2200,100
51300249206777,14:15:00.249,21.2200,100
51300360568302,14:15:00.360,21.2200,100
51300360791010,14:15:00.360,21.2200,300
51300360791010,14:15:00.360,21.2200,100
51305565074036,14:15:05.565,21.2200,100
51305565329873,14:15:05.565,21.2200,100
51307016094777,14:15:07.016,21.2200,7
51324363247383,14:15:24.363,21.2200,100
51366918390448,14:16:06.918,21.2200,100
51366918390448,14:16:06.918,21.2200,100
51400195832620,14:16:40.195,21.2300,100
51400195963438,14:16:40.195,21.2300,300
51410487712311,14:16:50.487,21.2300,10
51413476626074,14:16:53.476,21.2300,100
51435221258267,14:17:15.221,21.2300,100
51435221258267,14:17:15.221,21.2300,100
51435221258267,14:17:15.221,21.2300,100
51435221494190,14:17:15.221,21.2300,200
51435221494886,14:17:15.221,21.2300,200
51436519938290,14:17:16.519,21.2300,20
51474361629086,14:17:54.361,21.2200,34
51474361729173,14:17:54.361,21.2200,66
51485154381327,14:18:05.154,21.2300,77
51485154415148,14:18:05.154,21.2300,23
51485154415148,14:18:05.154,21.2300,100
51485154415148,14:18:05.154,21.2300,13
51485154432215,14:18:05.154,21.2300,87
51485154432215,14:18:05.154,21.2300,100
51485154432215,14:18:05.154,21.2300,30
51485154516847,14:18:05.154,21.2300,70
51491927082124,14:18:11.927,21.2300,1
51507765652419,14:18:27.765,21.2200,179
51507765689860,14:18:27.765,21.2200,100
51507765770395,14:18:27.765,21.2200,21
51547793137085,14:19:07.793,21.2200,140
51547793318357,14:19:07.793,21.2200,160
51567232157550,14:19:27.232,21.2200,100
51573154900980,14:19:33.154,21.2100,100
51573154900980,14:19:33.154,21.2100,100
51573154900980,14:19:33.154,21.2100,100
51573154900980,14:19:33.154,21.2100,100
51573154900980,14:19:33.154,21.2100,100
51573155212056,14:19:33.155,21.2100,100
51573155212056,14:19:33.155,21.2100,100
51573155212056,14:19:33.155,21.2100,100
51573155212056,14:19:33.155,21.2100,100
51573155465197,14:19:33.155,21.2100,100
51573155564277,14:19:33.155,21.2100,100
51573155585651,14:19:33.155,21.2100,100
51582267072821,14:19:42.267,21.2100,88
51582267127140,14:19:42.267,21.2100,12
51582267127140,14:19:42.267,21.2100,25
51591316022896,14:19:51.316,21.2100,100
51591316287913,14:19:51.316,21.2100,200
51591316337958,14:19:51.316,21.2100,200
51609330549129,14:20:09.330,21.2100,100
51615717943752,14:20:15.717,21.2100,100
51635676202702,14:20:35.676,21.2100,100
51635676438592,14:20:35.676,21.2100,5
51635676670306,14:20:35.676,21.2100,239
51635676787986,14:20:35.676,21.2100,5
51635676914803,14:20:35.676,21.2100,51
51642986266523,14:20:42.986,21.2200,67
51653989285595,14:20:53.989,21.2200,22
51658611507280,14:20:58.611,21.2300,100
51658611507280,14:20:58.611,21.2300,36
51658611528170,14:20:58.611,21.2300,164
51684973475693,14:21:24.973,21.2400,10
51697357868276,14:21:37.357,21.2400,100
51697357868276,14:21:37.357,21.2400,100
51713633656076,14:21:53.633,21.2400,100
51713633656076,14:21:53.633,21.2400,100
51751627077348,14:22:31.627,21.2400,400
51751627125723,14:22:31.627,21.2400,5
51759081991725,14:22:39.081,21.2400,100
51803804447247,14:23:23.804,21.2500,1
51803804447247,14:23:23.804,21.2500,100
51803804447247,14:23:23.804,21.2500,100
51803804447247,14:23:23.804,21.2500,99
51803804878180,14:23:23.804,21.2500,1
51823272537129,14:23:43.272,21.2500,153
51823272562649,14:23:43.272,21.2500,247
51823272562649,14:23:43.272,21.2500,200
51847318865375,14:24:07.318,21.2500,100
51871278352415,14:24:31.278,21.2400,100
51871278352415,14:24:31.278,21.2400,100
51904326173889,14:25:04.326,21.2400,100
51904326173889,14:25:04.326,21.2400,2
51932664971819,14:25:32.664,21.2500,300
51932664971819,14:25:32.664,21.2500,100
51961399002862,14:26:01.399,21.2400,100
51961399077250,14:26:01.399,21.2400,188
51961399103675,14:26:01.399,21.2400,12
51972386798724,14:26:12.386,21.2300,93
51972387238848,14:26:12.387,21.2300,7
51972387238848,14:26:12.387,21.2300,100
51972387238848,14:26:12.387,21.2300,100
51972387238848,14:26:12.387,21.2300,23
51972387240857,14:26:12.387,21.2300,77
51972387240857,14:26:12.387,21.2300,2
51972387240857,14:26:12.387,21.2300,230
51972387276824,14:26:12.387,21.2300,79
51972387328977,14:26:12.387,21.2300,79
51972387439990,14:26:12.387,21.2300,112
51983122667229,14:26:23.122,21.2400,100
51983122667229,14:26:23.122,21.2400,100
51983122667229,14:26:23.122,21.2400,30
51983122690741,14:26:23.122,21.2400,70
52010210896323,14:26:50.210,21.2300,100
52010210896323,14:26:50.210,21.2300,100
52031277088772,14:27:11.277,21.2400,40
52031277139297,14:27:11.277,21.2400,60
52031277139297,14:27:11.277,21.2400,28
52044384952054,14:27:24.384,21.2300,100
52081363716279,14:28:01.363,21.2300,100
52084007452012,14:28:04.007,21.2300,100
52146791108368,14:29:06.791,21.2300,8
52146791108368,14:29:06.791,21.2300,100
52203263405039,14:30:03.263,21.2300,100
52203263405039,14:30:03.263,21.2300,4
52203263405039,14:30:03.263,21.2300,75
52203263432940,14:30:03.263,21.2300,325
52203263432940,14:30:03.263,21.2300,300
52203263440006,14:30:03.263,21.2300,100
52221194615242,14:30:21.194,21.2300,10
52239159996954,14:30:39.159,21.2300,100
52244155306370,14:30:44.155,21.2300,200
52244155306370,14:30:44.155,21.2300,100
52289186163119,14:31:29.186,21.2200,100
52289186163119,14:31:29.186,21.2200,100
52289186163119,14:31:29.186,21.2200,1
52289186297427,14:31:29.186,21.2200,100
52289186464064,14:31:29.186,21.2200,100
52331385840611,14:32:11.385,21.2200,111
52331385840611,14:32:11.385,21.2200,100
52331385840611,14:32:11.385,21.2200,9
52344265615485,14:32:24.265,21.2300,100
52348468527769,14:32:28.468,21.2300,534
52348468527769,14:32:28.468,21.2300,100
52348468527769,14:32:28.468,21.2300,100
52348468527769,14:32:28.468,21.2300,100
52348468527769,14:32:28.468,21.2300,300
52348468527769,14:32:28.468,21.2300,400
52348468527769,14:32:28.468,21.2300,200
52348468527769,14:32:28.468,21.2300,100
52358653231133,14:32:38.653,21.2200,300
52358653231133,14:32:38.653,21.2200,100
52358653231133,14:32:38.653,21.2200,100
52358653231133,14:32:38.653,21.2200,100
52358653408475,14:32:38.653,21.2200,100
52358653408475,14:32:38.653,21.2200,100
52358653408475,14:32:38.653,21.2200,100
52358653660424,14:32:38.653,21.2200,200
52358653662642,14:32:38.653,21.2200,100
52360023032160,14:32:40.023,21.2150,100
52433520501509,14:33:53.520,21.2200,12
52433520501509,14:33:53.520,21.2200,100
52463423080423,14:34:23.423,21.2300,83
52463423253498,14:34:23.423,21.2300,117
52463423253498,14:34:23.423,21.2300,5
52489267865967,14:34:49.267,21.2300,100
52521013664210,14:35:21.013,21.2350,12
52538000815569,14:35:38.000,21.2300,88
52538000897892,14:35:38.000,21.2300,342
52538000923837,14:35:38.000,21.2300,170
52549011974740,14:35:49.011,21.2250,1
52551038702070,14:35:51.038,21.2250,1
52563864464811,14:36:03.864,21.2200,63
52563864759251,14:36:03.864,21.2200,37
52563864759251,14:36:03.864,21.2200,100
52563864759251,14:36:03.864,21.2200,200
52564043844986,14:36:04.043,21.2200,100
52564043844986,14:36:04.043,21.2200,16
52564043844986,14:36:04.043,21.2200,100
52564043844986,14:36:04.043,21.2200,100
52564043844986,14:36:04.043,21.2200,84
52579112402931,14:36:19.112,21.2200,100
52579112402931,14:36:19.112,21.2200,100
52579112402931,14:36:19.112,21.2200,100
52579112402931,14:36:19.112,21.2200,4
52606296149060,14:36:46.296,21.2200,100
52642475291758,14:37:22.475,21.2300,100
52646762041138,14:37:26.762,21.2400,100
52646762041138,14:37:26.762,21.2400,23
52646762185356,14:37:26.762,21.2400,77
52646762185356,14:37:26.762,21.2400,100
52648807980777,14:37:28.807,21.2400,100
52676997819238,14:37:56.997,21.2400,44
52682232461020,14:38:02.232,21.2400,44
52682232461020,14:38:02.232,21.2400,100
52682232461020,14:38:02.232,21.2400,100
52682232461020,14:38:02.232,21.2400,100
52682232461020,14:38:02.232,21.2400,100
52682232461020,14:38:02.232,21.2400,200
52689282362412,14:38:09.282,21.2400,100
52689282383624,14:38:09.282,21.2400,13
52689282383624,14:38:09.282,21.2400,100
52709751579740,14:38:29.751,21.2400,100
52709751812496,14:38:29.751,21.2400,1
52728225267992,14:38:48.225,21.2500,100
52744537499031,14:39:04.537,21.2500,100
52763230116973,14:39:23.230,21.2400,100
52781729053922,14:39:41.729,21.2400,100
52787017769255,14:39:47.017,21.2450,1
52790010458198,14:39:50.010,21.2450,5
52796130317238,14:39:56.130,21.2400,300
52796130342011,14:39:56.130,21.2400,200
52807141325491,14:40:07.141,21.2300,100
52807141325491,14:40:07.141,21.2300,100
52807141325491,14:40:07.141,21.2300,20
52807141325491,14:40:07.141,21.2300,100
52814111411544,14:40:14.111,21.2300,7
52821024729948,14:40:21.024,21.2300,7
52821024729948,14:40:21.024,21.2300,100
52821024729948,14:40:21.024,21.2300,93
52821393366665,14:40:21.393,21.2300,7
52905551967756,14:41:45.551,21.2200,100
52905551967756,14:41:45.551,21.2200,100
52905551967756,14:41:45.551,21.2200,100
52905551967756,14:41:45.551,21.2200,200
52905551967756,14:41:45.551,21.2200,200
52905551967756,14:41:45.551,21.2200,100
52911591819381,14:41:51.591,21.2200,100
52911591819381,14:41:51.591,21.2200,100
52911592355543,14:41:51.592,21.2200,100
52913762133822,14:41:53.762,21.2250,1
52933616350525,14:42:13.616,21.2300,200
52933616350525,14:42:13.616,21.2300,100
52933616350525,14:42:13.616,21.2300,4
52933616350525,14:42:13.616,21.2300,100
52936023919199,14:42:16.023,21.2350,8
52936031847045,14:42:16.031,21.2350,5
52945579266048,14:42:25.579,21.2300,100
52945579266048,14:42:25.579,21.2300,100
52956015690907,14:42:36.015,21.2250,6
52967518797460,14:42:47.518,21.2200,100
52995044204910,14:43:15.044,21.2100,2
52995044204910,14:43:15.044,21.2100,17
52995044228307,14:43:15.044,21.2100,151
52995044233479,14:43:15.044,21.2100,32
52995044233479,14:43:15.044,21.2100,100
52995044233479,14:43:15.044,21.2100,200
52995044233479,14:43:15.044,21.2100,100
52995044233479,14:43:15.044,21.2100,151
52995044240038,14:43:15.044,21.2100,149
52996103179654,14:43:16.103,21.2000,100
52996103179654,14:43:16.103,21.2000,100
52996103179654,14:43:16.103,21.2000,100
52996103179654,14:43:16.103,21.2000,100
52996103179654,14:43:16.103,21.2000,100
52996103179654,14:43:16.103,21.2000,100
52996103179654,14:43:16.103,21.2000,200
52996103179654,14:43:16.103,21.2000,100
52996103182268,14:43:16.103,21.2000,300
53002476332892,14:43:22.476,21.2000,100
53002476332892,14:43:22.476,21.2000,100
53002476592595,14:43:22.476,21.2000,100
53029670103042,14:43:49.670,21.2200,75
53034654427638,14:43:54.654,21.2200,26
53045557467650,14:44:05.557,21.2100,200
53045557467650,14:44:05.557,21.2100,100
53060222031810,14:44:20.222,21.2100,4
53079202308663,14:44:39.202,21.2200,100
53084181189145,14:44:44.181,21.2300,100
53086161079970,14:44:46.161,21.2300,100
53098313380361,14:44:58.313,21.2300,100
53098313380361,14:44:58.313,21.2300,100
53111134263560,14:45:11.134,21.2300,100
53129941599531,14:45:29.941,21.2250,2
53160490583853,14:46:00.490,21.2300,100
53160490583853,14:46:00.490,21.2300,100
53187836361180,14:46:27.836,21.2400,5
53187836361180,14:46:27.836,21.2400,5
53187836393067,14:46:27.836,21.2400,12
53189255983854,14:46:29.255,21.2450,92
53189255983854,14:46:29.255,21.2500,8
53189259131204,14:46:29.259,21.2500,64
53189260550158,14:46:29.260,21.2500,28
53192094692745,14:46:32.094,21.2500,100
53192094692745,14:46:32.094,21.2500,200
53192094692745,14:46:32.094,21.2500,100
53212617227606,14:46:52.617,21.2500,100
53216218876675,14:46:56.218,21.2600,100
53216218876675,14:46:56.218,21.2600,100
53218130604641,14:46:58.130,21.2600,100
53218132354053,14:46:58.132,21.2600,100
53226784099298,14:47:06.784,21.2600,300
53226784099298,14:47:06.784,21.2600,200
53226784118500,14:47:06.784,21.2600,300
53226786458477,14:47:06.786,21.2600,100
53226786458477,14:47:06.786,21.2600,100
53228367661267,14:47:08.367,21.2600,100
53240394553252,14:47:20.394,21.2700,100
53243925109913,14:47:23.925,21.2700,100
53243928604771,14:47:23.928,21.2700,100
53244659671866,14:47:24.659,21.2600,100
53244659671866,14:47:24.659,21.2600,100
53251468459015,14:47:31.468,21.2500,59
53251468459015,14:47:31.468,21.2500,100
53251468459015,14:47:31.468,21.2500,100
53251468459015,14:47:31.468,21.2500,100
53251468459015,14:47:31.468,21.2500,100
53251468459015,14:47:31.468,21.2500,1800
53251468459015,14:47:31.468,21.2500,41
53251468489945,14:47:31.468,21.2500,59
53251468489945,14:47:31.468,21.2500,20
53251468822019,14:47:31.468,21.2500,100
53251468822019,14:47:31.468,21.2500,100
53251469198026,14:47:31.469,21.2500,100
53251469237390,14:47:31.469,21.2500,100
53266476441119,14:47:46.476,21.2500,100
53266476441119,14:47:46.476,21.2500,200
53295532514727,14:48:15.532,21.2500,88
53295532571803,14:48:15.532,21.2500,12
53295532571803,14:48:15.532,21.2500,100
53295532571803,14:48:15.532,21.2500,100
53295532571803,14:48:15.532,21.2500,100
53295532571803,14:48:15.532,21.2500,100
53295532737823,14:48:15.532,21.2500,100
53295532737823,14:48:15.532,21.2500,100
53295532737823,14:48:15.532,21.2500,100
53295532790751,14:48:15.532,21.2500,41
53295532901490,14:48:15.532,21.2500,59
53295532901490,14:48:15.532,21.2500,100
53295532901490,14:48:15.532,21.2500,100
53295533056628,14:48:15.533,21.2500,100
53295533056628,14:48:15.533,21.2500,100
53308815114420,14:48:28.815,21.2500,7
53325691020362,14:48:45.691,21.2600,62
53325692694908,14:48:45.692,21.2600,19
53327020048003,14:48:47.020,21.2650,1
53328722298751,14:48:48.722,21.2650,9
53340386452008,14:49:00.386,21.2600,100
53340386478096,14:49:00.386,21.2600,100
53366198645145,14:49:26.198,21.2500,100
53366198645145,14:49:26.198,21.2500,100
53366200196747,14:49:26.200,21.2500,100
53366203151475,14:49:26.203,21.2500,200
53366203151475,14:49:26.203,21.2500,100
53366203151475,14:49:26.203,21.2500,61
53366203151475,14:49:26.203,21.2500,100
53366203151475,14:49:26.203,21.2500,100
53366203151475,14:49:26.203,21.2500,100
53366203151475,14:49:26.203,21.2500,100
53366203151475,14:49:26.203,21.2500,85
53366203151475,14:49:26.203,21.2500,100
53366203151475,14:49:26.203,21.2500,100
53399739499201,14:49:59.739,21.2550,100
53408795961175,14:50:08.795,21.2500,100
53408795961175,14:50:08.795,21.2500,91
53408795992464,14:50:08.795,21.2500,9
53416545166686,14:50:16.545,21.2500,25
53416545276473,14:50:16.545,21.2500,75
53416545276473,14:50:16.545,21.2500,5
53417308187177,14:50:17.308,21.2500,95
53417308187177,14:50:17.308,21.2500,5
53465116260615,14:51:05.116,21.2400,100
53465116260615,14:51:05.116,21.2400,100
53465116260615,14:51:05.116,21.2400,100
53465116260615,14:51:05.116,21.2400,72
53465116498213,14:51:05.116,21.2400,28
53465116498213,14:51:05.116,21.2400,100
53465116498213,14:51:05.116,21.2400,43
53465117052013,14:51:05.117,21.2400,57
53489014897432,14:51:29.014,21.2350,1
53501514620651,14:51:41.514,21.2350,1
53526674024273,14:52:06.674,21.2400,88
53526674448013,14:52:06.674,21.2400,12
53526674448013,14:52:06.674,21.2400,100
53526674448013,14:52:06.674,21.2400,100
53526674448013,14:52:06.674,21.2400,100
53526674448013,14:52:06.674,21.2400,3
53527438341456,14:52:07.438,21.2500,100
53527438341456,14:52:07.438,21.2500,100
53531172717751,14:52:11.172,21.2500,100
53531172800756,14:52:11.172,21.2500,100
53531172800756,14:52:11.172,21.2500,100
53555488875277,14:52:35.488,21.2700,100
53565087593718,14:52:45.087,21.2800,51
53574499265924,14:52:54.499,21.2800,100
53574499265924,14:52:54.499,21.2800,100
53577990250586,14:52:57.990,21.2800,100
53577990536942,14:52:57.990,21.2800,100
53583554539791,14:53:03.554,21.2800,100
53588374452491,14:53:08.374,21.2800,100
53588374550166,14:53:08.374,21.2800,65
53596035424361,14:53:16.035,21.2900,100
53608355125811,14:53:28.355,21.2900,100
53608355125811,14:53:28.355,21.2900,200
53608355125811,14:53:28.355,21.2900,100
53625621298346,14:53:45.621,21.2900,98
53625621379045,14:53:45.621,21.2900,102
53625621379045,14:53:45.621,21.2900,100
53657474116649,14:54:17.474,21.2900,100
53657474116649,14:54:17.474,21.2900,100
53657474116649,14:54:17.474,21.2900,78
53657474116649,14:54:17.474,21.2900,100
53657474116649,14:54:17.474,21.2900,80
53657474147384,14:54:17.474,21.2900,20
53657474147384,14:54:17.474,21.2900,100
53657474152941,14:54:17.474,21.2900,100
53657474162238,14:54:17.474,21.2900,99
53657474240153,14:54:17.474,21.2900,88
53657474312412,14:54:17.474,21.2900,12
53657474312412,14:54:17.474,21.2900,100
53657474312412,14:54:17.474,21.2900,100
53657474567005,14:54:17.474,21.2900,100
53657474567005,14:54:17.474,21.2900,1
53658052721787,14:54:18.052,21.2800,100
53658052721787,14:54:18.052,21.2800,100
53658052721787,14:54:18.052,21.2800,100
53658052721787,14:54:18.052,21.2800,100
53658052721787,14:54:18.052,21.2800,100
53658052721787,14:54:18.052,21.2800,100
53658052900793,14:54:18.052,21.2800,100
53668529934155,14:54:28.529,21.2900,7
53668529934155,14:54:28.529,21.2900,100
53681646007398,14:54:41.646,21.2850,100
53734363504211,14:55:34.363,21.2900,100
53736402218389,14:55:36.402,21.2900,100
53736402218389,14:55:36.402,21.2900,100
53770385715179,14:56:10.385,21.2800,100
53770385822168,14:56:10.385,21.2800,100
53770386008248,14:56:10.386,21.2800,100
53770386147156,14:56:10.386,21.2800,100
53770386251205,14:56:10.386,21.2800,100
53770386393630,14:56:10.386,21.2800,100
53770386483123,14:56:10.386,21.2800,100
53770389837992,14:56:10.389,21.2800,100
53770391473925,14:56:10.391,21.2800,100
53789722589662,14:56:29.722,21.2800,100
53789722681720,14:56:29.722,21.2800,6
53803160077931,14:56:43.160,21.2900,200
53809450765367,14:56:49.450,21.2900,1
53829395643791,14:57:09.395,21.2800,500
53843795575511,14:57:23.795,21.2800,83
53843795748754,14:57:23.795,21.2800,17
53843795748754,14:57:23.795,21.2800,100
53843795748754,14:57:23.795,21.2800,83
53843795908819,14:57:23.795,21.2800,17
53843795908819,14:57:23.795,21.2800,100
53861505033748,14:57:41.505,21.2800,100
53900776125479,14:58:20.776,21.2900,64
53900776543034,14:58:20.776,21.2900,3
53900776543034,14:58:20.776,21.2900,5
53900776543034,14:58:20.776,21.2900,100
53918978070096,14:58:38.978,21.2900,100
53918978070096,14:58:38.978,21.2900,200
53924585285030,14:58:44.585,21.2800,100
53992248160274,14:59:52.248,21.2900,100
53992248160274,14:59:52.248,21.2900,100
53992248160274,14:59:52.248,21.2900,100
53992248160274,14:59:52.248,21.2900,100
53994820804742,14:59:54.820,21.2900,100
53994820804742,14:59:54.820,21.2900,83
53994820826830,14:59:54.820,21.2900,17
53994820826830,14:59:54.820,21.2900,100
53994821813651,14:59:54.821,21.2900,100
53994830069909,14:59:54.830,21.2900,100
54003038913445,15:00:03.038,21.2850,16
54011500233779,15:00:11.500,21.2850,1
54017567299720,15:00:17.567,21.2850,1
54025106441451,15:00:25.106,21.2800,100
54025106441451,15:00:25.106,21.2800,100
54025106441451,15:00:25.106,21.2800,100
54025106441451,15:00:25.106,21.2800,100
54025106441451,15:00:25.106,21.2800,100
54025106580395,15:00:25.106,21.2800,100
54025106604144,15:00:25.106,21.2800,100
54025106713032,15:00:25.106,21.2800,100
54025106733313,15:00:25.106,21.2800,12
54025106792370,15:00:25.106,21.2800,88
54025106792370,15:00:25.106,21.2800,12
54025106856657,15:00:25.106,21.2800,18
54025106952827,15:00:25.106,21.2800,70
54056006797688,15:00:56.006,21.2750,100
54070010754731,15:01:10.010,21.2750,6
54070017897961,15:01:10.017,21.2750,6
54074914022084,15:01:14.914,21.2750,100
54083515178504,15:01:23.515,21.2700,37
54085014696569,15:01:25.014,21.2750,1
54092302326515,15:01:32.302,21.2750,4
54106155913068,15:01:46.155,21.2700,100
54110707654896,15:01:50.707,21.2700,100
54110707685779,15:01:50.707,21.2700,100
54110707685779,15:01:50.707,21.2700,100
54110707685779,15:01:50.707,21.2700,100
54110707685779,15:01:50.707,21.2700,100
54110707740143,15:01:50.707,21.2700,300
54128014599764,15:02:08.014,21.2650,6
54128214852406,15:02:08.214,21.2600,1
54128215365656,15:02:08.215,21.2600,83
54128313305214,15:02:08.313,21.2600,100
54128313382942,15:02:08.313,21.2600,16
54128313382942,15:02:08.313,21.2600,100
54128313382942,15:02:08.313,21.2600,100
