timestamp,time,price,volume
34200402902641,09:30:00.402,0.0000,0
34320038456924,09:32:00.038,11.6650,100
34399189686795,09:33:19.189,11.6800,100
34399189686795,09:33:19.189,11.6800,100
34399189714436,09:33:19.189,11.6800,19
34437815253710,09:33:57.815,11.6600,69
34437815270104,09:33:57.815,11.6600,31
34503095707526,09:35:03.095,11.6700,222
34503095787276,09:35:03.095,11.6700,278
34509656699385,09:35:09.656,11.6600,100
34681009639463,09:38:01.009,11.6400,132
34681010532689,09:38:01.010,11.6400,100
34681010532689,09:38:01.010,11.6400,68
34681040634345,09:38:01.040,11.6400,35
34877865641022,09:41:17.865,11.6550,100
34919683045983,09:41:59.683,11.6750,100
34985662206210,09:43:05.662,11.6750,100
34985670416823,09:43:05.670,11.6800,300
34986670716286,09:43:06.670,11.6900,100
35002273843188,09:43:22.273,11.6900,500
35002274006607,09:43:22.274,11.6900,180
35002274160056,09:43:22.274,11.6900,171
35002274184202,09:43:22.274,11.6900,149
35002274184202,09:43:22.274,11.6900,36
35002274186558,09:43:22.274,11.6900,100
35002274382190,09:43:22.274,11.6900,100
35002274382190,09:43:22.274,11.6900,171
35002274382190,09:43:22.274,11.6900,100
35002274382190,09:43:22.274,11.6900,100
35002274802439,09:43:22.274,11.6900,100
35002274802439,09:43:22.274,11.6900,100
35002275225160,09:43:22.275,11.6900,100
35002275837660,09:43:22.275,11.6900,100
35100003968721,09:45:00.003,11.6850,100
35100003968721,09:45:00.003,11.6900,200
35100003999439,09:45:00.003,11.6900,100
35148200075124,09:45:48.200,11.6900,100
35376620134939,09:49:36.620,11.6700,42
35376621312303,09:49:36.621,11.6700,58
35377441314437,09:49:37.441,11.6600,100
35488358561781,09:51:28.358,11.6550,100
35488358603848,09:51:28.358,11.6600,100
35503445520944,09:51:43.445,11.6600,100
35695965602566,09:54:55.965,11.6600,100
35695966003503,09:54:55.966,11.6600,100
35695966003503,09:54:55.966,11.6600,50
35695966160893,09:54:55.966,11.6600,100
35695966160893,09:54:55.966,11.6600,100
35695966160893,09:54:55.966,11.6600,100
35695966160893,09:54:55.966,11.6600,100
35695966160893,09:54:55.966,11.6600,100
35823197095333,09:57:03.197,11.6550,115
35857815251273,09:57:37.815,11.6550,100
36161170314859,10:02:41.170,11.6500,14
36161170314859,10:02:41.170,11.6500,86
36161170348040,10:02:41.170,11.6500,14
36166651108531,10:02:46.651,11.6300,100
36166658589565,10:02:46.658,11.6300,100
36166658635174,10:02:46.658,11.6300,200
36166658635174,10:02:46.658,11.6300,100
36166658635174,10:02:46.658,11.6300,100
36166780788971,10:02:46.780,11.6300,100
36196366534489,10:03:16.366,11.6200,100
36196366683105,10:03:16.366,11.6200,100
36280147683242,10:04:40.147,11.6000,10
36280147710809,10:04:40.147,11.6000,90
36459451454161,10:07:39.451,11.6000,300
36459451454161,10:07:39.451,11.6000,200
36480452187001,10:08:00.452,11.6000,200
36541942139370,10:09:01.942,11.6050,100
36541953523997,10:09:01.953,11.6200,150
36541972540615,10:09:01.972,11.6200,100
36717265487231,10:11:57.265,11.6250,100
36717265487231,10:11:57.265,11.6300,100
36717265487231,10:11:57.265,11.6300,100
36717265601898,10:11:57.265,11.6300,100
36717479119541,10:11:57.479,11.6400,100
36871298100722,10:14:31.298,11.6450,100
36871298100722,10:14:31.298,11.6400,1400
36871298188209,10:14:31.298,11.6400,277
36871299856578,10:14:31.299,11.6400,400
36871299907826,10:14:31.299,11.6400,723
36871299907826,10:14:31.299,11.6400,77
36871328432570,10:14:31.328,11.6400,79
36871328432570,10:14:31.328,11.6400,20
36871328432570,10:14:31.328,11.6400,100
36871328432570,10:14:31.328,11.6400,1
36872000134275,10:14:32.000,11.6400,99
36872000134275,10:14:32.000,11.6400,100
36872001765500,10:14:32.001,11.6400,200
37001504951453,10:16:41.504,11.6300,3
37228061860635,10:20:28.061,11.6250,100
37228062439251,10:20:28.062,11.6300,100
37559909828343,10:25:59.909,11.6300,48
37567922557682,10:26:07.922,11.6300,100
37717022003065,10:28:37.022,11.6350,100
37718841747452,10:28:38.841,11.6350,100
37718841879031,10:28:38.841,11.6400,100
37807056000476,10:30:07.056,11.6450,100
37957286962224,10:32:37.286,11.6550,300
37957287388609,10:32:37.287,11.6550,300
37957287484697,10:32:37.287,11.6550,110
37957835216658,10:32:37.835,11.6550,190
37972760367585,10:32:52.760,11.6600,200
37972760367585,10:32:52.760,11.6600,100
37987261483330,10:33:07.261,11.6600,100
37987261483330,10:33:07.261,11.6600,100
37987261827306,10:33:07.261,11.6600,84
38002382238832,10:33:22.382,11.6700,100
38047394615157,10:34:07.394,11.6900,700
38047394615157,10:34:07.394,11.6900,2
38047394615157,10:34:07.394,11.6900,100
38047394721269,10:34:07.394,11.6900,700
38047394967437,10:34:07.394,11.6900,318
38047394967437,10:34:07.394,11.6900,122
38047396951805,10:34:07.396,11.6900,100
38047397104270,10:34:07.397,11.6900,100
38047397104270,10:34:07.397,11.6900,100
38047397104270,10:34:07.397,11.6900,100
38047397138156,10:34:07.397,11.6900,100
38047398594677,10:34:07.398,11.6900,100
38047398594677,10:34:07.398,11.6900,300
38047398594677,10:34:07.398,11.6900,100
38047398594677,10:34:07.398,11.6900,100
38085520640653,10:34:45.520,11.6950,100
38085520642378,10:34:45.520,11.7000,100
38085520642378,10:34:45.520,11.7000,300
38085520642378,10:34:45.520,11.7000,100
38142326661933,10:35:42.326,11.7100,63
38142326803144,10:35:42.326,11.7100,37
38142326803144,10:35:42.326,11.7100,100
38142326803144,10:35:42.326,11.7100,600
38160833137080,10:36:00.833,11.7100,100
38160833137080,10:36:00.833,11.7100,100
38160833137080,10:36:00.833,11.7100,100
38163332680071,10:36:03.332,11.7200,100
38288259444115,10:38:08.259,11.7150,100
38289913640675,10:38:09.913,11.7200,43
38326376880450,10:38:46.376,11.7300,100
38326406668970,10:38:46.406,11.7400,100
38326406668970,10:38:46.406,11.7400,100
38326406668970,10:38:46.406,11.7400,100
38326407061128,10:38:46.407,11.7400,100
38326407061128,10:38:46.407,11.7400,100
38326410344207,10:38:46.410,11.7400,100
38326410344207,10:38:46.410,11.7400,100
38326410344207,10:38:46.410,11.7400,100
38326410344207,10:38:46.410,11.7400,300
38326410344207,10:38:46.410,11.7400,100
38326410344207,10:38:46.410,11.7400,100
38326416930958,10:38:46.416,11.7400,100
38376670862885,10:39:36.670,11.7300,100
38450898953025,10:40:50.898,11.7400,40
38450899661103,10:40:50.899,11.7400,60
38450901596028,10:40:50.901,11.7400,100
38450901596028,10:40:50.901,11.7400,100
38450902097442,10:40:50.902,11.7400,18
38450902123947,10:40:50.902,11.7400,28
38471260137271,10:41:11.260,11.7300,100
38471260137271,10:41:11.260,11.7300,100
38471260137271,10:41:11.260,11.7300,54
38557606233614,10:42:37.606,11.7200,100
38557606547409,10:42:37.606,11.7200,100
38685026740644,10:44:45.026,11.7150,100
38685026740644,10:44:45.026,11.7200,300
38685026740644,10:44:45.026,11.7200,497
38685026768338,10:44:45.026,11.7200,100
38889627233066,10:48:09.627,11.7300,100
38889627233066,10:48:09.627,11.7300,100
38889627767375,10:48:09.627,11.7300,91
38889903517728,10:48:09.903,11.7300,2
38893617156484,10:48:13.617,11.7300,85
38953758574294,10:49:13.758,11.7250,100
39010324538561,10:50:10.324,11.7250,100
39015261747505,10:50:15.261,11.7300,100
39015263926244,10:50:15.263,11.7300,116
39023489216067,10:50:23.489,11.7250,100
39066203391067,10:51:06.203,11.7250,100
39280219214453,10:54:40.219,11.7350,100
39435023611377,10:57:15.023,11.7350,100
39435023611377,10:57:15.023,11.7350,100
39435023611377,10:57:15.023,11.7300,100
39435428874275,10:57:15.428,11.7300,100
39435428874275,10:57:15.428,11.7300,100
39435429055958,10:57:15.429,11.7300,100
39435429055958,10:57:15.429,11.7300,100
39491747088883,10:58:11.747,11.7300,100
39491747088883,10:58:11.747,11.7300,100
39491747178458,10:58:11.747,11.7300,100
39491747261643,10:58:11.747,11.7300,99
39491747279691,10:58:11.747,11.7300,100
39491749367363,10:58:11.749,11.7300,100
39491749367363,10:58:11.749,11.7300,300
39602834279875,11:00:02.834,11.7300,95
39602834571742,11:00:02.834,11.7250,100
39770226700948,11:02:50.226,11.7350,100
39770226700948,11:02:50.226,11.7350,100
39770237744399,11:02:50.237,11.7400,100
39781756884680,11:03:01.756,11.7450,100
39864315115483,11:04:24.315,11.7450,100
40101047794478,11:08:21.047,11.7450,100
40471622861838,11:14:31.622,11.7450,100
40471622861838,11:14:31.622,11.7500,100
40471622861838,11:14:31.622,11.7500,400
40471622864056,11:14:31.622,11.7500,100
40471622864056,11:14:31.622,11.7500,400
40486136822413,11:14:46.136,11.7650,100
40486136822413,11:14:46.136,11.7600,100
40486136822413,11:14:46.136,11.7600,100
40486136852699,11:14:46.136,11.7600,100
40486140863272,11:14:46.140,11.7500,100
40486140863272,11:14:46.140,11.7500,100
40486140863272,11:14:46.140,11.7500,100
40651499760297,11:17:31.499,11.7500,100
40651500693098,11:17:31.500,11.7500,500
40651500693098,11:17:31.500,11.7500,100
40871910797382,11:21:11.910,11.7500,100
40887515710937,11:21:27.515,11.7500,100
40913203376775,11:21:53.203,11.7450,100
40913203376775,11:21:53.203,11.7450,100
40913203376775,11:21:53.203,11.7450,100
40913203376775,11:21:53.203,11.7450,100
40913203376775,11:21:53.203,11.7400,100
40913203376775,11:21:53.203,11.7400,600
40913203376775,11:21:53.203,11.7400,66
40913204244959,11:21:53.204,11.7400,226
40913205005223,11:21:53.205,11.7400,508
40913205005223,11:21:53.205,11.7400,2
41012614555706,11:23:32.614,11.7300,64
41019517869260,11:23:39.517,11.7300,100
41019517869260,11:23:39.517,11.7300,100
41531308044884,11:32:11.308,11.7250,100
41531308044884,11:32:11.308,11.7300,5
41531308071315,11:32:11.308,11.7300,100
41599198821399,11:33:19.198,11.7500,100
41771706782477,11:36:11.706,11.7550,100
41837974131784,11:37:17.974,11.7500,100
41837990232634,11:37:17.990,11.7400,100
41837990899844,11:37:17.990,11.7400,100
42363218916091,11:46:03.218,11.7450,100
42387670189034,11:46:27.670,11.7450,100
42629588725948,11:50:29.588,11.7550,100
42629588725948,11:50:29.588,11.7600,100
42702594895054,11:51:42.594,11.7600,100
42711181666929,11:51:51.181,11.7600,187
42711182158447,11:51:51.182,11.7600,13
42711190154502,11:51:51.190,11.7600,100
42711190179249,11:51:51.190,11.7600,2
42711295843344,11:51:51.295,11.7600,6
42713370191690,11:51:53.370,11.7600,100
42713376032231,11:51:53.376,11.7600,100
42713376032231,11:51:53.376,11.7600,100
42920015713977,11:55:20.015,11.7600,5
43001374712270,11:56:41.374,11.7550,100
43001374712270,11:56:41.374,11.7500,100
43001374712270,11:56:41.374,11.7500,100
43001374712270,11:56:41.374,11.7500,2
43001374712270,11:56:41.374,11.7500,100
43001374712270,11:56:41.374,11.7500,45
43001375225687,11:56:41.375,11.7500,55
43001375225687,11:56:41.375,11.7500,45
43001375225687,11:56:41.375,11.7500,100
43407865425848,12:03:27.865,11.7450,100
43407868584719,12:03:27.868,11.7500,95
43407868584719,12:03:27.868,11.7500,100
43407868584719,12:03:27.868,11.7500,51
43407869107132,12:03:27.869,11.7500,149
43408259601332,12:03:28.259,11.7600,100
43408259601332,12:03:28.259,11.7600,100
43408265121258,12:03:28.265,11.7600,100
43408265121258,12:03:28.265,11.7600,100
43408400914767,12:03:28.400,11.7550,100
43410708149355,12:03:30.708,11.7550,100
43410708149355,12:03:30.708,11.7600,100
43410708149355,12:03:30.708,11.7600,14
43410961059992,12:03:30.961,11.7650,100
43410961466919,12:03:30.961,11.7600,100
43410961557509,12:03:30.961,11.7600,100
43410961557509,12:03:30.961,11.7600,9
43410962063897,12:03:30.962,11.7600,187
43410962891548,12:03:30.962,11.7600,104
43411012579818,12:03:31.012,11.7600,12
43520866064462,12:05:20.866,11.7750,100
43520866064462,12:05:20.866,11.7800,10
43520866064462,12:05:20.866,11.7800,100
43520866064462,12:05:20.866,11.7800,100
43520866095884,12:05:20.866,11.7800,100
43529491097158,12:05:29.491,11.7800,100
43529491097158,12:05:29.491,11.7800,100
43529501761810,12:05:29.501,11.7800,100
43529501761810,12:05:29.501,11.7800,200
44114169839882,12:15:14.169,11.7700,100
44114169839882,12:15:14.169,11.7700,1500
44114169839882,12:15:14.169,11.7700,2
44114169839882,12:15:14.169,11.7700,100
44114169839882,12:15:14.169,11.7700,100
44114180535651,12:15:14.180,11.7600,100
44114180535651,12:15:14.180,11.7600,100
44114180563995,12:15:14.180,11.7600,100
44282034806618,12:18:02.034,11.7550,100
44282035298181,12:18:02.035,11.7550,100
44695984132226,12:24:55.984,11.7500,100
44695984132226,12:24:55.984,11.7500,100
44695984132226,12:24:55.984,11.7500,400
44695984132226,12:24:55.984,11.7500,100
44695984132226,12:24:55.984,11.7500,500
44696014597640,12:24:56.014,11.7400,100
44696014696365,12:24:56.014,11.7400,100
44944212453839,12:29:04.212,11.7350,100
44944212453839,12:29:04.212,11.7400,100
44944212453839,12:29:04.212,11.7400,800
44944212499959,12:29:04.212,11.7400,100
45249805197639,12:34:09.805,11.7500,100
45320527962823,12:35:20.527,11.7500,100
45320528932097,12:35:20.528,11.7400,100
45320528932097,12:35:20.528,11.7400,100
45320528932097,12:35:20.528,11.7400,100
45320528970505,12:35:20.528,11.7400,100
45546172251227,12:39:06.172,11.7400,100
46056615407064,12:47:36.615,11.7350,100
46056615407064,12:47:36.615,11.7350,100
46056615407064,12:47:36.615,11.7300,100
46056615407064,12:47:36.615,11.7300,100
46056615407064,12:47:36.615,11.7300,100
46056615407064,12:47:36.615,11.7300,2
46056615407064,12:47:36.615,11.7300,100
46056615407064,12:47:36.615,11.7300,347
46056615540814,12:47:36.615,11.7300,100
46056615568181,12:47:36.615,11.7300,53
46056617670086,12:47:36.617,11.7200,4
46056618349657,12:47:36.618,11.7200,196
46202757435234,12:50:02.757,11.7250,200
46202757492317,12:50:02.757,11.7250,200
46202757655593,12:50:02.757,11.7300,100
46202757655593,12:50:02.757,11.7300,100
46447678644378,12:54:07.678,11.7400,100
46450365109685,12:54:10.365,11.7450,100
46450365109685,12:54:10.365,11.7400,100
46450365109685,12:54:10.365,11.7400,1400
46450365140109,12:54:10.365,11.7400,100
46453998285988,12:54:13.998,11.7300,100
46453998285988,12:54:13.998,11.7300,100
46453998338507,12:54:13.998,11.7300,200
46453998482060,12:54:13.998,11.7300,200
46589212155259,12:56:29.212,11.7250,110
46589212644731,12:56:29.212,11.7250,190
46623648571751,12:57:03.648,11.7250,100
46623648642349,12:57:03.648,11.7300,100
46820659986471,13:00:20.659,11.7350,100
46820684332068,13:00:20.684,11.7400,100
46820684332068,13:00:20.684,11.7400,100
46939698810072,13:02:19.698,11.7450,100
46943486698619,13:02:23.486,11.7400,8
46943486919489,13:02:23.486,11.7400,100
46943486919489,13:02:23.486,11.7400,50
46943489802931,13:02:23.489,11.7400,50
46943489802931,13:02:23.489,11.7400,100
47081199106547,13:04:41.199,11.7350,100
47081199106547,13:04:41.199,11.7400,100
47081199144643,13:04:41.199,11.7400,100
47285803654810,13:08:05.803,11.7400,100
47629606300931,13:13:49.606,11.7300,100
47629606300931,13:13:49.606,11.7300,100
47629606300931,13:13:49.606,11.7300,2
47629606300931,13:13:49.606,11.7300,200
47629606483614,13:13:49.606,11.7300,100
47652005516719,13:14:12.005,11.7200,100
47658640144731,13:14:18.640,11.7100,100
47658640144731,13:14:18.640,11.7100,100
47659603362715,13:14:19.603,11.7050,100
47756513948133,13:15:56.513,11.7050,100
47756513948133,13:15:56.513,11.7050,100
47756540949831,13:15:56.540,11.7100,100
47832542486192,13:17:12.542,11.7150,100
48040023930195,13:20:40.023,11.7150,100
48134385700501,13:22:14.385,11.7150,400
48134385751813,13:22:14.385,11.7200,100
48134385751813,13:22:14.385,11.7200,100
48134385751813,13:22:14.385,11.7200,100
48134385751813,13:22:14.385,11.7200,100
48142382734332,13:22:22.382,11.7200,100
48291850205136,13:24:51.850,11.7100,100
48291850205136,13:24:51.850,11.7100,312
48518309099238,13:28:38.309,11.7100,288
48518309099238,13:28:38.309,11.7100,27
48635063108210,13:30:35.063,11.7050,200
48900714320212,13:35:00.714,11.7050,100
48900714320212,13:35:00.714,11.7050,100
48900714320212,13:35:00.714,11.7000,25
48900714320212,13:35:00.714,11.7000,6
48944353346963,13:35:44.353,11.6950,100
48966386585724,13:36:06.386,11.6950,100
48966386647007,13:36:06.386,11.7000,100
49210873589662,13:40:10.873,11.7000,26
49210873597075,13:40:10.873,11.7000,326
49210873600743,13:40:10.873,11.7000,326
49210873614944,13:40:10.873,11.7000,174
49211022985497,13:40:11.022,11.6900,100
49287573898779,13:41:27.573,11.6950,100
49287575056074,13:41:27.575,11.6950,100
49323643548377,13:42:03.643,11.7000,34
49323643628366,13:42:03.643,11.7000,34
49339165738067,13:42:19.165,11.7000,100
49782949956993,13:49:42.949,11.6950,168
49782950626897,13:49:42.950,11.6900,400
49782950626897,13:49:42.950,11.6900,2
49782950626897,13:49:42.950,11.6900,100
49842626214415,13:50:42.626,11.6950,100
49842626214415,13:50:42.626,11.7000,100
49842626244325,13:50:42.626,11.7000,100
49843773360810,13:50:43.773,11.7100,100
49843773384863,13:50:43.773,11.7100,100
49844284418767,13:50:44.284,11.7150,100
49844284418767,13:50:44.284,11.7200,100
49844284418767,13:50:44.284,11.7200,22
49844284418767,13:50:44.284,11.7200,100
49844284418767,13:50:44.284,11.7200,100
49844284418767,13:50:44.284,11.7200,78
50336341808983,13:58:56.341,11.7250,100
50336341808983,13:58:56.341,11.7300,200
50336341808983,13:58:56.341,11.7300,22
50336341814608,13:58:56.341,11.7300,78
50336341915449,13:58:56.341,11.7300,100
50342137878464,13:59:02.137,11.7300,100
50342137878464,13:59:02.137,11.7300,100
50342440841901,13:59:02.440,11.7300,200
50342484384205,13:59:02.484,11.7300,300
50342484384205,13:59:02.484,11.7300,100
50355893575700,13:59:15.893,11.7200,100
50600531977386,14:03:20.531,11.7450,100
50630558065061,14:03:50.558,11.7450,100
50630558088372,14:03:50.558,11.7500,100
50630590631792,14:03:50.590,11.7600,15
50638517117373,14:03:58.517,11.7700,100
50638517117373,14:03:58.517,11.7700,19
50638527671944,14:03:58.527,11.7700,100
50717519270999,14:05:17.519,11.7700,67
50743514356030,14:05:43.514,11.7600,100
50743514356030,14:05:43.514,11.7600,400
50743514443553,14:05:43.514,11.7600,66
50751237542779,14:05:51.237,11.7600,34
50751237542779,14:05:51.237,11.7600,100
50751237542779,14:05:51.237,11.7600,100
50836794937063,14:07:16.794,11.7650,100
50836794937063,14:07:16.794,11.7700,13
50836795002026,14:07:16.795,11.7700,20
50851676879611,14:07:31.676,11.7700,100
50941121907477,14:09:01.121,11.7700,2
50996657792698,14:09:56.657,11.7700,92
50996657819605,14:09:56.657,11.7700,97
50996658322704,14:09:56.658,11.7700,47
50997944816522,14:09:57.944,11.7700,400
50997944842550,14:09:57.944,11.7700,64
51024401110469,14:10:24.401,11.7700,100
51091908685700,14:11:31.908,11.7700,200
51091909535637,14:11:31.909,11.7800,300
51091909535637,14:11:31.909,11.7800,100
51091909691665,14:11:31.909,11.7800,45
51091909694720,14:11:31.909,11.7800,109
51091909695268,14:11:31.909,11.7800,246
51406465163208,14:16:46.465,11.7850,100
51716043558079,14:21:56.043,11.7950,100
51760016767411,14:22:40.016,11.7950,100
51760016767411,14:22:40.016,11.8000,300
51760016817868,14:22:40.016,11.8000,100
51767725059923,14:22:47.725,11.8000,100
51800274356028,14:23:20.274,11.8000,100
51800275728303,14:23:20.275,11.8000,100
51800275728303,14:23:20.275,11.8000,100
51800293538949,14:23:20.293,11.8000,100
51803835048906,14:23:23.835,11.8000,50
51836678999487,14:23:56.678,11.8000,100
51933748700728,14:25:33.748,11.7900,100
52159271952868,14:29:19.271,11.7700,100
52159271952868,14:29:19.271,11.7700,500
52159272275092,14:29:19.272,11.7700,60
52159272275092,14:29:19.272,11.7700,100
52268511081319,14:31:08.511,11.7700,100
52291680868333,14:31:31.680,11.7700,100
52291680868333,14:31:31.680,11.7700,181
52332408135668,14:32:12.408,11.7700,176
52332408161212,14:32:12.408,11.7700,243
53090286591428,14:44:50.286,11.7650,100
53090286591428,14:44:50.286,11.7650,100
53090286591428,14:44:50.286,11.7700,300
53090286591428,14:44:50.286,11.7700,100
53090286633006,14:44:50.286,11.7700,100
53090286633006,14:44:50.286,11.7700,100
53098465832168,14:44:58.465,11.7750,2
53143532449562,14:45:43.532,11.7750,100
53143532449562,14:45:43.532,11.7700,100
53143532449562,14:45:43.532,11.7700,200
53143532449562,14:45:43.532,11.7700,2
53565327357751,14:52:45.327,11.7750,100
53565328509845,14:52:45.328,11.7750,200
53565338400814,14:52:45.338,11.7800,100
53565338400814,14:52:45.338,11.7800,100
53565338431054,14:52:45.338,11.7800,900
53565338431054,14:52:45.338,11.7800,100
53565338431054,14:52:45.338,11.7800,100
53669466207498,14:54:29.466,11.7850,100
53669466207498,14:54:29.466,11.7900,93
53669466722608,14:54:29.466,11.7900,7
53669466722608,14:54:29.466,11.7900,100
54139561540971,15:02:19.561,11.7950,400
54139561540971,15:02:19.561,11.7900,100
54139561540971,15:02:19.561,11.7900,2
54139561570278,15:02:19.561,11.7900,198
54139561570278,15:02:19.561,11.7900,100
54139561570278,15:02:19.561,11.7900,100
54139561570278,15:02:19.561,11.7900,2
54139561681739,15:02:19.561,11.7900,19
54139561797863,15:02:19.561,11.7900,481
54139561797863,15:02:19.561,11.7900,100
54139561797863,15:02:19.561,11.7900,100
54139561797863,15:02:19.561,11.7900,100
54139561797863,15:02:19.561,11.7900,100
54139561797863,15:02:19.561,11.7900,19
54165063561757,15:02:45.063,11.7800,100
54165063561757,15:02:45.063,11.7800,100
54198181014331,15:03:18.181,11.7750,100
54198181014331,15:03:18.181,11.7800,100
54198181014331,15:03:18.181,11.7800,200
54198181589899,15:03:18.181,11.7800,100
54198181589899,15:03:18.181,11.7800,100
54308657490668,15:05:08.657,11.7800,100
54308657490668,15:05:08.657,11.7800,25
54315454313336,15:05:15.454,11.7800,100
54351722607868,15:05:51.722,11.7800,50
54383996172313,15:06:23.996,11.7800,6
54383996251169,15:06:23.996,11.7800,4
54383997165790,15:06:23.997,11.7800,3
54383997267308,15:06:23.997,11.7800,2
54383997754194,15:06:23.997,11.7800,1
54383997818208,15:06:23.997,11.7800,1
54383997883535,15:06:23.997,11.7800,1
54453919025873,15:07:33.919,11.7750,100
54453919025873,15:07:33.919,11.7750,100
54453919025873,15:07:33.919,11.7800,5
54453919068849,15:07:33.919,11.7800,100
54453919068849,15:07:33.919,11.7800,100
54453919155024,15:07:33.919,11.7800,100
54494907567356,15:08:14.907,11.7850,100
54494907567356,15:08:14.907,11.7900,99
54650374600855,15:10:50.374,11.7800,50
54899839348999,15:14:59.839,11.7750,100
54899847956643,15:14:59.847,11.7800,100
54899848067791,15:14:59.848,11.7800,100
54899853111428,15:14:59.853,11.7900,100
54899853111428,15:14:59.853,11.7900,300
54899853262252,15:14:59.853,11.7900,100
54899853262252,15:14:59.853,11.7900,100
54899863001523,15:14:59.863,11.7950,100
54899863001523,15:14:59.863,11.8000,100
54899863001523,15:14:59.863,11.8000,100
54899863001523,15:14:59.863,11.8000,100
54899863001523,15:14:59.863,11.8000,100
54899872606725,15:14:59.872,11.8050,100
54899872606725,15:14:59.872,11.8100,100
54899872606725,15:14:59.872,11.8100,100
54899872606725,15:14:59.872,11.8100,100
54899872606725,15:14:59.872,11.8100,100
54899872606725,15:14:59.872,11.8100,700
54899872721832,15:14:59.872,11.8100,100
54899872721832,15:14:59.872,11.8100,100
54899872721832,15:14:59.872,11.8100,100
54899872721832,15:14:59.872,11.8100,100
54899951041504,15:14:59.951,11.8100,16
55010832847805,15:16:50.832,11.8050,100
55010832847805,15:16:50.832,11.8100,100
55010832847805,15:16:50.832,11.8100,100
55010832847805,15:16:50.832,11.8100,100
55010832847805,15:16:50.832,11.8100,195
55452149491086,15:24:12.149,11.8050,100
55452149491086,15:24:12.149,11.8000,100
55452149491086,15:24:12.149,11.8000,30
55452149491086,15:24:12.149,11.8000,700
55452149491086,15:24:12.149,11.8000,127
55452149494126,15:24:12.149,11.8000,73
55452149494126,15:24:12.149,11.8000,2
55452149494126,15:24:12.149,11.8000,25
55452149494126,15:24:12.149,11.8000,499
55452149678741,15:24:12.149,11.8000,201
55452173098612,15:24:12.173,11.7900,100
55452173098612,15:24:12.173,11.7900,100
55452173098612,15:24:12.173,11.7900,100
55868819317876,15:31:08.819,11.7850,100
55868819317876,15:31:08.819,11.7850,100
56052613456298,15:34:12.613,11.7800,67
56315693335702,15:38:35.693,11.7850,20
56487963349979,15:41:27.963,11.7800,700
56603934976162,15:43:23.934,11.7850,200
56603936136161,15:43:23.936,11.7850,200
56603944379672,15:43:23.944,11.7900,100
56603944379672,15:43:23.944,11.7900,100
56603944379672,15:43:23.944,11.7900,100
56603944379672,15:43:23.944,11.7900,100
56603944379672,15:43:23.944,11.7900,100
56603944379672,15:43:23.944,11.7900,300
56603944379672,15:43:23.944,11.7900,100
56603944379672,15:43:23.944,11.7900,100
56603949550004,15:43:23.949,11.8100,100
56603972621032,15:43:23.972,11.8100,100
56603972621032,15:43:23.972,11.8100,100
56605274879742,15:43:25.274,11.8100,100
56606345159902,15:43:26.345,11.8100,80
56618732484360,15:43:38.732,11.8100,100
56618732484360,15:43:38.732,11.8100,100
56847705889335,15:47:27.705,11.8050,20
56892895524222,15:48:12.895,11.8000,100
56892895524222,15:48:12.895,11.8000,100
56892895524222,15:48:12.895,11.8000,28
56892895524222,15:48:12.895,11.8000,2
56892895524222,15:48:12.895,11.8000,25
56892895524222,15:48:12.895,11.8000,20
56892895524222,15:48:12.895,11.8000,28
56892895684073,15:48:12.895,11.8000,100
56892895684073,15:48:12.895,11.8000,100
56892895979190,15:48:12.895,11.8000,100
56892925783855,15:48:12.925,11.8000,300
56892925783855,15:48:12.925,11.8000,200
56892925783855,15:48:12.925,11.8000,100
56892925783855,15:48:12.925,11.8000,100
56892925783855,15:48:12.925,11.8000,100
56892971063913,15:48:12.971,11.8000,170
56894205726151,15:48:14.205,11.8000,200
57274904933437,15:54:34.904,11.7950,100
57359803815046,15:55:59.803,11.7950,100
57359803815046,15:55:59.803,11.7950,100
57359803815046,15:55:59.803,11.8000,200
57359803815046,15:55:59.803,11.8000,100
57359803815046,15:55:59.803,11.8000,100
57359803815046,15:55:59.803,11.8000,300
57359804007339,15:55:59.804,11.8000,60
57359804008985,15:55:59.804,11.8000,40
57359804008985,15:55:59.804,11.8000,100
57363955971469,15:56:03.955,11.8150,100
57363955971469,15:56:03.955,11.8150,100
57372914240624,15:56:12.914,11.8150,500
57372914240624,15:56:12.914,11.8150,100
57372923845306,15:56:12.923,11.8100,100
57372923845306,15:56:12.923,11.8100,100
57372923845306,15:56:12.923,11.8100,30
57372923845306,15:56:12.923,11.8100,76
57372923845306,15:56:12.923,11.8100,3
57372927857039,15:56:12.927,11.8100,30
57476352817253,15:57:56.352,11.8000,100
57523914844377,15:58:43.914,11.8050,100
57524174849561,15:58:44.174,11.8100,100
57524175605684,15:58:44.175,11.8100,15
57524175687632,15:58:44.175,11.8100,8
57524175754401,15:58:44.175,11.8100,4
57524175819280,15:58:44.175,11.8100,2
57524175881788,15:58:44.175,11.8100,1
57524176029706,15:58:44.176,11.8100,100
57524176209361,15:58:44.176,11.8100,100
57524176359470,15:58:44.176,11.8100,19
57524176417820,15:58:44.176,11.8100,251
57535793835126,15:58:55.793,11.8150,1
57555000996499,15:59:15.000,11.8200,100
57555000996499,15:59:15.000,11.8200,100
57555000996499,15:59:15.000,11.8200,100
57555000996499,15:59:15.000,11.8200,82
57555006056591,15:59:15.006,11.8200,118
57561970467355,15:59:21.970,11.8250,1
57589567289392,15:59:49.567,11.8350,87
57595295347395,15:59:55.295,11.8400,99
57600570517662,16:00:00.570,0.0000,0
57660634843660,16:01:00.634,11.8300,100
