timestamp,time,price,volume
34200112618268,09:30:00.112,0.0000,0
34356282557996,09:32:36.282,64.4500,100
34364208783147,09:32:44.208,64.4800,1
34364257757022,09:32:44.257,64.5700,1
34364707664485,09:32:44.707,64.5900,1
34372868586660,09:32:52.868,64.4900,100
34385140338767,09:33:05.140,64.4900,80
34385833359197,09:33:05.833,64.5700,100
34385833359197,09:33:05.833,64.5900,100
34483963971176,09:34:43.963,64.5200,100
34487514698310,09:34:47.514,64.5400,100
34487514703782,09:34:47.514,64.5400,100
34487529345299,09:34:47.529,64.5700,100
34495543305531,09:34:55.543,64.5400,100
34507163197301,09:35:07.163,64.5600,100
34511314648833,09:35:11.314,64.5900,100
34615243756955,09:36:55.243,64.4700,100
34644819020921,09:37:24.819,64.5200,100
34651096807977,09:37:31.096,64.4900,100
34688926435049,09:38:08.926,64.4200,100
34688932934933,09:38:08.932,64.3300,100
34688932948291,09:38:08.932,64.3300,100
34688933038089,09:38:08.933,64.3600,10
34688933710327,09:38:08.933,64.3300,10
34689601847970,09:38:09.601,64.2700,100
34754168432704,09:39:14.168,64.2400,100
34787740823826,09:39:47.740,64.2800,100
34796210961665,09:39:56.210,64.2400,30
34796210962253,09:39:56.210,64.2400,30
34796210969463,09:39:56.210,64.2400,40
34796311086590,09:39:56.311,64.2400,30
34796311089818,09:39:56.311,64.2400,30
34796311096046,09:39:56.311,64.2400,40
34807185151468,09:40:07.185,64.2400,100
34807612779686,09:40:07.612,64.2400,100
34811271616329,09:40:11.271,64.2400,100
34811271616329,09:40:11.271,64.3200,100
34811271616329,09:40:11.271,64.3200,100
34811271616329,09:40:11.271,64.3300,100
34812352392126,09:40:12.352,64.3300,58
34863900555906,09:41:03.900,64.1600,30
34863901008522,09:41:03.901,64.1600,10
34863901349527,09:41:03.901,64.1600,60
34872162904034,09:41:12.162,64.1800,100
34927362358641,09:42:07.362,64.1400,100
34938087817165,09:42:18.087,64.1400,100
34957509962388,09:42:37.509,64.1400,100
34972248432336,09:42:52.248,64.1100,52
34972248459344,09:42:52.248,64.1100,48
34979655162699,09:42:59.655,64.1400,74
34996417091542,09:43:16.417,64.1400,100
34996417098264,09:43:16.417,64.1600,100
35069224835205,09:44:29.224,64.1500,41
35111012846202,09:45:11.012,64.1600,100
35128790661625,09:45:28.790,64.1400,30
35128795088699,09:45:28.795,64.1200,100
35136012421558,09:45:36.012,63.9600,100
35139087295683,09:45:39.087,63.9600,100
35160353288799,09:46:00.353,63.9300,30
35160353294077,09:46:00.353,63.9300,30
35161390841211,09:46:01.390,63.9800,100
35194663582230,09:46:34.663,64.0000,100
35206800587667,09:46:46.800,63.9600,100
35253685929721,09:47:33.685,63.9100,100
35255136777652,09:47:35.136,63.9700,100
35265450595390,09:47:45.450,63.9700,100
35303859556580,09:48:23.859,63.9200,100
35326313671459,09:48:46.313,63.9200,200
35326313671459,09:48:46.313,63.9200,100
35424125213440,09:50:24.125,63.9400,10
35424125215940,09:50:24.125,63.9400,20
35424126013925,09:50:24.126,63.9500,20
35424127423959,09:50:24.127,63.9500,20
35434513638977,09:50:34.513,63.9600,10
35434513640276,09:50:34.513,63.9600,20
35434513675467,09:50:34.513,63.9600,70
35468285639294,09:51:08.285,63.9900,100
35493411702587,09:51:33.411,64.0300,100
35512853491222,09:51:52.853,64.0900,100
35527515725296,09:52:07.515,64.0400,100
35644129203415,09:54:04.129,63.9600,100
35644880772410,09:54:04.880,64.0000,100
35644881108470,09:54:04.881,64.0000,13
35644881132601,09:54:04.881,64.0000,16
35644896671188,09:54:04.896,64.0000,100
35651138275595,09:54:11.138,64.0100,100
35651138897646,09:54:11.138,64.0300,15
35707203008397,09:55:07.203,64.0550,100
35746607921953,09:55:46.607,64.0000,20
35746607923356,09:55:46.607,64.0000,10
35759654335564,09:55:59.654,63.9900,100
35803768840978,09:56:43.768,63.9900,20
35873963209529,09:57:53.963,64.2100,87
35873963229604,09:57:53.963,64.2100,13
35873963237705,09:57:53.963,64.2000,54
35875145812322,09:57:55.145,64.2000,46
35946394682689,09:59:06.394,64.2100,100
36045248510090,10:00:45.248,64.0200,100
36045248956784,10:00:45.248,64.0300,100
36065656698060,10:01:05.656,64.0100,30
36066863683258,10:01:06.863,64.0100,30
36066864080682,10:01:06.864,64.0200,30
36066864483297,10:01:06.864,64.0200,30
36073075085597,10:01:13.075,64.0300,30
36215174357567,10:03:35.174,64.3300,300
36275964325617,10:04:35.964,64.3300,200
36345289243230,10:05:45.289,64.4600,400
36345289334759,10:05:45.289,64.4600,100
36347340580784,10:05:47.340,64.5100,36
36361062964654,10:06:01.062,64.5200,100
36361063054860,10:06:01.063,64.5200,100
36391217605153,10:06:31.217,64.5000,200
36635977541147,10:10:35.977,64.3100,100
36684642152179,10:11:24.642,64.2900,100
36736442558171,10:12:16.442,64.2600,100
36783057517754,10:13:03.057,64.1300,100
36789124798994,10:13:09.124,64.1100,13
36825030608885,10:13:45.030,64.0700,100
36825030625848,10:13:45.030,64.1100,100
36829276348285,10:13:49.276,64.1100,100
36955080075193,10:15:55.080,64.1400,30
36955080076526,10:15:55.080,64.1400,30
36955080243921,10:15:55.080,64.1400,40
36991732223991,10:16:31.732,64.3000,37
36997517340059,10:16:37.517,64.3300,100
37146141742920,10:19:06.141,64.4400,100
37203942258336,10:20:03.942,64.4800,11
37204007305870,10:20:04.007,64.4800,89
37278087469293,10:21:18.087,64.4600,100
37278087469293,10:21:18.087,64.4600,100
37340908063008,10:22:20.908,64.4200,100
37373422652201,10:22:53.422,64.4300,100
37560314290652,10:26:00.314,64.4300,29
37560314520447,10:26:00.314,64.4300,71
37630798546327,10:27:10.798,64.4200,100
37630799434622,10:27:10.799,64.4100,100
37650101398845,10:27:30.101,64.4500,100
37707279943056,10:28:27.279,64.4600,100
37728750320354,10:28:48.750,64.4700,100
37866228972117,10:31:06.228,64.5000,100
38056046094177,10:34:16.046,64.4700,100
38131314494042,10:35:31.314,64.4700,2
38131314494042,10:35:31.314,64.4700,12
38131317790431,10:35:31.317,64.4600,100
38131334122650,10:35:31.334,64.4600,100
38131334122650,10:35:31.334,64.4600,1
38133083943178,10:35:33.083,64.4500,1
38179312313168,10:36:19.312,64.4400,1
38188918858454,10:36:28.918,64.4600,100
38250268335575,10:37:30.268,64.4500,2
38258710715105,10:37:38.710,64.4400,100
38258737620421,10:37:38.737,64.4400,100
38273956819116,10:37:53.956,64.4100,1
38300249904300,10:38:20.249,64.4100,30
38300249907010,10:38:20.249,64.4100,30
38342136894829,10:39:02.136,64.4200,30
38342136987605,10:39:02.136,64.4200,10
38342136990372,10:39:02.136,64.4200,20
38351357439333,10:39:11.357,64.4300,1
38375045519713,10:39:35.045,64.4400,30
38375045542764,10:39:35.045,64.4400,30
38382279542070,10:39:42.279,64.4800,100
38438361228851,10:40:38.361,64.5200,100
38438361511493,10:40:38.361,64.5200,100
38527108808779,10:42:07.108,64.6700,1
38540366575941,10:42:20.366,64.5900,1
38620082383358,10:43:40.082,64.6400,100
38657486390702,10:44:17.486,64.6900,24
38659667366825,10:44:19.667,64.7200,100
38711095547625,10:45:11.095,64.8000,1
38711095628099,10:45:11.095,64.8200,100
38711104484514,10:45:11.104,64.7800,1
38711137539593,10:45:11.137,64.8000,100
38892022927334,10:48:12.022,64.8600,100
38892121504325,10:48:12.121,64.8600,100
38894160858273,10:48:14.160,64.7900,1
38906179786917,10:48:26.179,64.7800,1
38957523752930,10:49:17.523,64.8100,100
38997410441778,10:49:57.410,64.8200,1
39008947500007,10:50:08.947,64.7800,100
39185386099486,10:53:05.386,64.8100,100
39259288300446,10:54:19.288,64.8000,100
39436537228450,10:57:16.537,64.8400,100
39453440619691,10:57:33.440,64.8600,100
39600224675326,11:00:00.224,64.8200,100
39721789931039,11:02:01.789,64.8700,100
39790778564237,11:03:10.778,64.9350,100
39854551362763,11:04:14.551,64.9700,10
39866441859998,11:04:26.441,64.9600,3
39866456051664,11:04:26.456,64.9500,100
39866460989515,11:04:26.460,64.9500,100
39952825105408,11:05:52.825,64.9400,100
39986658396054,11:06:26.658,64.9300,100
39987492993404,11:06:27.492,64.9200,100
40148835495907,11:09:08.835,64.9400,100
40148835917163,11:09:08.835,64.9400,100
40254304765454,11:10:54.304,64.9000,100
40364853552564,11:12:44.853,64.8600,100
40511334029641,11:15:11.334,64.8500,100
40511334029641,11:15:11.334,64.8400,2
40609720482333,11:16:49.720,64.9000,100
40664171154368,11:17:44.171,64.8800,52
40772626837546,11:19:32.626,64.9000,100
40772627064854,11:19:32.627,64.9000,100
40785840663879,11:19:45.840,64.8900,100
40785840721021,11:19:45.840,64.8900,2
40827272773144,11:20:27.272,64.8800,3
40829392860733,11:20:29.392,64.8800,1
40945469299870,11:22:25.469,64.8600,1
40945469299870,11:22:25.469,64.8600,43
40945469454952,11:22:25.469,64.8600,57
41015428479348,11:23:35.428,64.8500,1
41110625786531,11:25:10.625,64.8500,1
41221313259306,11:27:01.313,64.9100,100
41343598724832,11:29:03.598,64.9650,100
41343598724832,11:29:03.598,64.9500,1
41343614711030,11:29:03.614,64.9500,100
41344334212704,11:29:04.334,64.9500,100
41356815145939,11:29:16.815,64.9900,100
41356815676577,11:29:16.815,65.0000,100
41433673783007,11:30:33.673,65.0600,54
41517175408737,11:31:57.175,65.0800,100
41517175823060,11:31:57.175,65.0800,100
41659328947842,11:34:19.328,65.1700,100
41676868466145,11:34:36.868,65.1700,100
41676874720727,11:34:36.874,65.1500,100
41676883059613,11:34:36.883,65.1500,1
41677285197592,11:34:37.285,65.1100,82
41709971038308,11:35:09.971,65.1000,100
41709971752833,11:35:09.971,65.0900,1
41793719222733,11:36:33.719,65.0700,88
42176371644832,11:42:56.371,65.1600,1
42176371644832,11:42:56.371,65.1600,100
42178160460826,11:42:58.160,65.1500,2
42251438430654,11:44:11.438,65.1300,1
42534145995978,11:48:54.145,65.0700,100
42534145995978,11:48:54.145,65.0700,1
42536869037798,11:48:56.869,65.0400,1
42536869690376,11:48:56.869,65.0300,1
42622265819165,11:50:22.265,65.0400,100
42727007507193,11:52:07.007,65.0400,100
42727007545691,11:52:07.007,65.0400,100
42727007912593,11:52:07.007,65.0300,100
42808536017099,11:53:28.536,65.1250,100
42809050018772,11:53:29.050,65.1250,100
42911603907771,11:55:11.603,65.1700,100
42913242243758,11:55:13.242,65.1500,100
42913242243758,11:55:13.242,65.1500,2
42984080754619,11:56:24.080,65.1500,100
42984080754619,11:56:24.080,65.1500,12
42984086068993,11:56:24.086,65.1400,2
43042803802930,11:57:22.803,65.1300,1
43042803802930,11:57:22.803,65.1300,100
43104817866455,11:58:24.817,65.1000,100
43136036522139,11:58:56.036,65.1200,100
43281122627088,12:01:21.122,65.1400,2
43281123274121,12:01:21.123,65.1300,1
43341757673855,12:02:21.757,65.1200,44
43341758095233,12:02:21.758,65.1200,56
43341758095233,12:02:21.758,65.1200,1
43348855382862,12:02:28.855,65.1200,1
43442130138639,12:04:02.130,65.1300,100
43550609139794,12:05:50.609,65.1200,100
43754226391690,12:09:14.226,65.1500,3
43754226391690,12:09:14.226,65.1500,1
43754226418601,12:09:14.226,65.1500,99
43754226418601,12:09:14.226,65.1500,100
43754230783279,12:09:14.230,65.1400,2
43754241383906,12:09:14.241,65.1300,100
43767676336111,12:09:27.676,65.1300,92
43804418244084,12:10:04.418,65.1400,100
43909596905050,12:11:49.596,65.1500,100
43974524685844,12:12:54.524,65.1500,1
44080739112208,12:14:40.739,65.1400,1
44080739112208,12:14:40.739,65.1400,100
44080753391305,12:14:40.753,65.1400,100
44120424510986,12:15:20.424,65.1200,1
44258018544674,12:17:38.018,65.1200,100
44500834192166,12:21:40.834,65.1300,100
44554690994023,12:22:34.690,65.1600,100
44588624459642,12:23:08.624,65.1400,100
44735393722061,12:25:35.393,65.1200,100
44883420785667,12:28:03.420,65.1250,100
44883429204791,12:28:03.429,65.1100,33
44883673474208,12:28:03.673,65.1100,67
44883673474208,12:28:03.673,65.1100,33
44883673702749,12:28:03.673,65.1100,47
44888464658037,12:28:08.464,65.1100,20
44978648077295,12:29:38.648,65.0900,100
45013288533747,12:30:13.288,65.1100,100
45034254556655,12:30:34.254,65.1100,1
45052847274052,12:30:52.847,65.0900,1
45196880961578,12:33:16.880,65.0600,1
45196880961578,12:33:16.880,65.0600,99
45622514987902,12:40:22.514,65.0800,100
45622515354090,12:40:22.515,65.0700,100
45622515354090,12:40:22.515,65.0700,100
45922828936524,12:45:22.828,65.0400,100
45922828936524,12:45:22.828,65.0400,100
45933195037988,12:45:33.195,65.0200,100
45933195037988,12:45:33.195,65.0200,3
45933297259084,12:45:33.297,65.0000,1
46067083882704,12:47:47.083,64.9900,1
46067083882704,12:47:47.083,64.9900,23
46070023397560,12:47:50.023,64.9900,77
46070054481734,12:47:50.054,64.9800,1
46070054481734,12:47:50.054,64.9800,92
46070054541275,12:47:50.054,64.9800,8
46070169717602,12:47:50.169,64.9800,1
46377785617489,12:52:57.785,64.9200,1
46471363021967,12:54:31.363,64.9000,1
46471363021967,12:54:31.363,64.9000,7
46471363477441,12:54:31.363,64.9000,93
46471363477441,12:54:31.363,64.9000,7
46471471798987,12:54:31.471,64.9000,1
46499755518669,12:54:59.755,64.9100,200
46526026886146,12:55:26.026,64.9200,100
46526030171016,12:55:26.030,64.9000,1
46526032157771,12:55:26.032,64.8900,1
46630055529092,12:57:10.055,64.8200,100
46807893925655,13:00:07.893,64.8300,100
47000973390462,13:03:20.973,64.9100,1
47114725169041,13:05:14.725,64.8600,100
47273233037270,13:07:53.233,64.8700,1
47298751934820,13:08:18.751,64.8400,100
47350639792260,13:09:10.639,64.8200,100
47444558586400,13:10:44.558,64.8000,100
47761210773512,13:16:01.210,64.8400,100
47992648885027,13:19:52.648,64.8500,100
47992648885027,13:19:52.648,64.8500,100
47992941817295,13:19:52.941,64.8500,100
48021274802328,13:20:21.274,64.8700,100
48057119707049,13:20:57.119,64.9000,10
48092256371677,13:21:32.256,64.8800,100
48146278418924,13:22:26.278,64.9500,100
48146278418924,13:22:26.278,64.9500,6
48268987937393,13:24:28.987,64.9800,100
48269049076964,13:24:29.049,65.0000,1
48292119527211,13:24:52.119,64.9800,100
48292119565821,13:24:52.119,64.9800,100
48333454966724,13:25:33.454,64.9700,1
48333454966724,13:25:33.454,64.9700,100
48333463289297,13:25:33.463,64.9500,1
48333463480659,13:25:33.463,64.9500,99
48580390884178,13:29:40.390,64.9500,100
48854927421588,13:34:14.927,65.0200,100
48854927604907,13:34:14.927,65.0000,2
48854927604907,13:34:14.927,65.0000,26
48854927895203,13:34:14.927,65.0000,74
48854927895203,13:34:14.927,65.0000,79
48854927895203,13:34:14.927,65.0000,28
48854938204923,13:34:14.938,65.0000,20
48854938229641,13:34:14.938,65.0000,52
48952286075761,13:35:52.286,65.0250,100
49000225151074,13:36:40.225,65.0400,1
49038399252340,13:37:18.399,65.0100,2
49038403604895,13:37:18.403,64.9900,1
49103262739558,13:38:23.262,64.9900,100
49338525127841,13:42:18.525,65.0000,100
49403628702827,13:43:23.628,65.0200,100
49475351904789,13:44:35.351,64.9700,1
49475355928394,13:44:35.355,64.9600,2
49475364278472,13:44:35.364,64.9400,10
49650816414365,13:47:30.816,64.9400,10
49870236403770,13:51:10.236,64.9700,100
49885783802344,13:51:25.783,64.9600,1
49885784389082,13:51:25.784,64.9750,100
49885799234518,13:51:25.799,64.9500,1
49932301634169,13:52:12.301,64.9000,1
49968880205962,13:52:48.880,64.8900,113
50093104517043,13:54:53.104,64.9200,10
50147696192113,13:55:47.696,64.9000,1
50147696192113,13:55:47.696,64.9000,80
50147696192113,13:55:47.696,64.9000,19
50203547500979,13:56:43.547,64.9000,100
50220759838863,13:57:00.759,64.9300,100
50243254767092,13:57:23.254,64.9400,100
50243257561186,13:57:23.257,64.9500,100
50305572751912,13:58:25.572,64.9100,1
50331701842103,13:58:51.701,64.8900,100
50402698118549,14:00:02.698,64.8600,40
50402698118549,14:00:02.698,64.8600,60
50402718373206,14:00:02.718,64.8400,1
50402719696335,14:00:02.719,64.8300,1
50451940551003,14:00:51.940,65.0700,100
50454206819932,14:00:54.206,65.0800,100
50471250905914,14:01:11.250,65.0600,100
50608998751421,14:03:28.998,65.2000,15
50608998761176,14:03:28.998,65.2000,16
50681172346517,14:04:41.172,65.2000,1
50681172346517,14:04:41.172,65.2000,10
50681173672684,14:04:41.173,65.2200,10
50693383137200,14:04:53.383,65.2500,100
50693384700139,14:04:53.384,65.2700,25
50953714161621,14:09:13.714,65.3300,100
50968702304661,14:09:28.702,65.3100,20
50968702304661,14:09:28.702,65.3100,1
50968702304661,14:09:28.702,65.3100,79
50968702346479,14:09:28.702,65.3100,21
50968702870700,14:09:28.702,65.3000,2
50991264125210,14:09:51.264,65.3100,10
51065062123512,14:11:05.062,65.3400,100
51065093049859,14:11:05.093,65.3500,100
51084092519504,14:11:24.092,65.3600,100
51094535172474,14:11:34.535,65.3500,1
51094539179394,14:11:34.539,65.3400,1
51185690013685,14:13:05.690,65.3400,100
51185805842006,14:13:05.805,65.3300,1
51370911748290,14:16:10.911,65.3700,100
51439635796366,14:17:19.635,65.3900,100
51439901620520,14:17:19.901,65.3700,1
51439901620520,14:17:19.901,65.3700,99
51439901646284,14:17:19.901,65.3700,1
51474390089184,14:17:54.390,65.4000,100
51474804000499,14:17:54.804,65.3700,98
51536798250759,14:18:56.798,65.4100,200
51615792394627,14:20:15.792,65.4100,100
51615801914922,14:20:15.801,65.4100,100
51615804977180,14:20:15.804,65.3900,2
51615804977180,14:20:15.804,65.3800,1
51625940512172,14:20:25.940,65.3700,10
51660194203243,14:21:00.194,65.3600,100
51876524907500,14:24:36.524,65.4300,10
51878324979452,14:24:38.324,65.4200,2
51998085721251,14:26:38.085,65.4350,100
51998085721251,14:26:38.085,65.4200,1
51998085721251,14:26:38.085,65.4200,99
51998085961286,14:26:38.085,65.4200,1
51998085961286,14:26:38.085,65.4200,1
51998085961286,14:26:38.085,65.4200,100
52060579172771,14:27:40.579,65.4000,1
52136142436150,14:28:56.142,65.3300,1
52213629318749,14:30:13.629,65.3500,100
52260941629981,14:31:00.941,65.3700,3
52284283133440,14:31:24.283,65.3700,85
52284283157751,14:31:24.283,65.3700,12
52324271063040,14:32:04.271,65.3800,4
52413691105843,14:33:33.691,65.4200,2
52413935712434,14:33:33.935,65.4000,100
52413935712434,14:33:33.935,65.4000,1
52413936478202,14:33:33.936,65.3900,2
52429345870168,14:33:49.345,65.4000,6
52689459415916,14:38:09.459,65.4700,1
52728691270271,14:38:48.691,65.4900,100
52728691270271,14:38:48.691,65.4900,100
52728691270271,14:38:48.691,65.4900,100
52741376142521,14:39:01.376,65.5000,1
52745698759642,14:39:05.698,65.5000,12
52745698759642,14:39:05.698,65.5000,39
52745698759642,14:39:05.698,65.5000,100
52762310530732,14:39:22.310,65.4800,2
52762311458477,14:39:22.311,65.4700,100
52762311740046,14:39:22.311,65.4700,8
52762314291182,14:39:22.314,65.4600,2
52762568865753,14:39:22.568,65.4450,100
52800033282819,14:40:00.033,65.4400,10
52992613784289,14:43:12.613,65.4700,3
52992613784289,14:43:12.613,65.4700,97
52992616933238,14:43:12.616,65.4800,93
52992616958075,14:43:12.616,65.4800,7
52992660519570,14:43:12.660,65.4700,3
52992660519570,14:43:12.660,65.4700,100
53016475393252,14:43:36.475,65.4800,100
53114683656815,14:45:14.683,65.4800,100
53114685571788,14:45:14.685,65.4700,1
53205159144508,14:46:45.159,65.4700,100
53244211706902,14:47:24.211,65.5100,10
53248761102081,14:47:28.761,65.5000,100
53248761529485,14:47:28.761,65.5000,2
53364729059087,14:49:24.729,65.5100,100
53543217203127,14:52:23.217,65.4500,1
53543217544832,14:52:23.217,65.4400,1
53543217544832,14:52:23.217,65.4400,21
53552554904578,14:52:32.554,65.4400,79
53552562942904,14:52:32.562,65.4300,7
53588928998223,14:53:08.928,65.4600,100
53588928998223,14:53:08.928,65.4600,100
53646211207494,14:54:06.211,65.4550,100
53667306589821,14:54:27.306,65.4600,10
53669936879508,14:54:29.936,65.4400,1
53680296109139,14:54:40.296,65.4400,20
53689269646101,14:54:49.269,65.4200,1
53765287028674,14:56:05.287,65.4600,4
53768309767312,14:56:08.309,65.4300,78
53768310405990,14:56:08.310,65.4300,22
53768310405990,14:56:08.310,65.4300,20
53883075635668,14:58:03.075,65.4400,1
53883075635668,14:58:03.075,65.4400,100
53937985797995,14:58:57.985,65.4700,100
53975880057967,14:59:35.880,65.4900,100
54002482791705,15:00:02.482,65.4900,1
54012044762418,15:00:12.044,65.4800,1
54012044762418,15:00:12.044,65.4800,51
54012044788257,15:00:12.044,65.4800,49
54074499754044,15:01:14.499,65.4800,1
54074501987349,15:01:14.501,65.4700,100
54074504532070,15:01:14.504,65.4700,30
54189033806835,15:03:09.033,65.4700,1
54200896393177,15:03:20.896,65.4600,1
54203148986630,15:03:23.148,65.4600,1
54207196458328,15:03:27.196,65.4400,20
54207197550020,15:03:27.197,65.4200,10
54238218122606,15:03:58.218,65.3900,100
54326340162761,15:05:26.340,65.3700,100
54344997136855,15:05:44.997,65.4000,100
54367257850487,15:06:07.257,65.4000,100
54367258421853,15:06:07.258,65.3900,100
54410397781054,15:06:50.397,65.4000,100
54415558095765,15:06:55.558,65.3900,100
54425038624058,15:07:05.038,65.3800,8
54481162129623,15:08:01.162,65.3900,100
54550793412589,15:09:10.793,65.3700,1
54567095634382,15:09:27.095,65.3700,10
54570333840530,15:09:30.333,65.3600,1
54570333840530,15:09:30.333,65.3600,100
54658106143039,15:10:58.106,65.3400,30
54658106550844,15:10:58.106,65.3400,20
54761751083500,15:12:41.751,65.3600,100
54937613001158,15:15:37.613,65.3700,2
54937613001158,15:15:37.613,65.3700,10
54937613036228,15:15:37.613,65.3700,4
54937618018327,15:15:37.618,65.3700,86
54999201786688,15:16:39.201,65.4000,100
54999201837322,15:16:39.201,65.3900,18
55026891456716,15:17:06.891,65.4000,25
55100139299538,15:18:20.139,65.3900,100
55122138080525,15:18:42.138,65.3800,2
55204867591827,15:20:04.867,65.4000,75
55273386402332,15:21:13.386,65.3800,1
55273386638907,15:21:13.386,65.3800,100
55341378956261,15:22:21.378,65.3800,1
55442904346271,15:24:02.904,65.3900,100
55464768992298,15:24:24.768,65.4100,5
55464870753492,15:24:24.870,65.4100,95
55465416770952,15:24:25.416,65.4100,100
55465422811356,15:24:25.422,65.4100,2
55470667926960,15:24:30.667,65.4000,10
55470667926960,15:24:30.667,65.4000,1
55528597988300,15:25:28.597,65.3900,1
55552494465469,15:25:52.494,65.3800,10
55601065447748,15:26:41.065,65.4100,100
55605026768183,15:26:45.026,65.4100,100
55633714749907,15:27:13.714,65.4150,100
55743058482389,15:29:03.058,65.4200,10
55743058482389,15:29:03.058,65.4200,2
55743070491671,15:29:03.070,65.4150,100
55743070782691,15:29:03.070,65.4100,73
55755669733028,15:29:15.669,65.4200,10
55762025473786,15:29:22.025,65.4100,1
55812701127495,15:30:12.701,65.3800,7
55812701127495,15:30:12.701,65.3800,1
55812762563756,15:30:12.762,65.3800,1
55816959317064,15:30:16.959,65.3800,49
55816959317064,15:30:16.959,65.3800,51
55816959343305,15:30:16.959,65.3800,49
55848354015063,15:30:48.354,65.4100,89
55872418143187,15:31:12.418,65.4200,100
55929499193825,15:32:09.499,65.4000,1
55973868939795,15:32:53.868,65.4000,100
56022626113092,15:33:42.626,65.4000,10
56069761212299,15:34:29.761,65.3900,1
56074889885658,15:34:34.889,65.4100,60
56093528021208,15:34:53.528,65.3900,100
56093528021208,15:34:53.528,65.3900,100
56134891581617,15:35:34.891,65.4200,2
56134897700388,15:35:34.897,65.4200,98
56166414454596,15:36:06.414,65.4100,98
56166414505437,15:36:06.414,65.4100,2
56170276839454,15:36:10.276,65.3900,1
56196900344742,15:36:36.900,65.3800,1
56230363734320,15:37:10.363,65.3900,95
56230363775587,15:37:10.363,65.3900,5
56246041527989,15:37:26.041,65.4000,100
56322361162014,15:38:42.361,65.4100,100
56325266913283,15:38:45.266,65.4100,1
56326045526126,15:38:46.045,65.4100,1
56341171946181,15:39:01.171,65.4100,100
56364042895267,15:39:24.042,65.4200,100
56364042895267,15:39:24.042,65.4200,59
56372996850426,15:39:32.996,65.4400,1
56372996850426,15:39:32.996,65.4400,18
56373008689273,15:39:33.008,65.4400,49
56373009054205,15:39:33.009,65.4400,33
56428587208459,15:40:28.587,65.4550,100
56433883841992,15:40:33.883,65.4400,1
56480496295483,15:41:20.496,65.4400,1
56498864419516,15:41:38.864,65.4400,2
56499034605072,15:41:39.034,65.4300,81
56499034605072,15:41:39.034,65.4300,2
56520059133380,15:42:00.059,65.4100,1
56563567187935,15:42:43.567,65.4200,10
56580447891491,15:43:00.447,65.4200,100
56594903605043,15:43:14.903,65.4200,1
56619776058779,15:43:39.776,65.4150,100
56624051420627,15:43:44.051,65.4200,50
56639827526449,15:43:59.827,65.4100,100
56639831123287,15:43:59.831,65.4100,100
56639835094072,15:43:59.835,65.4100,2
56647068778524,15:44:07.068,65.4000,1
56669914872948,15:44:29.914,65.3900,1
56753629587068,15:45:53.629,65.4000,30
56753629587068,15:45:53.629,65.4000,100
56753629587068,15:45:53.629,65.4000,100
56769900588530,15:46:09.900,65.4000,100
56769900588530,15:46:09.900,65.4000,100
56781423604661,15:46:21.423,65.3900,1
56819431519038,15:46:59.431,65.3900,4
56819431612217,15:46:59.431,65.3900,96
56895629901065,15:48:15.629,65.3800,1
56895629901065,15:48:15.629,65.3800,10
56903092911315,15:48:23.092,65.3700,1
56906080152015,15:48:26.080,65.3700,1
56952379167586,15:49:12.379,65.3700,30
56952379167586,15:49:12.379,65.3700,100
56952379167586,15:49:12.379,65.3700,100
56952379167586,15:49:12.379,65.3700,20
56952379167586,15:49:12.379,65.3700,100
56952380268771,15:49:12.380,65.3800,100
56993351674613,15:49:53.351,65.3900,51
56995656617026,15:49:55.656,65.4000,100
57013327155175,15:50:13.327,65.3900,50
57090689964162,15:51:30.689,65.4100,2
57090691344994,15:51:30.691,65.4100,45
57093701721148,15:51:33.701,65.4100,53
57104884315697,15:51:44.884,65.4200,100
57104887316064,15:51:44.887,65.4100,13
57104895820374,15:51:44.895,65.4100,100
57106621903063,15:51:46.621,65.4100,20
57142191979043,15:52:22.191,65.4100,100
57151834994965,15:52:31.834,65.4000,1
57151834994965,15:52:31.834,65.4000,99
57151835226313,15:52:31.835,65.4000,1
57179651733395,15:52:59.651,65.3900,1
57179651733395,15:52:59.651,65.3900,99
57179652038931,15:52:59.652,65.3900,1
57194138185557,15:53:14.138,65.3900,100
57194138246684,15:53:14.138,65.3900,90
57194138410901,15:53:14.138,65.3900,10
57194138410901,15:53:14.138,65.3900,92
57194138419899,15:53:14.138,65.3900,8
57259640070469,15:54:19.640,65.3900,1
57259640070469,15:54:19.640,65.3900,99
57259641575035,15:54:19.641,65.3900,1
57300285979540,15:55:00.285,65.3900,100
57300286016829,15:55:00.286,65.3900,50
57300934057176,15:55:00.934,65.4000,300
57310162802900,15:55:10.162,65.4100,6
57318440082050,15:55:18.440,65.4000,1
57318440082050,15:55:18.440,65.4000,99
57337635169858,15:55:37.635,65.4000,10
57360343333205,15:56:00.343,65.3900,1
57370123267143,15:56:10.123,65.3900,7
57370123267143,15:56:10.123,65.3900,100
57370363338616,15:56:10.363,65.3800,100
57378600045493,15:56:18.600,65.3700,2
57400598907281,15:56:40.598,65.3600,1
57418047364757,15:56:58.047,65.3500,1
57428633658988,15:57:08.633,65.3500,50
57433557682086,15:57:13.557,65.3500,1
57451155354069,15:57:31.155,65.3200,1
57451155354069,15:57:31.155,65.3200,99
57451800783709,15:57:31.800,65.3200,1
57451800783709,15:57:31.800,65.3200,99
57451872955050,15:57:31.872,65.3200,1
57456677537805,15:57:36.677,65.3700,100
57470248530615,15:57:50.248,65.3500,1
57485407466773,15:58:05.407,65.3300,10
57488102458128,15:58:08.102,65.3700,2
57514980643154,15:58:34.980,65.3800,100
57514980643154,15:58:34.980,65.3800,100
57514991272851,15:58:34.991,65.3900,100
57545388748554,15:59:05.388,65.4100,1
57576160519137,15:59:36.160,65.4200,78
57576160832701,15:59:36.160,65.4200,22
57600565722933,16:00:00.565,0.0000,0
