timestamp,time,price,volume
34200613244296,09:30:00.613,0.0000,0
34232719842645,09:30:32.719,45.7200,100
34242739700740,09:30:42.739,45.7500,31
34242777478452,09:30:42.777,45.7500,100
34267327037883,09:31:07.327,45.7300,100
34267327037883,09:31:07.327,45.7300,300
34268866664301,09:31:08.866,45.7300,100
34268866664301,09:31:08.866,45.7300,100
34284145785128,09:31:24.145,45.7300,1
34288244129174,09:31:28.244,45.7300,100
34309709480118,09:31:49.709,45.7300,300
34319456681957,09:31:59.456,45.7200,300
34319456681957,09:31:59.456,45.7200,400
34319456681957,09:31:59.456,45.7200,100
34319456681957,09:31:59.456,45.7200,100
34319456681957,09:31:59.456,45.7200,100
34319456681957,09:31:59.456,45.7200,100
34321386963478,09:32:01.386,45.7100,100
34321387040305,09:32:01.387,45.7100,100
34325292218512,09:32:05.292,45.7100,100
34354319334056,09:32:34.319,45.7100,11
34354319334056,09:32:34.319,45.7100,89
34354319399406,09:32:34.319,45.7100,11
34359851925421,09:32:39.851,45.7100,200
34359851925421,09:32:39.851,45.7100,100
34359851925421,09:32:39.851,45.7100,100
34359851925421,09:32:39.851,45.7100,200
34381955044000,09:33:01.955,45.7200,100
34381955044000,09:33:01.955,45.7200,100
34381955123890,09:33:01.955,45.7200,16
34394131735332,09:33:14.131,45.7200,100
34394131735332,09:33:14.131,45.7200,100
34394131735332,09:33:14.131,45.7200,4
34394134257588,09:33:14.134,45.7100,100
34394134257588,09:33:14.134,45.7100,30
34394134257588,09:33:14.134,45.7100,100
34394135477921,09:33:14.135,45.7000,500
34394135477921,09:33:14.135,45.7000,2000
34394135477921,09:33:14.135,45.7000,100
34394142172527,09:33:14.142,45.7000,100
34394144232574,09:33:14.144,45.7000,200
34394144232574,09:33:14.144,45.7000,100
34394144232574,09:33:14.144,45.7000,100
34394144232574,09:33:14.144,45.7000,100
34394148269491,09:33:14.148,45.7000,400
34450870127350,09:34:10.870,45.7100,100
34450870127350,09:34:10.870,45.7100,100
34450870127350,09:34:10.870,45.7100,100
34450870127350,09:34:10.870,45.7100,100
34450870127350,09:34:10.870,45.7100,100
34450870537540,09:34:10.870,45.7100,100
34533554277600,09:35:33.554,45.7100,100
34533554277600,09:35:33.554,45.7100,100
34555027351927,09:35:55.027,45.7100,100
34555027351927,09:35:55.027,45.7100,100
34555027351927,09:35:55.027,45.7100,100
34672262534303,09:37:52.262,45.7100,79
34672262916356,09:37:52.262,45.7100,21
34672262916356,09:37:52.262,45.7100,100
34672262916356,09:37:52.262,45.7100,97
34672266103760,09:37:52.266,45.7100,3
34672266103760,09:37:52.266,45.7100,100
34673506242953,09:37:53.506,45.7000,100
34673506500210,09:37:53.506,45.7000,300
34673506500210,09:37:53.506,45.7000,100
34673506500210,09:37:53.506,45.7000,300
34675026231249,09:37:55.026,45.7000,100
34675026231249,09:37:55.026,45.7000,100
34732481207277,09:38:52.481,45.7000,100
34732481207277,09:38:52.481,45.7000,100
34767473666817,09:39:27.473,45.7000,100
34767473666817,09:39:27.473,45.7000,100
34767473666817,09:39:27.473,45.7000,100
34775025054109,09:39:35.025,45.7000,100
34848224847855,09:40:48.224,45.6900,100
34848224847855,09:40:48.224,45.6900,100
34848224847855,09:40:48.224,45.6900,100
34848224847855,09:40:48.224,45.6900,100
34848225372490,09:40:48.225,45.6900,32
34848225558850,09:40:48.225,45.6900,68
34848225558850,09:40:48.225,45.6900,100
34848225558850,09:40:48.225,45.6900,32
34848225734274,09:40:48.225,45.6900,100
34848225734274,09:40:48.225,45.6900,100
34848225764872,09:40:48.225,45.6900,16
34848225764872,09:40:48.225,45.6900,100
34848225764872,09:40:48.225,45.6900,152
34856069571451,09:40:56.069,45.6800,100
34856069571451,09:40:56.069,45.6800,100
34867504938570,09:41:07.504,45.6700,100
34867504938570,09:41:07.504,45.6700,100
34867506249829,09:41:07.506,45.6700,97
34867512719105,09:41:07.512,45.6700,3
34867512719105,09:41:07.512,45.6700,100
34867512719105,09:41:07.512,45.6700,100
34867512719105,09:41:07.512,45.6700,100
34867512719105,09:41:07.512,45.6700,297
34867512809560,09:41:07.512,45.6700,57
34867512844251,09:41:07.512,45.6700,100
34867512844251,09:41:07.512,45.6700,100
34867512847988,09:41:07.512,45.6700,100
34867512847988,09:41:07.512,45.6700,100
34867512867562,09:41:07.512,45.6700,100
34867512867562,09:41:07.512,45.6700,70
34867512867562,09:41:07.512,45.6700,200
34867512867562,09:41:07.512,45.6700,100
34867512867562,09:41:07.512,45.6700,100
34867512874369,09:41:07.512,45.6700,100
34867512874369,09:41:07.512,45.6700,100
34868129309334,09:41:08.129,45.6700,100
34868129480023,09:41:08.129,45.6700,100
34868129480023,09:41:08.129,45.6700,100
34868129508561,09:41:08.129,45.6700,100
34868129508561,09:41:08.129,45.6700,200
34868129508561,09:41:08.129,45.6700,100
34868129508561,09:41:08.129,45.6700,100
34868129508561,09:41:08.129,45.6700,100
34868129736382,09:41:08.129,45.6700,100
34868129790329,09:41:08.129,45.6700,100
34868129808444,09:41:08.129,45.6700,19
34886786918169,09:41:26.786,45.6700,300
34890026029844,09:41:30.026,45.6700,100
34905854845244,09:41:45.854,45.6700,100
35041647724129,09:44:01.647,45.6800,100
35041647724129,09:44:01.647,45.6800,100
35041647724129,09:44:01.647,45.6800,100
35041647724129,09:44:01.647,45.6800,100
35041647724129,09:44:01.647,45.6800,1
35043645089323,09:44:03.645,45.6900,100
35044704705737,09:44:04.704,45.6900,100
35044704705737,09:44:04.704,45.6900,1
35054786180775,09:44:14.786,45.7000,100
35054786180775,09:44:14.786,45.7000,100
35054786180775,09:44:14.786,45.7000,200
35072216688983,09:44:32.216,45.7000,100
35072216688983,09:44:32.216,45.7000,100
35102593410223,09:45:02.593,45.7000,100
35102593410223,09:45:02.593,45.7000,214
35102593410223,09:45:02.593,45.7000,100
35102593410223,09:45:02.593,45.7000,100
35102593410223,09:45:02.593,45.7000,1
35159729677973,09:45:59.729,45.7000,100
35159729677973,09:45:59.729,45.7000,100
35159729677973,09:45:59.729,45.7000,100
35159729744278,09:45:59.729,45.7000,200
35159729769669,09:45:59.729,45.7000,100
35161023262075,09:46:01.023,45.7000,100
35161023262075,09:46:01.023,45.7000,100
35295023412590,09:48:15.023,45.7000,7
35295023433528,09:48:15.023,45.7000,93
35295023433528,09:48:15.023,45.7000,100
35295023433528,09:48:15.023,45.7000,200
35295023433528,09:48:15.023,45.7000,100
35295023433528,09:48:15.023,45.7000,100
35295023951386,09:48:15.023,45.7000,100
35295023951386,09:48:15.023,45.7000,200
35295023951386,09:48:15.023,45.7000,100
35295024004845,09:48:15.024,45.7000,100
35303486843440,09:48:23.486,45.7000,100
35303486843440,09:48:23.486,45.7000,100
35303486883768,09:48:23.486,45.7000,200
35303486893045,09:48:23.486,45.7000,100
35303486907226,09:48:23.486,45.7000,100
35305024206395,09:48:25.024,45.7000,100
35305024206395,09:48:25.024,45.7000,100
35305024206395,09:48:25.024,45.7000,100
35305103720280,09:48:25.103,45.7000,200
35305103773603,09:48:25.103,45.7000,100
35305103773603,09:48:25.103,45.7000,100
35305103773603,09:48:25.103,45.7000,100
35305103773603,09:48:25.103,45.7000,100
35305103902432,09:48:25.103,45.7000,100
35335095902610,09:48:55.095,45.7100,100
35335095902610,09:48:55.095,45.7100,100
35335095902610,09:48:55.095,45.7100,1
35335095902610,09:48:55.095,45.7100,100
35335095902610,09:48:55.095,45.7100,100
35335095902610,09:48:55.095,45.7100,100
35348036555880,09:49:08.036,45.7200,100
35348036555880,09:49:08.036,45.7200,100
35348036555880,09:49:08.036,45.7200,200
35348036555880,09:49:08.036,45.7200,1
35348629514730,09:49:08.629,45.7200,200
35348629514730,09:49:08.629,45.7200,100
35348629514730,09:49:08.629,45.7200,100
35350024822760,09:49:10.024,45.7100,100
35350024822760,09:49:10.024,45.7100,100
35350024822760,09:49:10.024,45.7100,100
35401530415833,09:50:01.530,45.7000,100
35401530415833,09:50:01.530,45.7000,100
35401530415833,09:50:01.530,45.7000,100
35401894699991,09:50:01.894,45.7000,100
35401894699991,09:50:01.894,45.7000,100
35401894699991,09:50:01.894,45.7000,100
35401894699991,09:50:01.894,45.7000,100
35401894699991,09:50:01.894,45.7000,100
35404388049396,09:50:04.388,45.7000,1
35404388049396,09:50:04.388,45.7000,100
35410023844818,09:50:10.023,45.6900,100
35410023844818,09:50:10.023,45.6900,100
35410023844818,09:50:10.023,45.6900,100
35410023893852,09:50:10.023,45.6900,100
35410023893852,09:50:10.023,45.6900,100
35410023917966,09:50:10.023,45.6900,100
35552879794914,09:52:32.879,45.6900,100
35552879846366,09:52:32.879,45.6900,47
35552879846366,09:52:32.879,45.6900,100
35552879846366,09:52:32.879,45.6900,100
35552879846366,09:52:32.879,45.6900,1
35559094407492,09:52:39.094,45.7000,100
35721260645462,09:55:21.260,45.7000,100
35721260645462,09:55:21.260,45.7000,1
35721260645462,09:55:21.260,45.7000,199
35721261268026,09:55:21.261,45.7000,158
35752386854579,09:55:52.386,45.7050,200
35853327806234,09:57:33.327,45.7100,100
35853327806234,09:57:33.327,45.7100,100
35853327806234,09:57:33.327,45.7100,2
35855204982764,09:57:35.204,45.7200,100
35855204982764,09:57:35.204,45.7200,100
35855204982764,09:57:35.204,45.7200,24
35855205018894,09:57:35.205,45.7200,276
35855205018894,09:57:35.205,45.7200,1
35855205048786,09:57:35.205,45.7200,100
36005019708721,10:00:05.019,45.7250,200
36472571543965,10:07:52.571,45.7300,34
36491042373172,10:08:11.042,45.7300,66
36491042373172,10:08:11.042,45.7300,1
36491042373172,10:08:11.042,45.7300,3
36491042373172,10:08:11.042,45.7300,30
36491043230955,10:08:11.043,45.7300,70
36491043230955,10:08:11.043,45.7300,18
36493643521098,10:08:13.643,45.7400,300
36493643521098,10:08:13.643,45.7400,400
36493955359488,10:08:13.955,45.7500,100
36493955359488,10:08:13.955,45.7500,100
36500338105701,10:08:20.338,45.7500,400
36500338105701,10:08:20.338,45.7500,100
36500338649316,10:08:20.338,45.7600,100
36500338649316,10:08:20.338,45.7600,100
36510686883986,10:08:30.686,45.7600,100
36510686883986,10:08:30.686,45.7600,100
36511164677306,10:08:31.164,45.7600,81
36511937585312,10:08:31.937,45.7600,19
36512539318479,10:08:32.539,45.7500,100
36512539318479,10:08:32.539,45.7500,100
36512539318479,10:08:32.539,45.7500,700
36516351617437,10:08:36.351,45.7500,700
36516351855867,10:08:36.351,45.7500,700
36516351996590,10:08:36.351,45.7500,13
36516352017926,10:08:36.352,45.7500,1087
36516391109177,10:08:36.391,45.7500,100
36516391109177,10:08:36.391,45.7500,400
36516391109177,10:08:36.391,45.7500,100
36579391606342,10:09:39.391,45.7600,100
36579391606342,10:09:39.391,45.7600,100
36579391606342,10:09:39.391,45.7600,200
36585024883454,10:09:45.024,45.7700,44
36630342060702,10:10:30.342,45.7700,56
36630342060702,10:10:30.342,45.7700,18
36630342060702,10:10:30.342,45.7700,1
36647299919219,10:10:47.299,45.7800,100
36647299919219,10:10:47.299,45.7800,100
36647317116035,10:10:47.317,45.7900,100
36647317116035,10:10:47.317,45.7900,36
36647317636630,10:10:47.317,45.7900,100
36647320629495,10:10:47.320,45.8000,100
36647347870513,10:10:47.347,45.8000,100
36647349410121,10:10:47.349,45.8000,100
36647349410121,10:10:47.349,45.7950,600
36656720574936,10:10:56.720,45.8000,100
36657829645833,10:10:57.829,45.8000,13
36657829665672,10:10:57.829,45.8000,87
36657829665672,10:10:57.829,45.8000,200
36657829665672,10:10:57.829,45.8000,100
36664469909975,10:11:04.469,45.8000,100
36761605343731,10:12:41.605,45.8000,100
36761605343731,10:12:41.605,45.8000,100
36761605901232,10:12:41.605,45.8000,1
36761605901232,10:12:41.605,45.8000,18
36768797556041,10:12:48.797,45.8100,100
36908193097733,10:15:08.193,45.8150,200
36908193194793,10:15:08.193,45.8150,100
36908193194793,10:15:08.193,45.8100,100
37099745128738,10:18:19.745,45.8100,100
37099745128738,10:18:19.745,45.8100,100
37099745791432,10:18:19.745,45.8100,100
37099745791432,10:18:19.745,45.8100,100
37099747159479,10:18:19.747,45.8100,100
37099747217340,10:18:19.747,45.8100,100
37220025013104,10:20:20.025,45.8000,100
37267360773675,10:21:07.360,45.8100,100
37267360773675,10:21:07.360,45.8100,100
37267360773675,10:21:07.360,45.8100,3
37267360773675,10:21:07.360,45.8100,100
37267360773675,10:21:07.360,45.8100,100
37267360773675,10:21:07.360,45.8100,18
37267360773675,10:21:07.360,45.8100,100
37267360841891,10:21:07.360,45.8100,100
37267361904891,10:21:07.361,45.8100,200
37267361904891,10:21:07.361,45.8100,100
37305538254853,10:21:45.538,45.8200,100
37305538254853,10:21:45.538,45.8200,100
37306464394263,10:21:46.464,45.8300,100
37306464394263,10:21:46.464,45.8300,500
37306465206774,10:21:46.465,45.8400,100
37306465206774,10:21:46.465,45.8400,400
37306900088342,10:21:46.900,45.8500,500
37306900088342,10:21:46.900,45.8500,100
37336972028273,10:22:16.972,45.8500,100
37336972053991,10:22:16.972,45.8500,200
37336972053991,10:22:16.972,45.8500,100
37339261999891,10:22:19.261,45.8500,100
37339261999891,10:22:19.261,45.8500,100
37359975702191,10:22:39.975,45.8500,100
37359975702191,10:22:39.975,45.8500,100
37373870539463,10:22:53.870,45.8400,4
37389083474831,10:23:09.083,45.8500,100
37389083474831,10:23:09.083,45.8500,100
37389083474831,10:23:09.083,45.8500,100
37389083474831,10:23:09.083,45.8500,400
37389083474831,10:23:09.083,45.8500,100
37409546613659,10:23:29.546,45.8400,96
37409546613659,10:23:29.546,45.8400,100
37561547935803,10:26:01.547,45.8300,1
37563697204146,10:26:03.697,45.8300,1
37593755513097,10:26:33.755,45.8300,98
37593755513097,10:26:33.755,45.8300,2
37593755590150,10:26:33.755,45.8300,98
37666783948656,10:27:46.783,45.8300,100
37666783948656,10:27:46.783,45.8300,100
37666783948656,10:27:46.783,45.8300,3
37676049466892,10:27:56.049,45.8300,100
37676049466892,10:27:56.049,45.8300,100
37735403167896,10:28:55.403,45.8300,100
37735410671712,10:28:55.410,45.8300,100
37735410671712,10:28:55.410,45.8300,100
37737077943926,10:28:57.077,45.8300,100
37737077943926,10:28:57.077,45.8300,1
37737077943926,10:28:57.077,45.8300,19
37896478210348,10:31:36.478,45.8300,100
37896478304754,10:31:36.478,45.8300,100
37896478304754,10:31:36.478,45.8300,76
37896478745714,10:31:36.478,45.8300,10
37896478791660,10:31:36.478,45.8300,13
37932811672164,10:32:12.811,45.8300,100
38188642796831,10:36:28.642,45.8200,100
38188642796831,10:36:28.642,45.8200,100
38266660373444,10:37:46.660,45.8100,100
38325059213775,10:38:45.059,45.8200,100
38325059213775,10:38:45.059,45.8200,100
38325059213775,10:38:45.059,45.8200,6
38325059213775,10:38:45.059,45.8200,4
38325059213775,10:38:45.059,45.8200,100
38325059213775,10:38:45.059,45.8200,20
38347420727734,10:39:07.420,45.8300,100
38347420727734,10:39:07.420,45.8300,1
38365710654383,10:39:25.710,45.8300,100
38365710654383,10:39:25.710,45.8300,100
38455024908391,10:40:55.024,45.8200,100
38455024908391,10:40:55.024,45.8200,100
38825915197182,10:47:05.915,45.8100,100
38825915222503,10:47:05.915,45.8100,46
38825915677384,10:47:05.915,45.8100,37
38825915747008,10:47:05.915,45.8100,17
38830025120475,10:47:10.025,45.8000,14
38854723932326,10:47:34.723,45.8000,86
38854723932326,10:47:34.723,45.8000,100
38854723932326,10:47:34.723,45.8000,14
38854724391255,10:47:34.724,45.8000,2
38869298589363,10:47:49.298,45.8050,50
38875360809336,10:47:55.360,45.8050,50
38896706220624,10:48:16.706,45.8100,100
38896713391877,10:48:16.713,45.8100,100
39240320576923,10:54:00.320,45.8050,100
39240320576923,10:54:00.320,45.8000,100
39240320576923,10:54:00.320,45.8000,71
39240320576923,10:54:00.320,45.8000,29
39240325006450,10:54:00.325,45.8050,16
39240338838135,10:54:00.338,45.8000,100
39300972284779,10:55:00.972,45.8000,100
39300972284779,10:55:00.972,45.8000,100
39300972284779,10:55:00.972,45.8000,19
39311744372840,10:55:11.744,45.8000,100
39311744372840,10:55:11.744,45.8000,100
39325025406468,10:55:25.025,45.8000,200
39371896127127,10:56:11.896,45.8100,100
39371896127127,10:56:11.896,45.8100,100
39371896127127,10:56:11.896,45.8100,100
39371896127127,10:56:11.896,45.8100,16
39371896236549,10:56:11.896,45.8100,3
39663473195363,11:01:03.473,45.8200,100
39663473571019,11:01:03.473,45.8200,100
39663473571019,11:01:03.473,45.8200,14
39666304250999,11:01:06.304,45.8300,100
39666304250999,11:01:06.304,45.8300,100
39666304250999,11:01:06.304,45.8300,20
39671054711359,11:01:11.054,45.8300,7
39824760386268,11:03:44.760,45.8300,100
39827011223640,11:03:47.011,45.8350,50
39955028478030,11:05:55.028,45.8400,100
39955028478030,11:05:55.028,45.8400,100
39955028478030,11:05:55.028,45.8400,100
39955028478030,11:05:55.028,45.8400,15
39960789133400,11:06:00.789,45.8400,200
39963789618753,11:06:03.789,45.8400,100
39963789618753,11:06:03.789,45.8400,100
39974788687133,11:06:14.788,45.8300,100
39974788687133,11:06:14.788,45.8300,57
39977788320405,11:06:17.788,45.8300,43
39977788320405,11:06:17.788,45.8300,57
39977788886752,11:06:17.788,45.8300,5
39977788908008,11:06:17.788,45.8300,138
40023130412468,11:07:03.130,45.8300,100
40023130412468,11:07:03.130,45.8300,100
40023130412468,11:07:03.130,45.8300,16
40025025024218,11:07:05.025,45.8400,100
40025025024218,11:07:05.025,45.8400,100
40258273565503,11:10:58.273,45.8300,100
40264009108174,11:11:04.009,45.8350,50
40266661539597,11:11:06.661,45.8300,100
40326741152544,11:12:06.741,45.8300,100
40350945654458,11:12:30.945,45.8350,50
40416884746880,11:13:36.884,45.8300,100
40416884774557,11:13:36.884,45.8300,100
40601254233321,11:16:41.254,45.8300,100
40601254233321,11:16:41.254,45.8300,100
40601254233321,11:16:41.254,45.8300,3
40601254233321,11:16:41.254,45.8300,12
40601966055637,11:16:41.966,45.8300,100
40784639411550,11:19:44.639,45.8300,100
40784639411550,11:19:44.639,45.8300,100
40784639411550,11:19:44.639,45.8300,100
40784639411550,11:19:44.639,45.8300,100
40784641005746,11:19:44.641,45.8300,17
40784641005746,11:19:44.641,45.8300,83
40784641056934,11:19:44.641,45.8300,17
40799016024083,11:19:59.016,45.8300,50
41176801228123,11:26:16.801,45.8300,100
41265688763337,11:27:45.688,45.8300,100
41281480794410,11:28:01.480,45.8300,12
41326862443030,11:28:46.862,45.8300,100
41328786480995,11:28:48.786,45.8300,6
41333787155692,11:28:53.787,45.8300,100
41360841092562,11:29:20.841,45.8300,100
42114886211990,11:41:54.886,45.8300,40
42164786759761,11:42:44.786,45.8350,100
42164786759761,11:42:44.786,45.8400,100
42164786759761,11:42:44.786,45.8400,100
42164786759761,11:42:44.786,45.8400,15
42164786789079,11:42:44.786,45.8400,85
42164786789079,11:42:44.786,45.8400,1
42164786789079,11:42:44.786,45.8400,14
42164788357453,11:42:44.788,45.8400,100
42545025758548,11:49:05.025,45.8400,1
42545025758548,11:49:05.025,45.8400,99
42545029448916,11:49:05.029,45.8400,1
42545029448916,11:49:05.029,45.8400,100
42545029448916,11:49:05.029,45.8400,100
42545029649619,11:49:05.029,45.8400,200
42683589419462,11:51:23.589,45.8300,40
43165790370728,11:59:25.790,45.8300,20
43165790370728,11:59:25.790,45.8300,30
43165790403605,11:59:25.790,45.8300,70
43165790403605,11:59:25.790,45.8300,100
43165790403605,11:59:25.790,45.8300,100
43320256824070,12:02:00.256,45.8300,14
43600044661547,12:06:40.044,45.8200,100
43600044830270,12:06:40.044,45.8200,100
43960166373477,12:12:40.166,45.8300,2
43960166400387,12:12:40.166,45.8300,84
43960166400387,12:12:40.166,45.8300,100
43960166400387,12:12:40.166,45.8300,4
43960166400387,12:12:40.166,45.8300,11
44480025226577,12:21:20.025,45.8300,100
44480025226577,12:21:20.025,45.8300,100
44935788122936,12:28:55.788,45.8300,100
45121598071195,12:32:01.598,45.8300,100
45121598071195,12:32:01.598,45.8300,500
45345018753526,12:35:45.018,45.8200,100
45345018781429,12:35:45.018,45.8200,700
45345018781429,12:35:45.018,45.8200,100
45345018781429,12:35:45.018,45.8200,1
45345018804998,12:35:45.018,45.8200,200
45345018828198,12:35:45.018,45.8200,200
45345018831714,12:35:45.018,45.8200,200
45345018833526,12:35:45.018,45.8200,200
45345018876882,12:35:45.018,45.8200,22
45345018975547,12:35:45.018,45.8200,300
45345018975547,12:35:45.018,45.8200,100
45345018975547,12:35:45.018,45.8200,500
45345018975547,12:35:45.018,45.8200,200
45345018975547,12:35:45.018,45.8200,100
45345018975547,12:35:45.018,45.8200,100
45345020342685,12:35:45.020,45.8200,100
45345020342685,12:35:45.020,45.8200,100
45345020342685,12:35:45.020,45.8200,500
45345020342685,12:35:45.020,45.8200,200
45345020342685,12:35:45.020,45.8200,100
45345020361493,12:35:45.020,45.8200,100
45345022470275,12:35:45.022,45.8200,2
45345023643009,12:35:45.023,45.8200,98
45345025929849,12:35:45.025,45.8200,100
45345025929849,12:35:45.025,45.8200,100
45345025929849,12:35:45.025,45.8200,100
45345025929849,12:35:45.025,45.8200,100
45346355243054,12:35:46.355,45.8200,300
45350020107989,12:35:50.020,45.8200,100
45352182086810,12:35:52.182,45.8200,100
45352182347673,12:35:52.182,45.8200,200
45352182347673,12:35:52.182,45.8200,100
45352182347673,12:35:52.182,45.8200,100
45352430370268,12:35:52.430,45.8200,310
45352431074269,12:35:52.431,45.8200,200
45353788543003,12:35:53.788,45.8200,100
45353788647385,12:35:53.788,45.8200,100
45353788732249,12:35:53.788,45.8200,90
45353788732249,12:35:53.788,45.8200,10
45360019191205,12:36:00.019,45.8200,4
45360019191205,12:36:00.019,45.8200,96
45993696273691,12:46:33.696,45.8200,100
46135712169273,12:48:55.712,45.8200,100
46135712169273,12:48:55.712,45.8200,21
46135712169273,12:48:55.712,45.8200,400
46135712169273,12:48:55.712,45.8200,100
46135712169273,12:48:55.712,45.8200,6
46280025199289,12:51:20.025,45.8300,100
46280025199289,12:51:20.025,45.8300,100
46445869228768,12:54:05.869,45.8200,200
46445869228768,12:54:05.869,45.8200,100
46445869396728,12:54:05.869,45.8200,100
46728266195594,12:58:48.266,45.8200,100
46728266224506,12:58:48.266,45.8200,3
46728266224506,12:58:48.266,45.8200,100
46728266224506,12:58:48.266,45.8200,4
46728266224506,12:58:48.266,45.8200,100
46728266224506,12:58:48.266,45.8200,100
46728770488708,12:58:48.770,45.8200,86
46808074405954,13:00:08.074,45.8200,100
46816614695103,13:00:16.614,45.8200,100
46816614825158,13:00:16.614,45.8200,5
47379788787652,13:09:39.788,45.8100,10
47379844535508,13:09:39.844,45.8100,90
47379844535508,13:09:39.844,45.8100,6
47379844624512,13:09:39.844,45.8100,15
47381390040002,13:09:41.390,45.8100,79
47381390040002,13:09:41.390,45.8100,100
47381390040002,13:09:41.390,45.8100,1
47381390040002,13:09:41.390,45.8100,100
47718504758723,13:15:18.504,45.8000,100
47718504758723,13:15:18.504,45.8000,100
47718504758723,13:15:18.504,45.8000,500
47718504758723,13:15:18.504,45.8000,300
47718504758723,13:15:18.504,45.8000,100
47718505263833,13:15:18.505,45.8000,300
47718505263833,13:15:18.505,45.8000,100
47718505263833,13:15:18.505,45.8000,133
47718505263833,13:15:18.505,45.8000,174
47727794489098,13:15:27.794,45.8100,100
47727794489098,13:15:27.794,45.8100,100
47727794489098,13:15:27.794,45.8100,7
47727794489098,13:15:27.794,45.8100,100
47727794489098,13:15:27.794,45.8100,400
47727794489098,13:15:27.794,45.8100,5
47727794489098,13:15:27.794,45.8100,100
47779087506157,13:16:19.087,45.8200,100
47779087506157,13:16:19.087,45.8200,100
47779087506157,13:16:19.087,45.8200,3
47779087506157,13:16:19.087,45.8200,8
49227475475142,13:40:27.475,45.8200,200
49564276122482,13:46:04.276,45.8200,10
49568090406641,13:46:08.090,45.8200,3
49600677158083,13:46:40.677,45.8200,100
49600677273219,13:46:40.677,45.8200,22
49600677273219,13:46:40.677,45.8200,78
49600677298051,13:46:40.677,45.8200,100
49600677298660,13:46:40.677,45.8200,351
49600677355998,13:46:40.677,45.8200,1
49600677676389,13:46:40.677,45.8200,16
49600677763367,13:46:40.677,45.8200,68
49600683087919,13:46:40.683,45.8200,6
49614351349943,13:46:54.351,45.8200,11
49679019275015,13:47:59.019,45.8200,75
49679019275015,13:47:59.019,45.8200,100
49679019275015,13:47:59.019,45.8200,25
49679019411100,13:47:59.019,45.8200,75
49679019411100,13:47:59.019,45.8200,25
49679019448839,13:47:59.019,45.8200,75
49679019448839,13:47:59.019,45.8200,25
49679022672128,13:47:59.022,45.8200,83
49679022672128,13:47:59.022,45.8200,17
49679267093398,13:47:59.267,45.8200,9
49680084990025,13:48:00.084,45.8200,73
49915753449044,13:51:55.753,45.8200,200
50060202515980,13:54:20.202,45.8200,108
50060202544394,13:54:20.202,45.8200,792
50060202544394,13:54:20.202,45.8200,1
50060202544394,13:54:20.202,45.8200,1
50060202544394,13:54:20.202,45.8200,100
50060202544394,13:54:20.202,45.8200,100
50060205591269,13:54:20.205,45.8200,4
50293770527399,13:58:13.770,45.8200,296
50293770527399,13:58:13.770,45.8200,204
50293770602699,13:58:13.770,45.8200,96
50293770602699,13:58:13.770,45.8200,4
50293770616995,13:58:13.770,45.8200,9
50293770616995,13:58:13.770,45.8200,1
50293770616995,13:58:13.770,45.8200,2
50396388226962,13:59:56.388,45.8100,100
50396388226962,13:59:56.388,45.8100,47
50396591207768,13:59:56.591,45.8100,4
50396773596856,13:59:56.773,45.8100,49
50402764360506,14:00:02.764,45.8100,1
50402764385203,14:00:02.764,45.8100,550
50402764385203,14:00:02.764,45.8100,700
50402764385203,14:00:02.764,45.8100,100
50402788622609,14:00:02.788,45.8200,100
50402788622609,14:00:02.788,45.8300,100
50402788622609,14:00:02.788,45.8300,100
50402788622609,14:00:02.788,45.8300,100
50402788622609,14:00:02.788,45.8300,100
50402875303955,14:00:02.875,45.8150,100
50402875303955,14:00:02.875,45.8150,100
50405955782959,14:00:05.955,45.8100,2
50410500939264,14:00:10.500,45.8100,76
50466032017893,14:01:06.032,45.8100,22
50466032017893,14:01:06.032,45.8100,100
50466032017893,14:01:06.032,45.8100,78
50708044672249,14:05:08.044,45.8100,200
50708044699968,14:05:08.044,45.8100,200
50708044699968,14:05:08.044,45.8100,100
50708044699968,14:05:08.044,45.8100,100
50708044699968,14:05:08.044,45.8100,100
50708044699968,14:05:08.044,45.8100,1
50708045037005,14:05:08.045,45.8100,13
50708045052741,14:05:08.045,45.8100,27
50708045061327,14:05:08.045,45.8100,260
50708045061327,14:05:08.045,45.8100,40
50708045383488,14:05:08.045,45.8100,60
50708047592354,14:05:08.047,45.8200,14
50708047617140,14:05:08.047,45.8200,86
50708049332325,14:05:08.049,45.8200,100
50708049403694,14:05:08.049,45.8200,100
50708049627849,14:05:08.049,45.8200,100
50708387489281,14:05:08.387,45.8200,146
50708688660004,14:05:08.688,45.8200,18
50708688660004,14:05:08.688,45.8200,100
50708688660004,14:05:08.688,45.8200,100
50708688660004,14:05:08.688,45.8200,2
50709016647905,14:05:09.016,45.8200,100
50709016647905,14:05:09.016,45.8200,100
50709016647905,14:05:09.016,45.8200,100
50709783576624,14:05:09.783,45.8200,100
50709783576624,14:05:09.783,45.8200,100
50709783576624,14:05:09.783,45.8200,100
50709783576624,14:05:09.783,45.8200,200
50709783576624,14:05:09.783,45.8200,200
50710213653828,14:05:10.213,45.8200,100
50710213653828,14:05:10.213,45.8200,100
50720811163597,14:05:20.811,45.8300,100
50720811163597,14:05:20.811,45.8300,1
50720811163597,14:05:20.811,45.8300,99
50732312173892,14:05:32.312,45.8300,1
50732312173892,14:05:32.312,45.8300,699
50732751893706,14:05:32.751,45.8300,1
50733541718430,14:05:33.541,45.8300,100
50733541718430,14:05:33.541,45.8300,100
50815948154556,14:06:55.948,45.8350,1
50815948154556,14:06:55.948,45.8350,1
50815948154556,14:06:55.948,45.8350,1
50815948154556,14:06:55.948,45.8350,1
50815948154556,14:06:55.948,45.8350,1
50815948154556,14:06:55.948,45.8350,1
50815948154556,14:06:55.948,45.8350,1
50815948154556,14:06:55.948,45.8300,100
50815948154556,14:06:55.948,45.8300,100
50815948154556,14:06:55.948,45.8300,100
50815948154556,14:06:55.948,45.8300,12
50815948154556,14:06:55.948,45.8300,109
50815948154556,14:06:55.948,45.8300,109
50815948154556,14:06:55.948,45.8300,14
50830202560883,14:07:10.202,45.8200,100
50830202560883,14:07:10.202,45.8200,100
50830202560883,14:07:10.202,45.8200,100
50833007380361,14:07:13.007,45.8100,100
50833007380361,14:07:13.007,45.8100,100
50985641750963,14:09:45.641,45.8100,100
50985641750963,14:09:45.641,45.8100,100
50985643051924,14:09:45.643,45.8100,14
50992125740144,14:09:52.125,45.8100,100
50992125740144,14:09:52.125,45.8100,100
50992125740144,14:09:52.125,45.8100,100
50992125740144,14:09:52.125,45.8100,200
50992125740144,14:09:52.125,45.8100,2
50992125740144,14:09:52.125,45.8100,98
50992126170218,14:09:52.126,45.8100,2
50992127019743,14:09:52.127,45.8200,100
50992127019743,14:09:52.127,45.8200,100
50992321560180,14:09:52.321,45.8200,100
50992860717126,14:09:52.860,45.8200,100
50992860717126,14:09:52.860,45.8200,100
51006145393717,14:10:06.145,45.8100,100
51006146181066,14:10:06.146,45.8100,100
51013786634996,14:10:13.786,45.8100,17
51013786634996,14:10:13.786,45.8100,7
51045514297185,14:10:45.514,45.8100,100
51340788061012,14:15:40.788,45.8100,100
51340788061012,14:15:40.788,45.8100,1
51340788061012,14:15:40.788,45.8100,25
51343166231962,14:15:43.166,45.8100,2
51343166231962,14:15:43.166,45.8100,200
51383531188916,14:16:23.531,45.8200,100
51383531188916,14:16:23.531,45.8200,100
51383531188916,14:16:23.531,45.8200,41
51383531718604,14:16:23.531,45.8200,59
51383531718604,14:16:23.531,45.8200,100
51400200985148,14:16:40.200,45.8300,6
51400201031815,14:16:40.201,45.8300,94
51400201031815,14:16:40.201,45.8300,100
51400201031815,14:16:40.201,45.8300,100
51400680281856,14:16:40.680,45.8300,500
51530490901730,14:18:50.490,45.8300,100
51530490901730,14:18:50.490,45.8300,100
51530664752622,14:18:50.664,45.8300,1
51530786334657,14:18:50.786,45.8300,24
51531156819256,14:18:51.156,45.8300,100
51531156819256,14:18:51.156,45.8300,300
51531156819256,14:18:51.156,45.8300,100
51531201635369,14:18:51.201,45.8300,200
51531202454767,14:18:51.202,45.8300,100
51531321412846,14:18:51.321,45.8400,100
51531321412846,14:18:51.321,45.8400,100
51531321412846,14:18:51.321,45.8400,100
51531321412846,14:18:51.321,45.8400,100
51531321412846,14:18:51.321,45.8400,100
51531321412846,14:18:51.321,45.8400,100
51531779919983,14:18:51.779,45.8400,26
51536206728558,14:18:56.206,45.8400,74
51536206728558,14:18:56.206,45.8400,100
51536561420033,14:18:56.561,45.8400,100
51539370820224,14:18:59.370,45.8400,77
51539370820224,14:18:59.370,45.8400,100
51539370820224,14:18:59.370,45.8400,100
51539370820224,14:18:59.370,45.8400,23
51595026354184,14:19:55.026,45.8400,77
51660199087185,14:21:00.199,45.8400,9
51660199311854,14:21:00.199,45.8400,91
51660199311854,14:21:00.199,45.8400,100
51660199311854,14:21:00.199,45.8400,300
51660199311854,14:21:00.199,45.8400,1
51660246562610,14:21:00.246,45.8500,100
51660246562610,14:21:00.246,45.8500,100
51660749636221,14:21:00.749,45.8500,400
51660749636221,14:21:00.749,45.8500,100
51660749636221,14:21:00.749,45.8500,100
51660749636221,14:21:00.749,45.8500,100
51661237312114,14:21:01.237,45.8500,100
51661237312114,14:21:01.237,45.8500,100
51661267919195,14:21:01.267,45.8500,100
51661267919195,14:21:01.267,45.8500,100
51662881808872,14:21:02.881,45.8500,100
51663153650505,14:21:03.153,45.8500,30
51664476716592,14:21:04.476,45.8500,70
51664476716592,14:21:04.476,45.8500,1
51670955433500,14:21:10.955,45.8500,100
51670955433500,14:21:10.955,45.8500,100
51670955433500,14:21:10.955,45.8500,100
51670969100904,14:21:10.969,45.8500,20
51671409640005,14:21:11.409,45.8500,22
51671409640005,14:21:11.409,45.8500,100
51671409640005,14:21:11.409,45.8500,78
51671410276950,14:21:11.410,45.8500,13
51671417171567,14:21:11.417,45.8500,9
51678796972862,14:21:18.796,45.8600,3
51685813863037,14:21:25.813,45.8600,4
51686425428916,14:21:26.425,45.8600,93
51686425428916,14:21:26.425,45.8600,500
51686425428916,14:21:26.425,45.8600,100
51686425428916,14:21:26.425,45.8600,7
51692238600554,14:21:32.238,45.8600,3
51722495217232,14:22:02.495,45.8600,4
51751791778126,14:22:31.791,45.8500,100
51751791822069,14:22:31.791,45.8500,100
51751791822069,14:22:31.791,45.8500,20
51803800186583,14:23:23.800,45.8500,1
52042910873857,14:27:22.910,45.8400,100
52042910873857,14:27:22.910,45.8400,100
52042910873857,14:27:22.910,45.8400,100
52042911618651,14:27:22.911,45.8400,100
52042911620591,14:27:22.911,45.8400,100
52042915497939,14:27:22.915,45.8400,100
52051773434998,14:27:31.773,45.8400,19
52051773434998,14:27:31.773,45.8400,81
52051773491825,14:27:31.773,45.8400,19
52195001139166,14:29:55.001,45.8300,17
52198727178404,14:29:58.727,45.8300,83
52198727178404,14:29:58.727,45.8300,17
52198727216002,14:29:58.727,45.8300,83
52198727216002,14:29:58.727,45.8300,500
52198727216002,14:29:58.727,45.8300,18
52198727216002,14:29:58.727,45.8300,100
52199966573726,14:29:59.966,45.8250,100
52199967106282,14:29:59.967,45.8250,100
52199967133241,14:29:59.967,45.8250,200
52199968377563,14:29:59.968,45.8200,100
52199968377563,14:29:59.968,45.8200,100
52216087417586,14:30:16.087,45.8300,100
52216087495743,14:30:16.087,45.8300,100
52232130822043,14:30:32.130,45.8300,3
52232130822043,14:30:32.130,45.8300,100
52232130822043,14:30:32.130,45.8300,20
52232130871773,14:30:32.130,45.8300,80
52276185840401,14:31:16.185,45.8300,100
52276185840401,14:31:16.185,45.8300,100
52291942483017,14:31:31.942,45.8250,100
52292311290425,14:31:32.311,45.8200,500
52292311457906,14:31:32.311,45.8200,100
52292555256468,14:31:32.555,45.8200,300
52292556542785,14:31:32.556,45.8200,200
52292556542785,14:31:32.556,45.8200,22
52300370952377,14:31:40.370,45.8150,100
52300840693605,14:31:40.840,45.8150,100
52523006842095,14:35:23.006,45.8200,100
52523006842095,14:35:23.006,45.8200,100
52523006842095,14:35:23.006,45.8200,1
52523006842095,14:35:23.006,45.8200,99
52529817416533,14:35:29.817,45.8200,100
52529817416533,14:35:29.817,45.8200,1
52529817416533,14:35:29.817,45.8200,1
52529817416533,14:35:29.817,45.8200,98
52529817455819,14:35:29.817,45.8200,2
52568025792935,14:36:08.025,45.8200,100
52568025847138,14:36:08.025,45.8200,100
52568025899083,14:36:08.025,45.8200,14
52568025899083,14:36:08.025,45.8200,86
52568025899790,14:36:08.025,45.8200,100
52572375618479,14:36:12.375,45.8150,14
52572375618479,14:36:12.375,45.8100,100
52572375618479,14:36:12.375,45.8100,86
52728049823615,14:38:48.049,45.8200,100
52728049823615,14:38:48.049,45.8200,1
52728049823615,14:38:48.049,45.8200,100
52728049823615,14:38:48.049,45.8200,99
52728050495311,14:38:48.050,45.8200,1
52728090381778,14:38:48.090,45.8200,100
52990932424421,14:43:10.932,45.8100,14
52990932424421,14:43:10.932,45.8100,186
52990932461156,14:43:10.932,45.8100,1314
52990932461156,14:43:10.932,45.8100,100
52990932461156,14:43:10.932,45.8100,7
52990932461156,14:43:10.932,45.8100,100
52990934449423,14:43:10.934,45.8000,100
52990988899196,14:43:10.988,45.8050,100
53189258969223,14:46:29.258,45.8100,1
53189259425188,14:46:29.259,45.8100,99
53189259425188,14:46:29.259,45.8100,98
53189263596583,14:46:29.263,45.8100,2
53189263596583,14:46:29.263,45.8100,3
53189263596583,14:46:29.263,45.8100,195
53189265342339,14:46:29.265,45.8100,5
53189265342339,14:46:29.265,45.8100,100
53361928502019,14:49:21.928,45.8100,100
53361928502019,14:49:21.928,45.8100,100
53361928502019,14:49:21.928,45.8100,100
53361928502019,14:49:21.928,45.8100,100
53361928502019,14:49:21.928,45.8100,100
53361928502019,14:49:21.928,45.8100,100
53361928502019,14:49:21.928,45.8100,1
53361928502019,14:49:21.928,45.8100,25
53361928502019,14:49:21.928,45.8100,300
53475176629029,14:51:15.176,45.8000,200
53475176629029,14:51:15.176,45.8000,100
53475176629029,14:51:15.176,45.8000,1500
53475176629029,14:51:15.176,45.8000,234
53475176874573,14:51:15.176,45.8000,100
53475177292346,14:51:15.177,45.8000,66
53475177292346,14:51:15.177,45.8000,27
53475177292346,14:51:15.177,45.8000,107
53475178191460,14:51:15.178,45.8000,100
53526677708867,14:52:06.677,45.8100,2
53526677710190,14:52:06.677,45.8100,46
53526678809661,14:52:06.678,45.8100,52
53526678809661,14:52:06.678,45.8100,100
53526678809661,14:52:06.678,45.8100,4
53526678809661,14:52:06.678,45.8100,120
53526680233610,14:52:06.680,45.8100,176
53526680233610,14:52:06.680,45.8100,100
53526680233610,14:52:06.680,45.8100,100
53526680233610,14:52:06.680,45.8100,100
53542000900661,14:52:22.000,45.8200,9
53542007626132,14:52:22.007,45.8200,91
53542007626132,14:52:22.007,45.8200,100
53542007626132,14:52:22.007,45.8200,100
53542007626132,14:52:22.007,45.8200,2
53625612879328,14:53:45.612,45.8300,100
53625612879328,14:53:45.612,45.8300,100
53781656195018,14:56:21.656,45.8200,100
53781656195018,14:56:21.656,45.8200,100
53781656195018,14:56:21.656,45.8200,300
53781656195018,14:56:21.656,45.8200,38
53781656195018,14:56:21.656,45.8200,100
53802300686414,14:56:42.300,45.8200,7
53802300692520,14:56:42.300,45.8200,93
53802300692520,14:56:42.300,45.8200,100
53802300692520,14:56:42.300,45.8200,2
53804581406442,14:56:44.581,45.8300,100
53804581406442,14:56:44.581,45.8300,100
53824620472926,14:57:04.620,45.8300,100
53824620472926,14:57:04.620,45.8300,100
53824620472926,14:57:04.620,45.8300,100
53897162713103,14:58:17.162,45.8300,100
53897162713103,14:58:17.162,45.8300,20
53897162951738,14:58:17.162,45.8300,80
53897162951738,14:58:17.162,45.8300,20
53948696389296,14:59:08.696,45.8300,80
53948696389296,14:59:08.696,45.8300,1
53948696389296,14:59:08.696,45.8300,119
53948696533400,14:59:08.696,45.8300,100
53948696937886,14:59:08.696,45.8300,24
54075567936943,15:01:15.567,45.8300,100
54075567936943,15:01:15.567,45.8300,100
54075567936943,15:01:15.567,45.8300,100
54075567936943,15:01:15.567,45.8300,36
54201313045981,15:03:21.313,45.8250,100
54214011806654,15:03:34.011,45.8200,100
54214011806654,15:03:34.011,45.8200,100
54299486238452,15:04:59.486,45.8200,29
54299720679224,15:04:59.720,45.8200,2
54303541164934,15:05:03.541,45.8200,69
54303541164934,15:05:03.541,45.8200,24
54325623398577,15:05:25.623,45.8200,100
54325623426595,15:05:25.623,45.8200,100
54325623426595,15:05:25.623,45.8200,448
54325623473657,15:05:25.623,45.8200,52
54325623473657,15:05:25.623,45.8200,69
54325623473657,15:05:25.623,45.8200,1
54484490293159,15:08:04.490,45.8300,100
54484490293159,15:08:04.490,45.8300,17
54484490364454,15:08:04.490,45.8300,83
54484490364454,15:08:04.490,45.8300,100
54484490364454,15:08:04.490,45.8300,31
54484490364454,15:08:04.490,45.8300,100
54484490364454,15:08:04.490,45.8300,1
54667238089507,15:11:07.238,45.8300,74
54948135325403,15:15:48.135,45.8400,100
54948135325403,15:15:48.135,45.8400,100
54948135353931,15:15:48.135,45.8400,1
54948135353931,15:15:48.135,45.8400,32
54948135881132,15:15:48.135,45.8400,4
54948136223839,15:15:48.136,45.8400,164
54948136223839,15:15:48.136,45.8400,185
54948136333144,15:15:48.136,45.8400,5
54948136947958,15:15:48.136,45.8400,10
54948136947958,15:15:48.136,45.8400,1
54948136947958,15:15:48.136,45.8500,94
54951790575590,15:15:51.790,45.8400,90
54956789965687,15:15:56.789,45.8400,63
54956789965687,15:15:56.789,45.8400,37
54961792060373,15:16:01.792,45.8400,63
54961792060373,15:16:01.792,45.8400,100
54961792060373,15:16:01.792,45.8400,12
55237522999502,15:20:37.522,45.8400,3
55296668567901,15:21:36.668,45.8300,100
55296668567901,15:21:36.668,45.8300,100
55296668567901,15:21:36.668,45.8300,28
55296668567901,15:21:36.668,45.8300,72
55334009882808,15:22:14.009,45.8300,28
55334009882808,15:22:14.009,45.8300,100
55336249480912,15:22:16.249,45.8200,100
55336249480912,15:22:16.249,45.8200,100
55336249480912,15:22:16.249,45.8200,100
55337052090946,15:22:17.052,45.8200,31
55494082121438,15:24:54.082,45.8200,69
55494082121438,15:24:54.082,45.8200,100
55494082121438,15:24:54.082,45.8200,38
55494082177284,15:24:54.082,45.8200,62
55494082177284,15:24:54.082,45.8200,100
55592321744759,15:26:32.321,45.8200,100
55592321744759,15:26:32.321,45.8200,100
55592321858703,15:26:32.321,45.8200,100
55592323022993,15:26:32.323,45.8200,100
55592811687747,15:26:32.811,45.8200,100
55964799543251,15:32:44.799,45.8200,300
55964799543251,15:32:44.799,45.8200,100
55964799543251,15:32:44.799,45.8200,16
55964799696592,15:32:44.799,45.8200,100
55964799696592,15:32:44.799,45.8200,100
55964799696592,15:32:44.799,45.8200,5
55965409459387,15:32:45.409,45.8200,100
55966078470580,15:32:46.078,45.8200,100
55971078894297,15:32:51.078,45.8200,100
56036679746771,15:33:56.679,45.8250,50
56055427111739,15:34:15.427,45.8250,50
56092291289805,15:34:52.291,45.8200,100
56092291289805,15:34:52.291,45.8200,100
56092291289805,15:34:52.291,45.8200,100
56092296743059,15:34:52.296,45.8200,300
56092296743059,15:34:52.296,45.8200,100
56092296743059,15:34:52.296,45.8200,100
56092296743059,15:34:52.296,45.8200,200
56092821980433,15:34:52.821,45.8200,100
56288080741257,15:38:08.080,45.8200,100
56288080741257,15:38:08.080,45.8200,100
56288080741257,15:38:08.080,45.8200,100
56288080741257,15:38:08.080,45.8200,100
56288080741257,15:38:08.080,45.8200,200
56348588615191,15:39:08.588,45.8250,50
56405200532746,15:40:05.200,45.8250,50
56698845854334,15:44:58.845,45.8200,54
56700136473427,15:45:00.136,45.8300,100
56700136473427,15:45:00.136,45.8300,100
56700136473427,15:45:00.136,45.8300,100
56700136473427,15:45:00.136,45.8300,1
56700136473427,15:45:00.136,45.8300,100
56700136473427,15:45:00.136,45.8300,30
56700136473427,15:45:00.136,45.8300,100
56700136473427,15:45:00.136,45.8300,212
56700136473427,15:45:00.136,45.8300,21
56700136473427,15:45:00.136,45.8300,109
56700137378238,15:45:00.137,45.8400,97
56700137378238,15:45:00.137,45.8400,3
56700174184997,15:45:00.174,45.8350,10
56737229932630,15:45:37.229,45.8400,22
56766424255355,15:46:06.424,45.8400,75
56766424255355,15:46:06.424,45.8400,100
56766424255355,15:46:06.424,45.8400,100
56766424255355,15:46:06.424,45.8400,100
56766424255355,15:46:06.424,45.8400,100
56766424255355,15:46:06.424,45.8400,100
56766424255355,15:46:06.424,45.8400,100
56766424255355,15:46:06.424,45.8400,18
56802352986464,15:46:42.352,45.8500,6
56802352986464,15:46:42.352,45.8500,67
56802353661237,15:46:42.353,45.8500,33
56802353661237,15:46:42.353,45.8500,1
56995002879910,15:49:55.002,45.8500,100
56995002879910,15:49:55.002,45.8500,100
56995002879910,15:49:55.002,45.8500,109
56995002879910,15:49:55.002,45.8500,100
56995003005921,15:49:55.003,45.8500,100
56995003161775,15:49:55.003,45.8500,19
56995003380754,15:49:55.003,45.8500,81
57000722113527,15:50:00.722,45.8500,100
57002408064207,15:50:02.408,45.8500,100
57013115594554,15:50:13.115,45.8500,27
57017630301309,15:50:17.630,45.8500,12
57242921123853,15:54:02.921,45.8500,12
57242921197448,15:54:02.921,45.8500,49
57242921197448,15:54:02.921,45.8500,52
57242921197448,15:54:02.921,45.8500,399
57242921793737,15:54:02.921,45.8500,1
57242921793737,15:54:02.921,45.8500,1
57270736113338,15:54:30.736,45.8500,100
57287394135269,15:54:47.394,45.8500,100
57300137870721,15:55:00.137,45.8550,100
57300137870721,15:55:00.137,45.8600,200
57300137870721,15:55:00.137,45.8600,100
57300938420057,15:55:00.938,45.8600,5
57310122240431,15:55:10.122,45.8550,100
57310122240431,15:55:10.122,45.8550,8
57362303811823,15:56:02.303,45.8500,100
57380571980985,15:56:20.571,45.8500,100
57380571980985,15:56:20.571,45.8500,100
57388174532648,15:56:28.174,45.8500,200
57398778419390,15:56:38.778,45.8500,100
57420749414780,15:57:00.749,45.8500,10
57420749414780,15:57:00.749,45.8500,67
57420749414780,15:57:00.749,45.8500,23
57464759347812,15:57:44.759,45.8600,95
57464759347812,15:57:44.759,45.8600,1
57464759347812,15:57:44.759,45.8600,200
57464759347812,15:57:44.759,45.8600,100
57464759347812,15:57:44.759,45.8600,100
57464759347812,15:57:44.759,45.8600,200
57464759347812,15:57:44.759,45.8600,158
57522819009262,15:58:42.819,45.8500,77
57522819009262,15:58:42.819,45.8500,100
57522819009262,15:58:42.819,45.8500,23
57522827403046,15:58:42.827,45.8500,77
57522827403046,15:58:42.827,45.8500,23
57547203271698,15:59:07.203,45.8550,100
57547203271698,15:59:07.203,45.8550,100
57547203271698,15:59:07.203,45.8600,100
57547203271698,15:59:07.203,45.8600,100
57547203271698,15:59:07.203,45.8600,100
57547203271698,15:59:07.203,45.8600,200
57547203271698,15:59:07.203,45.8600,400
57547203271698,15:59:07.203,45.8600,37
57547203271698,15:59:07.203,45.8600,100
57547203271698,15:59:07.203,45.8600,100
57547203271698,15:59:07.203,45.8600,100
57547203271698,15:59:07.203,45.8600,100
57547203271698,15:59:07.203,45.8600,300
57547203271698,15:59:07.203,45.8600,100
57547203271698,15:59:07.203,45.8600,100
57547203271698,15:59:07.203,45.8600,294
57547253444684,15:59:07.253,45.8600,100
57547253482461,15:59:07.253,45.8600,100
57547253514968,15:59:07.253,45.8600,100
57547253547840,15:59:07.253,45.8600,100
57547730052250,15:59:07.730,45.8550,100
57547730052250,15:59:07.730,45.8500,577
57547730052250,15:59:07.730,45.8500,100
57547730052250,15:59:07.730,45.8500,22
57547730052250,15:59:07.730,45.8500,100
57547730052250,15:59:07.730,45.8500,1
57547738961468,15:59:07.738,45.8500,100
57547738961468,15:59:07.738,45.8500,100
57553789102176,15:59:13.789,45.8500,100
57553789102176,15:59:13.789,45.8500,25
57575080083009,15:59:35.080,45.8500,75
57575080083009,15:59:35.080,45.8500,100
57575080083009,15:59:35.080,45.8500,200
57575080083009,15:59:35.080,45.8500,5
57575080083009,15:59:35.080,45.8500,100
57575080083009,15:59:35.080,45.8400,100
57575080083009,15:59:35.080,45.8400,100
57575080083009,15:59:35.080,45.8400,100
57575080083009,15:59:35.080,45.8400,100
57575080083009,15:59:35.080,45.8400,100
57575080083009,15:59:35.080,45.8400,100
57575080083009,15:59:35.080,45.8400,200
57575080083009,15:59:35.080,45.8300,11
57575622523712,15:59:35.622,45.8500,100
57576791742650,15:59:36.791,45.8500,52
57581755055525,15:59:41.755,45.8500,100
57589780857423,15:59:49.780,45.8550,100
57594030339220,15:59:54.030,45.8550,100
57594030339220,15:59:54.030,45.8550,100
57594509649304,15:59:54.509,45.8600,100
57594509649304,15:59:54.509,45.8600,20
57595255572971,15:59:55.255,45.8700,2
57595255643169,15:59:55.255,45.8700,98
57599069561873,15:59:59.069,45.8700,400
57599069561873,15:59:59.069,45.8700,300
57599069561873,15:59:59.069,45.8700,88
57599069561873,15:59:59.069,45.8700,100
57600412878519,16:00:00.412,0.0000,0
