timestamp,time,price,volume
34200684480253,09:30:00.684,0.0000,0
34205001195753,09:30:05.001,24.8000,100
34210054078112,09:30:10.054,24.7700,12
34210054078112,09:30:10.054,24.7600,38
34210054078112,09:30:10.054,24.7600,82
34210054108591,09:30:10.054,24.7600,18
34263076609425,09:31:03.076,24.6400,100
34263076609425,09:31:03.076,24.6400,100
34269863491929,09:31:09.863,24.6200,100
34270389967264,09:31:10.389,24.6000,2
34270389967264,09:31:10.389,24.5900,100
34270402519138,09:31:10.402,24.5400,100
34323922497886,09:32:03.922,24.4800,100
34323922871994,09:32:03.922,24.4600,100
34323931505214,09:32:03.931,24.3700,100
34734091140489,09:38:54.091,24.5400,100
34734091140489,09:38:54.091,24.4800,100
34734091140489,09:38:54.091,24.4800,1100
34744296860193,09:39:04.296,24.6900,2
34746229504810,09:39:06.229,24.6900,98
34746229504810,09:39:06.229,24.8200,100
34746229504810,09:39:06.229,24.8300,100
34746229504810,09:39:06.229,24.8400,100
34746229504810,09:39:06.229,24.8400,300
34746229577648,09:39:06.229,24.7500,100
34746229846299,09:39:06.229,24.7200,100
34746229846299,09:39:06.229,24.6300,100
34746232909240,09:39:06.232,24.8200,100
34746232909240,09:39:06.232,24.8200,100
34746232909240,09:39:06.232,24.8400,29
34746232909240,09:39:06.232,24.8400,100
34746232909240,09:39:06.232,24.8400,100
34746232909240,09:39:06.232,24.8400,100
34746237235875,09:39:06.237,24.8400,100
34746237307299,09:39:06.237,24.8400,100
34746237770405,09:39:06.237,24.8600,100
34746238321085,09:39:06.238,24.8500,100
34746239344592,09:39:06.239,24.8500,100
34746308931656,09:39:06.308,24.8500,100
34746313582942,09:39:06.313,24.8500,100
34746344212196,09:39:06.344,24.9200,100
34753771332056,09:39:13.771,24.9200,100
34753772675234,09:39:13.772,24.9700,100
34758792499379,09:39:18.792,25.0200,100
34758792499379,09:39:18.792,25.0200,100
34758793485031,09:39:18.793,25.0200,100
34805338620411,09:40:05.338,24.9900,100
34805338673440,09:40:05.338,25.0000,100
34820779706869,09:40:20.779,24.9300,100
35022664937993,09:43:42.664,24.7700,100
35022665005759,09:43:42.665,24.7700,100
35135096185286,09:45:35.096,24.6200,200
35323236644933,09:48:43.236,24.4500,5
35475322142851,09:51:15.322,24.4100,100
35476329466280,09:51:16.329,24.5000,500
35476330750180,09:51:16.330,24.5900,200
35476330750180,09:51:16.330,24.6100,100
35476330750180,09:51:16.330,24.6100,100
35476332880058,09:51:16.332,24.5300,30
35476334513131,09:51:16.334,24.4700,100
35477903646465,09:51:17.903,24.5200,300
35477903824751,09:51:17.903,24.5200,100
35477903831316,09:51:17.903,24.5200,100
35477905458478,09:51:17.905,24.5200,100
35480139096763,09:51:20.139,24.5150,800
35480139096763,09:51:20.139,24.6000,40
35480139096763,09:51:20.139,24.6000,60
35481239179897,09:51:21.239,24.6000,100
35481239499684,09:51:21.239,24.6000,100
35482424555193,09:51:22.424,24.6100,10
35482424555193,09:51:22.424,24.6200,100
35482424555193,09:51:22.424,24.6200,100
35482424555193,09:51:22.424,24.6200,100
35482945480260,09:51:22.945,24.4700,100
35568007353981,09:52:48.007,24.5300,100
35568007392328,09:52:48.007,24.5300,70
35568007411191,09:52:48.007,24.5300,30
35703980852654,09:55:03.980,24.3400,100
35707915385923,09:55:07.915,24.3400,100
35796378355133,09:56:36.378,24.2400,100
35796378995270,09:56:36.378,24.2300,100
35909329761797,09:58:29.329,24.1700,200
35950611429350,09:59:10.611,24.1600,100
36021852283949,10:00:21.852,24.0700,100
36021858713865,10:00:21.858,24.0700,100
36063255665814,10:01:03.255,24.0200,100
36345983698372,10:05:45.983,23.8900,100
36346739439863,10:05:46.739,24.0000,100
36346895378194,10:05:46.895,24.0750,100
36347171597480,10:05:47.171,24.0750,100
36348730581483,10:05:48.730,24.1100,100
36373276023387,10:06:13.276,24.2100,100
36378744943055,10:06:18.744,24.2800,40
36445144011913,10:07:25.144,24.1000,200
36765748622305,10:12:45.748,24.4200,40
36889714442540,10:14:49.714,24.3300,100
36946570792879,10:15:46.570,24.3600,5
37380061694568,10:23:00.061,24.5550,100
37542486987957,10:25:42.486,24.5300,100
37542487731094,10:25:42.487,24.5300,100
37542542383947,10:25:42.542,24.5300,100
37542763004027,10:25:42.763,24.5300,100
37545464558599,10:25:45.464,24.5100,100
37545464615419,10:25:45.464,24.4900,100
37664112447954,10:27:44.112,24.4400,100
37664338207123,10:27:44.338,24.4400,100
37697336748784,10:28:17.336,24.5650,369
37834051509128,10:30:34.051,24.5800,5
37834054393633,10:30:34.054,24.5800,100
37834055082883,10:30:34.055,24.5800,100
37871867283010,10:31:11.867,24.6000,100
37871867767893,10:31:11.867,24.6000,100
37871867874107,10:31:11.867,24.6000,100
37905762123811,10:31:45.762,24.5500,100
37907630698975,10:31:47.630,24.5500,100
37933498359745,10:32:13.498,24.5100,100
37952200164817,10:32:32.200,24.5050,100
37956055313656,10:32:36.055,24.5100,100
37963705468115,10:32:43.705,24.5100,600
37964337872052,10:32:44.337,24.5400,100
37965043284740,10:32:45.043,24.5350,100
37968917377193,10:32:48.917,24.5600,100
37990045467003,10:33:10.045,24.5700,100
37990045467003,10:33:10.045,24.6000,100
37990045467003,10:33:10.045,24.6000,100
37990045467003,10:33:10.045,24.6000,100
37990045467003,10:33:10.045,24.6000,100
37990045467003,10:33:10.045,24.6200,100
37990045467003,10:33:10.045,24.6200,100
37990047749984,10:33:10.047,24.6300,100
37990047749984,10:33:10.047,24.6500,100
37990047749984,10:33:10.047,24.6500,100
37990047749984,10:33:10.047,24.6500,100
37990047749984,10:33:10.047,24.6500,900
37990141651614,10:33:10.141,24.6500,29
37990141651614,10:33:10.141,24.6500,29
37991796492982,10:33:11.796,24.6500,100
37992338619658,10:33:12.338,24.6700,100
38052950535590,10:34:12.950,24.6800,100
38176065746912,10:36:16.065,24.6500,100
38223679985635,10:37:03.679,24.7000,100
38223680079389,10:37:03.680,24.7000,100
38223680088714,10:37:03.680,24.7000,100
38223680140435,10:37:03.680,24.7000,100
38225909793369,10:37:05.909,24.6700,100
38225909830447,10:37:05.909,24.6700,100
38225909900766,10:37:05.909,24.6700,100
38228006421676,10:37:08.006,24.6900,100
38228006479081,10:37:08.006,24.7000,100
38244386253150,10:37:24.386,24.6800,100
38244386615287,10:37:24.386,24.6800,100
38259548192604,10:37:39.548,24.7000,100
38259549986381,10:37:39.549,24.7000,100
38259550791776,10:37:39.550,24.7000,78
38269739620521,10:37:49.739,24.7000,22
38269739620521,10:37:49.739,24.7000,78
38354066502049,10:39:14.066,24.7400,71
38354066557652,10:39:14.066,24.7500,100
38354069254377,10:39:14.069,24.7500,100
38364715499445,10:39:24.715,24.6800,20
38364715501534,10:39:24.715,24.6800,64
38364716109902,10:39:24.716,24.6800,16
38469062755815,10:41:09.062,24.7000,100
38541220978295,10:42:21.220,24.7100,100
38547954492425,10:42:27.954,24.7800,100
38565581623421,10:42:45.581,24.7100,100
38565581696808,10:42:45.581,24.7100,100
38738271499508,10:45:38.271,24.7100,100
38738271582997,10:45:38.271,24.7100,100
38745774248058,10:45:45.774,24.7100,100
38747064639172,10:45:47.064,24.7400,100
38749023395022,10:45:49.023,24.7800,100
38749582104958,10:45:49.582,24.7800,100
38749582104958,10:45:49.582,24.7800,100
38759640327836,10:45:59.640,24.7200,100
38776066125783,10:46:16.066,24.7100,100
38776066173190,10:46:16.066,24.6900,1
38969550686071,10:49:29.550,24.6300,100
38973970974469,10:49:33.970,24.6500,100
38991491656660,10:49:51.491,24.6350,100
39220371582306,10:53:40.371,24.5700,100
39268658202717,10:54:28.658,24.5700,37
39268658223982,10:54:28.658,24.5700,63
39268658223982,10:54:28.658,24.5700,37
39268658237387,10:54:28.658,24.5700,63
39416023458957,10:56:56.023,24.5800,200
39416023458957,10:56:56.023,24.5800,100
39416023458957,10:56:56.023,24.5800,100
39600550320947,11:00:00.550,24.5550,100
39606546928521,11:00:06.546,24.5550,100
39606547783281,11:00:06.547,24.5550,100
39615850207856,11:00:15.850,24.5900,100
39616023367226,11:00:16.023,24.5300,100
39616176691815,11:00:16.176,24.5300,100
39714190321520,11:01:54.190,24.5200,5
39714220800049,11:01:54.220,24.5000,100
39782856963224,11:03:02.856,24.5500,100
39782858470910,11:03:02.858,24.5400,100
39790144598203,11:03:10.144,24.5500,100
39798224800761,11:03:18.224,24.6100,100
39908359043433,11:05:08.359,24.6300,100
39908359043433,11:05:08.359,24.6300,100
39949902467910,11:05:49.902,24.5700,100
39949903206734,11:05:49.903,24.5500,100
39949904286979,11:05:49.904,24.5300,1
39949904353733,11:05:49.904,24.5300,100
39949904353733,11:05:49.904,24.5300,100
39949904388277,11:05:49.904,24.5300,31
39949904393678,11:05:49.904,24.5300,12
39949904401328,11:05:49.904,24.5300,31
39949904412493,11:05:49.904,24.5300,121
39949904491162,11:05:49.904,24.5300,36
40152728518705,11:09:12.728,24.6600,6
40250671302925,11:10:50.671,24.7200,100
40250671349770,11:10:50.671,24.7200,100
40274786775785,11:11:14.786,24.7300,100
40274787444127,11:11:14.787,24.7300,90
40279036008200,11:11:19.036,24.7100,100
40279036162283,11:11:19.036,24.7100,100
40285043737331,11:11:25.043,24.7000,100
40410152712596,11:13:30.152,24.7000,29
40491537234098,11:14:51.537,24.6700,100
40491537378116,11:14:51.537,24.6700,100
40777816668918,11:19:37.816,24.5400,100
40843583418877,11:20:43.583,24.5000,100
41502847593907,11:31:42.847,24.4900,100
41502848323858,11:31:42.848,24.4900,100
41502849514150,11:31:42.849,24.4600,100
41502849517059,11:31:42.849,24.4600,100
41503081450852,11:31:43.081,24.4200,100
41684252786528,11:34:44.252,24.4000,100
41684252786528,11:34:44.252,24.4200,100
41731526421843,11:35:31.526,24.4000,100
42243695486680,11:44:03.695,24.3900,100
42243695486680,11:44:03.695,24.4000,100
42243695486680,11:44:03.695,24.4000,100
42243695486680,11:44:03.695,24.4000,100
42243695486680,11:44:03.695,24.4000,100
42243695486680,11:44:03.695,24.4000,100
42243699535466,11:44:03.699,24.4100,100
42243699535466,11:44:03.699,24.4400,100
42243701459813,11:44:03.701,24.4700,100
42243701511069,11:44:03.701,24.4700,100
42243866697493,11:44:03.866,24.5300,100
42248479655533,11:44:08.479,24.5700,200
42248740084756,11:44:08.740,24.4800,100
42248740084756,11:44:08.740,24.4700,100
42249299295391,11:44:09.299,24.4600,100
42586585446868,11:49:46.585,24.5300,100
42586595125132,11:49:46.595,24.5400,40
42586600785797,11:49:46.600,24.5300,100
42773209571368,11:52:53.209,24.4800,54
42879336237776,11:54:39.336,24.4500,5
43160339611519,11:59:20.339,24.4500,100
43160339611519,11:59:20.339,24.4600,100
43163274360178,11:59:23.274,24.5000,100
43163744348991,11:59:23.744,24.5000,100
43163744625755,11:59:23.744,24.5200,100
43195995659122,11:59:55.995,24.5100,40
43195995760450,11:59:55.995,24.4900,100
43195995760450,11:59:55.995,24.4900,100
43199044440518,11:59:59.044,24.5200,40
43229683997466,12:00:29.683,24.5000,40
43229683997466,12:00:29.683,24.4800,23
43254690390369,12:00:54.690,24.4800,54
43254690417855,12:00:54.690,24.4800,23
43254690417855,12:00:54.690,24.4800,86
43254726244882,12:00:54.726,24.4800,14
43254727080469,12:00:54.727,24.4500,30
43254727577646,12:00:54.727,24.4500,70
43514654923509,12:05:14.654,24.5900,49
43514670587059,12:05:14.670,24.5900,51
43514670587059,12:05:14.670,24.5900,100
43514677339447,12:05:14.677,24.5600,100
43979528961503,12:12:59.528,24.6400,100
43996613105172,12:13:16.613,24.6800,100
44011773913785,12:13:31.773,24.6200,100
44421933493311,12:20:21.933,24.6800,58
45579519403525,12:39:39.519,24.5600,5
45579620165918,12:39:39.620,24.5400,100
45709617617088,12:41:49.617,24.5600,4
45728617838832,12:42:08.617,24.5600,4
46449961737098,12:54:09.961,24.5450,100
46476605341641,12:54:36.605,24.5200,100
46476605341641,12:54:36.605,24.5200,2
46476605411136,12:54:36.605,24.5200,98
46736575741286,12:58:56.575,24.5400,100
46745676086691,12:59:05.676,24.5500,100
46745676127084,12:59:05.676,24.5500,100
46745676127084,12:59:05.676,24.5500,100
46745676863746,12:59:05.676,24.5600,100
47224238573773,13:07:04.238,24.6600,100
47447430470520,13:10:47.430,24.6800,21
47459111318254,13:10:59.111,24.6900,100
47469704771266,13:11:09.704,24.6750,100
47472260493390,13:11:12.260,24.6700,100
47472261193096,13:11:12.261,24.6700,100
47475649081531,13:11:15.649,24.6600,100
47920939661304,13:18:40.939,24.6200,100
49323023091492,13:42:03.023,24.6100,100
49323023129528,13:42:03.023,24.6100,89
49323023143744,13:42:03.023,24.6100,9
49325677805546,13:42:05.677,24.6000,100
49601509430541,13:46:41.509,24.5800,100
49629437120138,13:47:09.437,24.5700,100
49661405993168,13:47:41.405,24.5900,100
49661406344358,13:47:41.406,24.6100,100
49661407729391,13:47:41.407,24.6100,29
49797164529495,13:49:57.164,24.6200,100
50410030087309,14:00:10.030,24.6400,100
50413664922708,14:00:13.664,24.6600,100
50414606710897,14:00:14.606,24.6200,100
50415268491274,14:00:15.268,24.6700,6
50423566910466,14:00:23.566,24.6300,100
50485896899490,14:01:25.896,24.6700,94
50504605152312,14:01:44.605,24.6700,6
50504605152312,14:01:44.605,24.6700,94
50504605188571,14:01:44.605,24.6700,6
50504605188571,14:01:44.605,24.6700,92
50504605201809,14:01:44.605,24.6700,8
50504605258544,14:01:44.605,24.6700,100
50504605333024,14:01:44.605,24.6600,100
50748606945983,14:05:48.606,24.7000,4
50748607326661,14:05:48.607,24.7000,96
50788539264359,14:06:28.539,24.7300,100
50899436227805,14:08:19.436,24.7100,26
50899436464164,14:08:19.436,24.7100,100
50899436500013,14:08:19.436,24.7100,74
50899436500013,14:08:19.436,24.7100,93
50899436504600,14:08:19.436,24.7100,7
50899436504600,14:08:19.436,24.7100,76
50899436561056,14:08:19.436,24.7100,24
50899436927567,14:08:19.436,24.7000,1
50900436742059,14:08:20.436,24.7000,99
50911158556543,14:08:31.158,24.6900,100
51402473033506,14:16:42.473,24.6600,100
51411903945026,14:16:51.903,24.6400,100
51411905086831,14:16:51.905,24.6400,100
51415140131105,14:16:55.140,24.6400,24
51463120699632,14:17:43.120,24.6400,16
51463121906695,14:17:43.121,24.6200,100
51776066155786,14:22:56.066,24.5600,18
51782062999540,14:23:02.062,24.5500,100
51809190283963,14:23:29.190,24.5500,200
51848065782983,14:24:08.065,24.5600,100
51873064092608,14:24:33.064,24.5500,100
51903008513931,14:25:03.008,24.5400,16
51993067657258,14:26:33.067,24.5500,100
52038063560930,14:27:18.063,24.5500,100
52044063529801,14:27:24.063,24.5500,100
52116217601276,14:28:36.217,24.5400,27
52116217619324,14:28:36.217,24.5400,73
52116218321355,14:28:36.218,24.5200,100
52532272031797,14:35:32.272,24.4900,36
52532272177893,14:35:32.272,24.5000,100
52532272198304,14:35:32.272,24.5000,100
52532272803895,14:35:32.272,24.5000,100
52532272838844,14:35:32.272,24.5000,100
52532272838844,14:35:32.272,24.5000,53
52532273657369,14:35:32.273,24.5000,147
52532273657369,14:35:32.273,24.5000,200
52532273657369,14:35:32.273,24.5000,100
52532273657369,14:35:32.273,24.5000,53
52532273694830,14:35:32.273,24.5000,47
52532274200274,14:35:32.274,24.5200,100
52573718921544,14:36:13.718,24.4800,100
52573718995511,14:36:13.718,24.4800,100
52665364735068,14:37:45.364,24.5000,100
52665364762942,14:37:45.364,24.5000,100
52665364771069,14:37:45.364,24.5000,100
52708438728439,14:38:28.438,24.5000,24
52711481156885,14:38:31.481,24.5000,100
52712767169443,14:38:32.767,24.5000,76
52713806548542,14:38:33.806,24.5100,100
52738744534150,14:38:58.744,24.4900,100
52738744567372,14:38:58.744,24.4800,53
52738744568744,14:38:58.744,24.4800,47
52738745846247,14:38:58.745,24.4600,100
53094651486218,14:44:54.651,24.5000,100
53094651546881,14:44:54.651,24.5000,100
53094651560647,14:44:54.651,24.5000,100
53094653403861,14:44:54.653,24.5000,100
53094653403861,14:44:54.653,24.5000,92
53094653413071,14:44:54.653,24.5000,8
53094653413071,14:44:54.653,24.5000,30
53205560761636,14:46:45.560,24.5000,100
53205566565100,14:46:45.566,24.5100,100
53205567561910,14:46:45.567,24.5100,76
53205646030391,14:46:45.646,24.5100,100
53205701566416,14:46:45.701,24.5100,100
53206302154857,14:46:46.302,24.5100,24
53212598670025,14:46:52.598,24.5200,100
53225979035570,14:47:05.979,24.5800,100
53253809564520,14:47:33.809,24.5500,100
53253809564520,14:47:33.809,24.5500,53
53253809576356,14:47:33.809,24.5500,47
53253809576356,14:47:33.809,24.5500,30
53253809703833,14:47:33.809,24.5500,70
53299808626054,14:48:19.808,24.5400,100
53337806524235,14:48:57.806,24.5000,100
53343806665939,14:49:03.806,24.5000,100
53385758989974,14:49:45.758,24.5000,153
53385758996916,14:49:45.758,24.5000,39
53385759001385,14:49:45.759,24.5000,8
53414707381350,14:50:14.707,24.4900,100
53547086319146,14:52:27.086,24.5000,100
53547086319146,14:52:27.086,24.5000,100
53581486112082,14:53:01.486,24.5000,21
53581486698128,14:53:01.486,24.5200,100
53847867697239,14:57:27.867,24.6300,100
53847869237076,14:57:27.869,24.6000,100
53883789566771,14:58:03.789,24.7300,6
53903157331964,14:58:23.157,24.6900,100
53903157723781,14:58:23.157,24.6900,29
53903157723781,14:58:23.157,24.6900,29
53903157723781,14:58:23.157,24.6900,29
53903157805950,14:58:23.157,24.6900,29
53903158847207,14:58:23.158,24.6900,26
53903158848555,14:58:23.158,24.6900,3
53924483555181,14:58:44.483,24.6600,100
53986063105004,14:59:46.063,24.7500,100
53986063105004,14:59:46.063,24.7500,100
53989494324524,14:59:49.494,24.8000,100
53989494324524,14:59:49.494,24.8000,100
53989494324524,14:59:49.494,24.8000,700
53999574982588,14:59:59.574,24.7900,100
53999574982588,14:59:59.574,24.8000,55
53999577721071,14:59:59.577,24.8000,45
53999577721071,14:59:59.577,24.8000,100
53999577721071,14:59:59.577,24.8000,500
54395930563772,15:06:35.930,24.7000,100
54399086435923,15:06:39.086,24.6900,100
54399086473834,15:06:39.086,24.6900,33
54399086758647,15:06:39.086,24.6800,100
54399087377111,15:06:39.087,24.6800,100
54399091203444,15:06:39.091,24.6900,100
54854734899332,15:14:14.734,24.6900,32
54945412892499,15:15:45.412,24.7000,32
54946720891900,15:15:46.720,24.7000,60
54946720891900,15:15:46.720,24.6900,8
54967396457456,15:16:07.396,24.6900,92
54967396457456,15:16:07.396,24.6900,8
54967396543033,15:16:07.396,24.6900,92
54967396910396,15:16:07.396,24.6900,100
54967397729675,15:16:07.397,24.6800,100
54967405604665,15:16:07.405,24.6800,100
55001207558555,15:16:41.207,24.6700,100
55121576402531,15:18:41.576,24.7000,100
55133615132337,15:18:53.615,24.7200,100
55133615132337,15:18:53.615,24.7400,100
55178872712901,15:19:38.872,24.6400,100
55178872712901,15:19:38.872,24.6500,32
55193814943637,15:19:53.814,24.6200,100
55317117714166,15:21:57.117,24.5900,100
55474619735130,15:24:34.619,24.4700,100
55503713810083,15:25:03.713,24.5800,100
55577831906953,15:26:17.831,24.5800,100
55760260410597,15:29:20.260,24.7100,20
55790500833426,15:29:50.500,24.7000,100
55790501509759,15:29:50.501,24.6800,100
55790517592699,15:29:50.517,24.7000,100
55819474026606,15:30:19.474,24.6600,43
56240633426468,15:37:20.633,24.6000,100
56240633444372,15:37:20.633,24.6000,100
56240633444372,15:37:20.633,24.6000,100
56240633444372,15:37:20.633,24.6000,100
56240633708885,15:37:20.633,24.5800,1
56240633816651,15:37:20.633,24.5700,100
56240663382893,15:37:20.663,24.5600,100
56242275772060,15:37:22.275,24.5500,100
56375131637375,15:39:35.131,24.5200,30
56381836674201,15:39:41.836,24.5200,70
56421989808219,15:40:21.989,24.4400,80
56427444439643,15:40:27.444,24.4400,100
56431857213470,15:40:31.857,24.4300,100
56435957143953,15:40:35.957,24.4000,100
56439059307377,15:40:39.059,24.4800,100
56583913594902,15:43:03.913,24.5800,33
56619221117419,15:43:39.221,24.5600,33
56679350152037,15:44:39.350,24.5100,100
56755617214510,15:45:55.617,24.4800,84
56804028725833,15:46:44.028,24.4800,16
56804028725833,15:46:44.028,24.4800,17
56881075355894,15:48:01.075,24.4800,83
56881075355894,15:48:01.075,24.4800,17
56911232196461,15:48:31.232,24.4800,83
56911232196461,15:48:31.232,24.4800,17
56961526708878,15:49:21.526,24.5100,67
56961526732851,15:49:21.526,24.5100,43
56961862063671,15:49:21.862,24.5100,100
56961862063671,15:49:21.862,24.5200,100
56961862469960,15:49:21.862,24.5200,28
56961862485953,15:49:21.862,24.5200,32
56961862490319,15:49:21.862,24.5200,32
56961862618276,15:49:21.862,24.5200,8
57065686929255,15:51:05.686,24.5000,83
57065686929255,15:51:05.686,24.5000,17
57066259061266,15:51:06.259,24.5200,100
57066260811406,15:51:06.260,24.5300,66
57066260811406,15:51:06.260,24.5300,44
57121527496910,15:52:01.527,24.5400,100
57157746249406,15:52:37.746,24.5100,100
57157746249406,15:52:37.746,24.5100,16
57157746290474,15:52:37.746,24.5100,84
57157746290474,15:52:37.746,24.5100,1
57176575756489,15:52:56.575,24.4900,100
57267533260155,15:54:27.533,24.4900,80
57267537953751,15:54:27.537,24.5000,100
57319110152289,15:55:19.110,24.4700,28
57319110157226,15:55:19.110,24.4700,32
57319110191268,15:55:19.110,24.4700,32
57319110214200,15:55:19.110,24.4700,8
57324041102301,15:55:24.041,24.4500,100
57324041148025,15:55:24.041,24.4600,12
57335699970578,15:55:35.699,24.5000,2
57338592302602,15:55:38.592,24.5100,26
57338592313100,15:55:38.592,24.5100,32
57338592318639,15:55:38.592,24.5100,32
57391036294632,15:56:31.036,24.5600,70
57596847304915,15:59:56.847,24.7000,100
57600342643033,16:00:00.342,0.0000,0
