timestamp,time,price,volume
33357332616122,09:15:57.332,20.6100,1
34199088807041,09:29:59.088,20.5700,2
34200677126707,09:30:00.677,0.0000,0
34761202986213,09:39:21.202,20.5500,100
35124054919151,09:45:24.054,20.4600,100
35132715226223,09:45:32.715,20.4900,100
35238648727630,09:47:18.648,20.5000,100
35417115681347,09:50:17.115,20.4300,100
35538284815929,09:52:18.284,20.4200,200
35598294284999,09:53:18.294,20.4000,100
36167744772770,10:02:47.744,20.3300,100
36168694983379,10:02:48.694,20.3700,42
36321948050564,10:05:21.948,20.3400,100
36549910161130,10:09:09.910,20.3500,92
36549910185717,10:09:09.910,20.3500,8
36549910237758,10:09:09.910,20.3500,8
36549910392655,10:09:09.910,20.3500,8
36549910456595,10:09:09.910,20.3500,84
36549910456595,10:09:09.910,20.3500,100
36549910815524,10:09:09.910,20.3500,100
36706236560937,10:11:46.236,20.3700,42
36706236560937,10:11:46.236,20.3700,27
36706236560937,10:11:46.236,20.3700,5
36724251460309,10:12:04.251,20.3800,111
36732440178380,10:12:12.440,20.4000,58
36734359997032,10:12:14.359,20.4300,500
36937346826951,10:15:37.346,20.4100,2
36937347355625,10:15:37.347,20.4100,34
36937347499940,10:15:37.347,20.4100,34
36937347681208,10:15:37.347,20.4100,2
36937347762688,10:15:37.347,20.4100,52
36937348925648,10:15:37.348,20.4100,4
36937349049874,10:15:37.349,20.4100,2
36937349105903,10:15:37.349,20.4100,4
36937349155724,10:15:37.349,20.4100,6
36937349313943,10:15:37.349,20.4100,4
36937349828066,10:15:37.349,20.4100,4
36937350027972,10:15:37.350,20.4100,4
36992747117019,10:16:32.747,20.3550,1
37058037485022,10:17:38.037,20.3300,93
37061436802016,10:17:41.436,20.3300,100
37061436802016,10:17:41.436,20.3200,100
37061439198182,10:17:41.439,20.3500,100
37061439198182,10:17:41.439,20.3500,100
37061439561077,10:17:41.439,20.3600,32
37061439561077,10:17:41.439,20.3600,42
37061439561077,10:17:41.439,20.3600,90
37061439776716,10:17:41.439,20.3600,100
37061441101296,10:17:41.441,20.3600,1
37061549112782,10:17:41.549,20.3600,99
37061549112782,10:17:41.549,20.3600,50
37061549112782,10:17:41.549,20.3600,100
37061549112782,10:17:41.549,20.3600,5
37062254514915,10:17:42.254,20.3700,96
37062254543920,10:17:42.254,20.3700,95
37062254551176,10:17:42.254,20.3700,5
37062499834670,10:17:42.499,20.3700,59
37140362138939,10:19:00.362,20.3700,1
37142218820329,10:19:02.218,20.3700,1
37144055444663,10:19:04.055,20.3700,1
37145871042938,10:19:05.871,20.3700,1
37147665665510,10:19:07.665,20.3700,1
37149440206850,10:19:09.440,20.3700,1
37151193789277,10:19:11.193,20.3700,1
37152938405418,10:19:12.938,20.3700,1
37154663156060,10:19:14.663,20.3700,1
37155880951393,10:19:15.880,20.3700,11
37155881049990,10:19:15.881,20.3700,16
37155881049990,10:19:15.881,20.3700,51
37155883613615,10:19:15.883,20.3700,17
37155883648060,10:19:15.883,20.3700,32
37155883648060,10:19:15.883,20.3700,200
37155883648060,10:19:15.883,20.3700,100
37155883648060,10:19:15.883,20.3700,100
37192858674801,10:19:52.858,20.3400,2
37230627389826,10:20:30.627,20.3800,49
37230627389826,10:20:30.627,20.3800,49
37230627389826,10:20:30.627,20.3800,2
37230627389826,10:20:30.627,20.3800,100
37230627419049,10:20:30.627,20.3800,70
37230627419049,10:20:30.627,20.3800,1
37296548574836,10:21:36.548,20.4100,100
37312955606738,10:21:52.955,20.3800,1
37359789529069,10:22:39.789,20.3700,1
37360500044354,10:22:40.500,20.3700,8
37360500106146,10:22:40.500,20.3700,4
37360500185817,10:22:40.500,20.3700,6
37360500247640,10:22:40.500,20.3700,38
37360500365850,10:22:40.500,20.3700,10
37360500497150,10:22:40.500,20.3700,4
37360500620503,10:22:40.500,20.3700,29
37360500620503,10:22:40.500,20.3700,5
37360501684567,10:22:40.501,20.3700,2
37360501945380,10:22:40.501,20.3700,4
37360502016869,10:22:40.502,20.3700,2
37360504128047,10:22:40.504,20.3700,2
37360504633456,10:22:40.504,20.3700,1
37377887000129,10:22:57.887,20.3200,100
37413273719503,10:23:33.273,20.3300,93
37453089925863,10:24:13.089,20.3700,100
37460467064297,10:24:20.467,20.3800,45
37460467064297,10:24:20.467,20.3800,55
37513299656445,10:25:13.299,20.3800,18
37513299656445,10:25:13.299,20.3800,5
37513299656445,10:25:13.299,20.3800,77
37513299837311,10:25:13.299,20.3800,23
37762083016395,10:29:22.083,20.3100,1
37805396380982,10:30:05.396,20.3200,25
37805396481309,10:30:05.396,20.3100,6
37805396505416,10:30:05.396,20.3100,6
37805396522659,10:30:05.396,20.3100,12
37805396544806,10:30:05.396,20.3100,49
37839849550538,10:30:39.849,20.3500,52
37839849636668,10:30:39.849,20.3500,100
37839849950460,10:30:39.849,20.3600,1
37839849966542,10:30:39.849,20.3600,99
37839849966542,10:30:39.849,20.3600,60
37839849972594,10:30:39.849,20.3600,40
37839849972594,10:30:39.849,20.3600,1
37839850043592,10:30:39.850,20.3600,99
37839850540656,10:30:39.850,20.3600,14
37839850580116,10:30:39.850,20.3700,13
37875703201099,10:31:15.703,20.3900,2
37884044461092,10:31:24.044,20.3900,2
37889753345625,10:31:29.753,20.3700,100
37889753821830,10:31:29.753,20.3700,100
37889754838590,10:31:29.754,20.3700,2
37940428637690,10:32:20.428,20.3700,24
37940428858154,10:32:20.428,20.3700,48
37940428997105,10:32:20.428,20.3700,4
37940429032226,10:32:20.429,20.3700,22
37940429032226,10:32:20.429,20.3700,52
37940432697999,10:32:20.432,20.3700,2
37940432712432,10:32:20.432,20.3700,4
37940433064860,10:32:20.433,20.3700,2
37940433477309,10:32:20.433,20.3700,4
37940434304075,10:32:20.434,20.3700,36
37940434304075,10:32:20.434,20.3700,62
37940434734313,10:32:20.434,20.3700,38
38121070483346,10:35:21.070,20.3900,7
38153175098433,10:35:53.175,20.3700,100
38153175150937,10:35:53.175,20.3700,100
38153175165021,10:35:53.175,20.3700,100
38153175215109,10:35:53.175,20.3700,100
38153175470276,10:35:53.175,20.3700,100
38418626594519,10:40:18.626,20.3700,165
38418626594519,10:40:18.626,20.3700,198
38418626594519,10:40:18.626,20.3700,100
38418635896488,10:40:18.635,20.4200,235
38418635920634,10:40:18.635,20.4200,65
38418636422464,10:40:18.636,20.4300,22
38587440502778,10:43:07.440,20.4100,100
38599727202158,10:43:19.727,20.3700,7
38599743662853,10:43:19.743,20.3300,93
38599747206005,10:43:19.747,20.3400,1
38600053821777,10:43:20.053,20.3700,32
38600053821777,10:43:20.053,20.3700,412
38930174370040,10:48:50.174,20.3600,2
38930175113215,10:48:50.175,20.3600,2
38930175366591,10:48:50.175,20.3600,5
38930175495479,10:48:50.175,20.3600,16
39245263003407,10:54:05.263,20.3700,1
39246281610739,10:54:06.281,20.3700,1
39247300204682,10:54:07.300,20.3700,1
39248318794044,10:54:08.318,20.3700,1
39249337459098,10:54:09.337,20.3700,1
39250356149081,10:54:10.356,20.3700,1
39251374799551,10:54:11.374,20.3700,1
39252393370630,10:54:12.393,20.3700,1
39253412014042,10:54:13.412,20.3700,1
39254430611394,10:54:14.430,20.3700,1
39255449317098,10:54:15.449,20.3700,1
39256467922255,10:54:16.467,20.3700,1
39257492467603,10:54:17.492,20.3700,1
39258517075735,10:54:18.517,20.3700,1
39259541749253,10:54:19.541,20.3700,1
39260566393091,10:54:20.566,20.3700,1
39261591061678,10:54:21.591,20.3700,1
39262615599138,10:54:22.615,20.3700,1
39263640220282,10:54:23.640,20.3700,1
39264664795562,10:54:24.664,20.3700,1
39265689330615,10:54:25.689,20.3700,1
39266713926963,10:54:26.713,20.3700,1
39267738589417,10:54:27.738,20.3700,1
39268763177708,10:54:28.763,20.3700,1
39269787710905,10:54:29.787,20.3700,1
39270812248496,10:54:30.812,20.3700,1
39271853975794,10:54:31.853,20.3700,1
39272895642382,10:54:32.895,20.3700,1
39273937323063,10:54:33.937,20.3700,1
39274119152151,10:54:34.119,20.3900,15
39274119640461,10:54:34.119,20.3900,15
39274119642081,10:54:34.119,20.3900,15
39274119681074,10:54:34.119,20.3900,15
39274119815135,10:54:34.119,20.3900,40
39274120625548,10:54:34.120,20.4000,15
39316237222507,10:55:16.237,20.4200,100
39646199606523,11:00:46.199,20.4800,27
39646199606523,11:00:46.199,20.4800,27
39646199606523,11:00:46.199,20.4800,27
39646199689711,11:00:46.199,20.4800,27
39722468022682,11:02:02.468,20.5400,15
39722468022682,11:02:02.468,20.5400,2
39722468022682,11:02:02.468,20.5400,83
39850503940255,11:04:10.503,20.5300,22
39850503940255,11:04:10.503,20.5300,56
39850503940255,11:04:10.503,20.5300,25
39850503940255,11:04:10.503,20.5300,97
40439071358251,11:13:59.071,20.4900,10
40439071358251,11:13:59.071,20.4900,76
40485235616824,11:14:45.235,20.5000,100
40485236317425,11:14:45.236,20.5100,100
40510391960341,11:15:10.391,20.5200,69
40510391960341,11:15:10.391,20.5200,15
40517976470476,11:15:17.976,20.5300,46
40517976492410,11:15:17.976,20.5300,18
40517976506575,11:15:17.976,20.5300,28
40517976538047,11:15:17.976,20.5300,8
40517976538047,11:15:17.976,20.5400,38
40785585537759,11:19:45.585,20.4700,96
40785585679597,11:19:45.585,20.4700,4
40935021656114,11:22:15.021,20.4900,30
40935021959367,11:22:15.021,20.4900,14
40935022181595,11:22:15.022,20.4900,4
40935023530102,11:22:15.023,20.4900,2
40935023685415,11:22:15.023,20.4900,2
41143247260176,11:25:43.247,20.4900,40
41143247559683,11:25:43.247,20.4900,8
41143248555227,11:25:43.248,20.4900,22
41143248602505,11:25:43.248,20.4900,14
41143248666260,11:25:43.248,20.4900,64
41143248666260,11:25:43.248,20.4900,20
41143248852955,11:25:43.248,20.4900,2
41143248891708,11:25:43.248,20.4900,44
41143248895539,11:25:43.248,20.4900,34
41214015239272,11:26:54.015,20.5000,22
41214015239272,11:26:54.015,20.5000,49
41214015239272,11:26:54.015,20.5000,29
41214015396810,11:26:54.015,20.5000,18
41256198056708,11:27:36.198,20.5100,79
41296586929786,11:28:16.586,20.5200,49
41298654120691,11:28:18.654,20.5300,100
41301655238962,11:28:21.655,20.5400,9
41301655773818,11:28:21.655,20.5400,15
41301655773818,11:28:21.655,20.5400,100
41338970040111,11:28:58.970,20.5500,100
41340584799723,11:29:00.584,20.5400,100
41382383452197,11:29:42.383,20.5500,44
41382383452197,11:29:42.383,20.5500,56
41382383736304,11:29:42.383,20.5500,44
41384860463775,11:29:44.860,20.5500,300
41388975882770,11:29:48.975,20.5500,27
41388975882770,11:29:48.975,20.5500,73
41390014168921,11:29:50.014,20.5500,527
41475297988690,11:31:15.297,20.5300,100
41501660211760,11:31:41.660,20.5700,21
41501660211760,11:31:41.660,20.5700,23
41501660211760,11:31:41.660,20.5700,36
41501660211760,11:31:41.660,20.5700,20
41596550971658,11:33:16.550,20.5800,200
41596550971658,11:33:16.550,20.5800,100
41596550971658,11:33:16.550,20.5900,22
41596550971658,11:33:16.550,20.5900,30
41596550971658,11:33:16.550,20.5900,22
41596550971658,11:33:16.550,20.5900,100
41596550971658,11:33:16.550,20.5900,100
41596550971658,11:33:16.550,20.5900,26
41596560662243,11:33:16.560,20.5900,97
41596578970728,11:33:16.578,20.5900,3
41596578970728,11:33:16.578,20.5800,100
41596596992737,11:33:16.596,20.5600,100
41602164843274,11:33:22.164,20.6100,10
41602296788797,11:33:22.296,20.5600,100
41619352949669,11:33:39.352,20.5800,5
41627800271491,11:33:47.800,20.6300,100
41721470045031,11:35:21.470,20.6500,37
41753339898017,11:35:53.339,20.6400,100
41753339898017,11:35:53.339,20.6400,200
41753339898017,11:35:53.339,20.6300,100
41753339898017,11:35:53.339,20.6300,100
41950095908653,11:39:10.095,20.6000,1
41950107536601,11:39:10.107,20.6000,1
42269504316775,11:44:29.504,20.6000,100
42549233629192,11:49:09.233,20.6300,100
42554682957197,11:49:14.682,20.6400,19
42555983999346,11:49:15.983,20.6500,35
42860240635432,11:54:20.240,20.6800,53
42860240635432,11:54:20.240,20.6800,47
42860241192802,11:54:20.241,20.6800,53
42860252294831,11:54:20.252,20.6800,5
43157062014638,11:59:17.062,20.6500,100
43312102088087,12:01:52.102,20.6700,15
43312102088087,12:01:52.102,20.6700,34
43312246912118,12:01:52.246,20.6600,100
43348921361079,12:02:28.921,20.6700,10
43348921361079,12:02:28.921,20.6700,59
43348921361079,12:02:28.921,20.6700,100
43511464894034,12:05:11.464,20.6900,10
43511473944085,12:05:11.473,20.6900,46
43511486698429,12:05:11.486,20.6900,44
43773698174285,12:09:33.698,20.6400,1
43773699507279,12:09:33.699,20.6400,1
43889824940025,12:11:29.824,20.6800,36
43889824940025,12:11:29.824,20.6800,48
43909750600584,12:11:49.750,20.6900,48
44055630399770,12:14:15.630,20.6800,100
44123979185616,12:15:23.979,20.6600,1
44123990673883,12:15:23.990,20.6600,1
44146672001875,12:15:46.672,20.6600,1
44155395502562,12:15:55.395,20.6600,25
44155395521347,12:15:55.395,20.6600,72
44163360031433,12:16:03.360,20.6500,300
44225847748748,12:17:05.847,20.6400,1
44226360383662,12:17:06.360,20.6400,1
44288524953573,12:18:08.524,20.6400,1
44288526289798,12:18:08.526,20.6400,1
44288527608221,12:18:08.527,20.6400,1
44288528989528,12:18:08.528,20.6400,1
44288530342104,12:18:08.530,20.6400,1
44288531671831,12:18:08.531,20.6400,1
44288533020629,12:18:08.533,20.6400,1
44288534352118,12:18:08.534,20.6400,1
44288545860959,12:18:08.545,20.6400,1
44288547251314,12:18:08.547,20.6400,1
44288548606521,12:18:08.548,20.6400,1
44288550028128,12:18:08.550,20.6400,1
44288552756834,12:18:08.552,20.6400,1
44288564367175,12:18:08.564,20.6400,1
44288565859699,12:18:08.565,20.6400,1
44288567224364,12:18:08.567,20.6400,1
44289083205113,12:18:09.083,20.6400,1
44289692827338,12:18:09.692,20.6400,1
44289694235905,12:18:09.694,20.6400,1
44289695602485,12:18:09.695,20.6400,1
44289696939501,12:18:09.696,20.6400,1
44289698278348,12:18:09.698,20.6400,1
44289699606125,12:18:09.699,20.6400,1
44289700950533,12:18:09.700,20.6400,1
44289702256401,12:18:09.702,20.6400,1
44289732718683,12:18:09.732,20.6400,1
44289793191338,12:18:09.793,20.6400,1
44289883755007,12:18:09.883,20.6400,1
44290004472285,12:18:10.004,20.6400,1
44290155117470,12:18:10.155,20.6400,1
44290306864460,12:18:10.306,20.6400,1
44290488470172,12:18:10.488,20.6400,1
44290700073544,12:18:10.700,20.6400,1
44290941726463,12:18:10.941,20.6400,1
44291211393963,12:18:11.211,20.6400,1
44291511077418,12:18:11.511,20.6400,1
44291812653347,12:18:11.812,20.6400,1
44292144239232,12:18:12.144,20.6400,1
44292505816626,12:18:12.505,20.6400,1
44293709530606,12:18:13.709,20.6400,1
44294158229882,12:18:14.158,20.6400,1
44294610944789,12:18:14.610,20.6400,1
44362185596668,12:19:22.185,20.6300,1
44362187016950,12:19:22.187,20.6300,1
44368997732334,12:19:28.997,20.6300,1
44368999106368,12:19:28.999,20.6300,1
44369000449928,12:19:29.000,20.6300,1
44374524318032,12:19:34.524,20.6300,1
44377209473154,12:19:37.209,20.6300,1
44379618565971,12:19:39.618,20.6300,1
44379619997827,12:19:39.619,20.6300,1
44384304283120,12:19:44.304,20.6300,1
44384305768872,12:19:44.305,20.6300,1
44384307101320,12:19:44.307,20.6300,1
44384334863714,12:19:44.334,20.6300,1
44389866175926,12:19:49.866,20.6300,1
44389867608718,12:19:49.867,20.6300,1
44389869026854,12:19:49.869,20.6300,1
44394236489510,12:19:54.236,20.6300,1
44394237903040,12:19:54.237,20.6300,1
44394239250614,12:19:54.239,20.6300,1
44403567552815,12:20:03.567,20.6300,1
44403568959435,12:20:03.568,20.6300,1
44403570406012,12:20:03.570,20.6300,1
44403571745790,12:20:03.571,20.6300,1
44403573058393,12:20:03.573,20.6300,1
44403574379271,12:20:03.574,20.6300,1
44411738165192,12:20:11.738,20.6300,1
44423222069384,12:20:23.222,20.6300,1
44430455520872,12:20:30.455,20.6300,1
44430457064997,12:20:30.457,20.6300,1
44430458408242,12:20:30.458,20.6300,1
44434298705126,12:20:34.298,20.6300,1
44442299366747,12:20:42.299,20.6300,1
44442300817843,12:20:42.300,20.6300,1
44442302271900,12:20:42.302,20.6300,1
44442303661961,12:20:42.303,20.6300,1
44442304992801,12:20:42.304,20.6300,1
44588855250900,12:23:08.855,20.6400,1
44621531127025,12:23:41.531,20.6600,100
44650187702434,12:24:10.187,20.6400,1
44683615916097,12:24:43.615,20.6600,2
44683615916097,12:24:43.615,20.6600,7
44683615916097,12:24:43.615,20.6600,2
44683615916097,12:24:43.615,20.6600,2
44693546998693,12:24:53.546,20.6450,800
44766042062250,12:26:06.042,20.6400,100
44880059913475,12:28:00.059,20.6200,1
44880061298656,12:28:00.061,20.6200,1
45163396527723,12:32:43.396,20.6300,100
45163396643813,12:32:43.396,20.6300,82
45191593529702,12:33:11.593,20.6300,318
45191593716000,12:33:11.593,20.6300,100
45192819542636,12:33:12.819,20.6300,69
45192819569693,12:33:12.819,20.6300,7
45192819629713,12:33:12.819,20.6300,15
45215736173836,12:33:35.736,20.6300,200
45215736352278,12:33:35.736,20.6300,12
45215736406135,12:33:35.736,20.6300,12
45218487298273,12:33:38.487,20.6000,40
45218487481177,12:33:38.487,20.6000,59
45284561943554,12:34:44.561,20.6200,2
45284561943554,12:34:44.561,20.6200,1
45284561943554,12:34:44.561,20.6200,4
45284561943554,12:34:44.561,20.6200,3
45298761452444,12:34:58.761,20.6300,100
45302263024928,12:35:02.263,20.6550,400
45303770016543,12:35:03.770,20.6500,600
45591584862291,12:39:51.584,20.6000,1
45652651879502,12:40:52.651,20.6200,2
45652651879502,12:40:52.651,20.6200,1
45652651879502,12:40:52.651,20.6200,2
45652652364257,12:40:52.652,20.6150,500
45652652520400,12:40:52.652,20.6300,1400
45652652822567,12:40:52.652,20.6300,12
45652654227202,12:40:52.654,20.6200,100
45652654227202,12:40:52.654,20.6200,100
45652655907217,12:40:52.655,20.6200,100
45652655907217,12:40:52.655,20.6200,88
45652655907217,12:40:52.655,20.6200,100
45664386758752,12:41:04.386,20.6300,100
45664387423065,12:41:04.387,20.6300,300
45664387423065,12:41:04.387,20.6300,200
45705238012166,12:41:45.238,20.6250,600
45707239001605,12:41:47.239,20.6250,500
45758669010360,12:42:38.669,20.6200,100
45758669010360,12:42:38.669,20.6200,400
45829764768431,12:43:49.764,20.6200,300
45843169803679,12:44:03.169,20.6500,1
45843174300718,12:44:03.174,20.6500,1
45843174300718,12:44:03.174,20.6500,1
45859169407414,12:44:19.169,20.6500,78
45859169434799,12:44:19.169,20.6500,21
45859169434799,12:44:19.169,20.6500,22
45910809465245,12:45:10.809,20.6600,12
45910809465245,12:45:10.809,20.6600,1
45910809465245,12:45:10.809,20.6600,28
45910810128289,12:45:10.810,20.6800,100
45911607223825,12:45:11.607,20.6900,100
45911607223825,12:45:11.607,20.6900,100
45911607223825,12:45:11.607,20.6900,100
45937197929785,12:45:37.197,20.7100,10
45953533572792,12:45:53.533,20.7400,100
45953536577098,12:45:53.536,20.7500,41
45953536600269,12:45:53.536,20.7500,100
45953536601845,12:45:53.536,20.7500,5
45953542476402,12:45:53.542,20.7500,100
46039022123345,12:47:19.022,20.7600,43
46039023731427,12:47:19.023,20.7800,11
46239708434733,12:50:39.708,20.8200,100
46247395353191,12:50:47.395,20.8100,100
46258530461582,12:50:58.530,20.7800,100
46258532371556,12:50:58.532,20.7800,1
46263362291891,12:51:03.362,20.7700,8
46271830638385,12:51:11.830,20.7500,100
46271830638385,12:51:11.830,20.7500,100
46276768095560,12:51:16.768,20.7700,1
46276770461172,12:51:16.770,20.7700,1
46339019676334,12:52:19.019,20.8000,100
46661441359391,12:57:41.441,20.7300,100
46661470748190,12:57:41.470,20.7300,100
46662454384169,12:57:42.454,20.7300,6
46826346866380,13:00:26.346,20.7300,100
47144570840031,13:05:44.570,20.6900,1
47175053215061,13:06:15.053,20.6800,60
47175053215061,13:06:15.053,20.6800,30
47175053215061,13:06:15.053,20.6800,10
47175053733491,13:06:15.053,20.6800,30
47175435115745,13:06:15.435,20.6800,3
47175435140726,13:06:15.435,20.6800,67
47198213934452,13:06:38.213,20.6800,58
47198213955786,13:06:38.213,20.6900,32
47198213969850,13:06:38.213,20.6900,68
47320066629875,13:08:40.066,20.6300,1
47320519264343,13:08:40.519,20.6300,1
47321004017758,13:08:41.004,20.6300,1
47321521653901,13:08:41.521,20.6300,1
47322039308876,13:08:42.039,20.6300,1
47322588930053,13:08:42.588,20.6300,1
47323170621366,13:08:43.170,20.6300,1
47329536615557,13:08:49.536,20.6600,100
47329536693153,13:08:49.536,20.6600,100
47329538766291,13:08:49.538,20.6600,1
47591810653318,13:13:11.810,20.6300,1
47591812036310,13:13:11.812,20.6300,1
47591813356425,13:13:11.813,20.6300,1
47591814670423,13:13:11.814,20.6300,1
47591816080735,13:13:11.816,20.6300,1
47591817463354,13:13:11.817,20.6300,1
47591818848802,13:13:11.818,20.6300,1
47591820172809,13:13:11.820,20.6300,1
47591821555168,13:13:11.821,20.6300,1
47591822883953,13:13:11.822,20.6300,1
47591824189793,13:13:11.824,20.6300,1
47600825016147,13:13:20.825,20.6300,1
47624287169480,13:13:44.287,20.6300,1
47624288679388,13:13:44.288,20.6300,1
47624291035127,13:13:44.291,20.6300,1
47624292453913,13:13:44.292,20.6300,1
47624293789818,13:13:44.293,20.6300,1
47624295128161,13:13:44.295,20.6300,1
47624299221577,13:13:44.299,20.6300,1
47624300592277,13:13:44.300,20.6300,1
47624301970900,13:13:44.301,20.6300,1
47624303276647,13:13:44.303,20.6300,1
47624304663003,13:13:44.304,20.6300,1
47624306030480,13:13:44.306,20.6300,1
47624307357924,13:13:44.307,20.6300,1
47624308680102,13:13:44.308,20.6300,1
47624310016050,13:13:44.310,20.6300,1
47624311323192,13:13:44.311,20.6300,1
47624312627931,13:13:44.312,20.6300,1
47624415665032,13:13:44.415,20.6300,1
47625338585738,13:13:45.338,20.6300,1
47625340050871,13:13:45.340,20.6300,1
47625341404706,13:13:45.341,20.6300,1
47625342732795,13:13:45.342,20.6300,1
47625344088950,13:13:45.344,20.6300,1
47625345420369,13:13:45.345,20.6300,1
47625346751514,13:13:45.346,20.6300,1
47639806858833,13:13:59.806,20.6300,1
47639808250738,13:13:59.808,20.6300,1
47639809747853,13:13:59.809,20.6300,1
47639811132622,13:13:59.811,20.6300,1
47639812618152,13:13:59.812,20.6300,1
47639814021067,13:13:59.814,20.6300,1
47639815429022,13:13:59.815,20.6300,1
47639816783225,13:13:59.816,20.6300,1
47639852222535,13:13:59.852,20.6300,1
47639921737846,13:13:59.921,20.6300,1
47640025322955,13:14:00.025,20.6300,1
47640162945255,13:14:00.162,20.6300,1
47640334657104,13:14:00.334,20.6300,1
47640508168736,13:14:00.508,20.6300,1
47640714751951,13:14:00.714,20.6300,1
47640955353111,13:14:00.955,20.6300,1
47641230316904,13:14:01.230,20.6300,1
47641538855269,13:14:01.538,20.6300,1
47641881437473,13:14:01.881,20.6300,1
47642226987659,13:14:02.226,20.6300,1
47642604555850,13:14:02.604,20.6300,1
47643016105003,13:14:03.016,20.6300,1
47643461839473,13:14:03.461,20.6300,1
47643911472624,13:14:03.911,20.6300,1
47677147166259,13:14:37.147,20.6300,1
47677148502163,13:14:37.148,20.6300,1
47677149837485,13:14:37.149,20.6300,1
47677151267967,13:14:37.151,20.6300,1
47677152673070,13:14:37.152,20.6300,1
47677154023208,13:14:37.154,20.6300,1
47677155454431,13:14:37.155,20.6300,1
47677156755823,13:14:37.156,20.6300,1
47677192259008,13:14:37.192,20.6300,1
47677261712866,13:14:37.261,20.6300,1
47677366215393,13:14:37.366,20.6300,1
47677504726127,13:14:37.504,20.6300,1
47677678315067,13:14:37.678,20.6300,1
47677885937788,13:14:37.885,20.6300,1
47678128540815,13:14:38.128,20.6300,1
47678405178024,13:14:38.405,20.6300,1
47678681921895,13:14:38.681,20.6300,1
47678993524230,13:14:38.993,20.6300,1
47679339089794,13:14:39.339,20.6300,1
47679719631966,13:14:39.719,20.6300,1
47680134209714,13:14:40.134,20.6300,1
47680548810221,13:14:40.548,20.6300,1
47680998417682,13:14:40.998,20.6300,1
47681482081022,13:14:41.482,20.6300,1
47681965813305,13:14:41.965,20.6300,1
47682484418406,13:14:42.484,20.6300,1
47683037037507,13:14:43.037,20.6300,1
47683589656660,13:14:43.589,20.6300,1
47684177302572,13:14:44.177,20.6300,1
47684798972938,13:14:44.798,20.6300,1
47696289372006,13:14:56.289,20.6300,1
47696703966614,13:14:56.703,20.6300,1
47697122651473,13:14:57.122,20.6300,1
47697572216647,13:14:57.572,20.6300,1
47698055813229,13:14:58.055,20.6300,1
47698574409551,13:14:58.574,20.6300,1
47699097009347,13:14:59.097,20.6300,1
47699649627410,13:14:59.649,20.6300,1
47700207211604,13:15:00.207,20.6300,1
47700794845815,13:15:00.794,20.6300,1
47701416549269,13:15:01.416,20.6300,1
47705135110824,13:15:05.135,20.6300,1
47705722780923,13:15:05.722,20.6300,1
47706344447683,13:15:06.344,20.6300,1
47715439400380,13:15:15.439,20.6300,1
47715962018087,13:15:15.962,20.6300,1
47716519654281,13:15:16.519,20.6300,1
47734555657658,13:15:34.555,20.6300,1
47734870259443,13:15:34.870,20.6300,1
47740558078356,13:15:40.558,20.6300,1
47743474277017,13:15:43.474,20.6300,1
47744490779654,13:15:44.490,20.6300,1
47798302774503,13:16:38.302,20.6300,1
47804625701437,13:16:44.625,20.6300,1
47813216586807,13:16:53.216,20.6300,1
47813678272561,13:16:53.678,20.6300,1
47814170847541,13:16:54.170,20.6300,1
47814667448621,13:16:54.667,20.6300,1
47815199051651,13:16:55.199,20.6300,1
47815761664282,13:16:55.761,20.6300,1
47816329331329,13:16:56.329,20.6300,1
47816931948113,13:16:56.931,20.6300,1
47822294982585,13:17:02.294,20.6300,1
47825116623385,13:17:05.116,20.6300,1
47825684297476,13:17:05.684,20.6300,1
47826286936366,13:17:06.286,20.6300,1
47858494724658,13:17:38.494,20.6300,1
47858566314512,13:17:38.566,20.6300,1
47858673812449,13:17:38.673,20.6300,1
47858816441894,13:17:38.816,20.6300,1
47858994120963,13:17:38.994,20.6300,1
47859207733379,13:17:39.207,20.6300,1
48061080488339,13:21:01.080,20.6300,1
48169648747170,13:22:49.648,20.6300,1
48172383757342,13:22:52.383,20.6300,1
48177583070011,13:22:57.583,20.6300,1
48210218808897,13:23:30.218,20.6300,1
48210220231714,13:23:30.220,20.6300,1
48210224804762,13:23:30.224,20.6300,1
48210237351460,13:23:30.237,20.6300,1
48210240812366,13:23:30.240,20.6300,1
48210242260371,13:23:30.242,20.6300,1
48219102032996,13:23:39.102,20.6300,1
48229314614023,13:23:49.314,20.6300,1
48229316081623,13:23:49.316,20.6300,1
48229317432296,13:23:49.317,20.6300,1
48229318914659,13:23:49.318,20.6300,1
48229320262838,13:23:49.320,20.6300,1
48229322966507,13:23:49.322,20.6300,1
48230086705476,13:23:50.086,20.6300,1
48231093501138,13:23:51.093,20.6300,1
48231345091932,13:23:51.345,20.6300,1
48231631709265,13:23:51.631,20.6300,1
48231954308735,13:23:51.954,20.6300,1
48232279925442,13:23:52.279,20.6300,1
48232638544039,13:23:52.638,20.6300,1
48233032166012,13:23:53.032,20.6300,1
48233461861243,13:23:53.461,20.6300,1
48233895438618,13:23:53.895,20.6300,1
48234361150811,13:23:54.361,20.6300,1
48291940943570,13:24:51.940,20.6300,1
48292513503430,13:24:52.513,20.6300,1
48321524472494,13:25:21.524,20.6500,34
48321524472494,13:25:21.524,20.6500,66
48321524825716,13:25:21.524,20.6500,13
48321524909988,13:25:21.524,20.6500,13
48321525148426,13:25:21.525,20.6500,100
48334911905063,13:25:34.911,20.6500,87
48356899337993,13:25:56.899,20.6500,200
48356899337993,13:25:56.899,20.6500,211
48357900310595,13:25:57.900,20.6500,44
48357900310595,13:25:57.900,20.6500,65
48622162944855,13:30:22.162,20.6300,1
48622162969915,13:30:22.162,20.6300,99
48729767636007,13:32:09.767,20.6000,100
48747886718801,13:32:27.886,20.6300,17
48747886718801,13:32:27.886,20.6300,83
48747887934218,13:32:27.887,20.6300,17
48987190789717,13:36:27.190,20.6300,1
48987656417971,13:36:27.656,20.6300,1
48988153018773,13:36:28.153,20.6300,1
48988684539893,13:36:28.684,20.6300,1
48989221160634,13:36:29.221,20.6300,1
48989788710353,13:36:29.788,20.6300,1
48990391310420,13:36:30.391,20.6300,1
48992934139409,13:36:32.934,20.6300,100
48992977592146,13:36:32.977,20.6200,100
49141471391092,13:39:01.471,20.6000,4
49141471391092,13:39:01.471,20.6000,62
49141474294602,13:39:01.474,20.5900,100
49141474294602,13:39:01.474,20.5900,100
49147887504742,13:39:07.887,20.5900,100
49147887504742,13:39:07.887,20.5900,100
49191760635134,13:39:51.760,20.6000,100
49215824377950,13:40:15.824,20.6000,8
49215824377950,13:40:15.824,20.6000,29
49215826942480,13:40:15.826,20.5900,100
49215826942480,13:40:15.826,20.5900,100
49215826942480,13:40:15.826,20.5900,100
49229384046934,13:40:29.384,20.5900,100
49351132318870,13:42:31.132,20.5900,2
49354145380165,13:42:34.145,20.5900,19
49542952845793,13:45:42.952,20.5900,4
49542952845793,13:45:42.952,20.5900,84
49564064798041,13:46:04.064,20.6000,44
49584358499867,13:46:24.358,20.6000,100
49584358499867,13:46:24.358,20.6100,5
49584358499867,13:46:24.358,20.6100,2
49584358499867,13:46:24.358,20.6100,2
49584358499867,13:46:24.358,20.6100,2
49611337766738,13:46:51.337,20.6100,243
49622876210600,13:47:02.876,20.6100,100
49622876235700,13:47:02.876,20.6100,5
49636867980962,13:47:16.867,20.6000,100
49645499744896,13:47:25.499,20.6000,35
49645499744896,13:47:25.499,20.6000,65
49942814914376,13:52:22.814,20.6000,100
49951434205089,13:52:31.434,20.6000,100
49951434205089,13:52:31.434,20.6000,100
49951443370825,13:52:31.443,20.6000,100
49951445879276,13:52:31.445,20.6000,1
49951448061082,13:52:31.448,20.6100,1
49951448061082,13:52:31.448,20.6100,51
49951448061082,13:52:31.448,20.6100,28
49951448061082,13:52:31.448,20.6100,20
49951473221328,13:52:31.473,20.6000,99
49966527248344,13:52:46.527,20.6000,100
49988232919746,13:53:08.232,20.6000,100
50002148922512,13:53:22.148,20.6000,100
50004626492310,13:53:24.626,20.6000,100
50014387073646,13:53:34.387,20.6000,100
50018261560646,13:53:38.261,20.6000,100
50018261710761,13:53:38.261,20.6000,100
50023237974216,13:53:43.237,20.6000,1
50027211519328,13:53:47.211,20.6000,6
50028604904430,13:53:48.604,20.6000,100
50028604904430,13:53:48.604,20.6000,100
50028604904430,13:53:48.604,20.6000,100
50028604904430,13:53:48.604,20.6000,100
50028604904430,13:53:48.604,20.6000,100
50028604904430,13:53:48.604,20.6000,100
50028604904430,13:53:48.604,20.6000,93
50028604904430,13:53:48.604,20.6000,100
50139419530761,13:55:39.419,20.5900,99
50139419532180,13:55:39.419,20.5900,1
50140420783395,13:55:40.420,20.5900,100
50335407967222,13:58:55.407,20.5800,15
50335407991738,13:58:55.407,20.5800,85
50336176012071,13:58:56.176,20.5800,1
50402707170189,14:00:02.707,20.5800,16
50402707170189,14:00:02.707,20.5800,45
50402707170189,14:00:02.707,20.5800,15
50404446961732,14:00:04.446,20.5800,100
50409000983268,14:00:09.000,20.5800,100
50505827002873,14:01:45.827,20.5900,2
50505827002873,14:01:45.827,20.5900,17
50505827002873,14:01:45.827,20.5900,29
50505827002873,14:01:45.827,20.5900,13
50505827002873,14:01:45.827,20.5900,4
50512533326922,14:01:52.533,20.5700,100
50512556056335,14:01:52.556,20.5700,4
50671764292338,14:04:31.764,20.5900,2
50671764292338,14:04:31.764,20.5900,10
50671764292338,14:04:31.764,20.5900,67
50671764292338,14:04:31.764,20.5900,21
50671764432429,14:04:31.764,20.5900,11
50671764432429,14:04:31.764,20.5900,24
50671764432429,14:04:31.764,20.5900,88
50671765813744,14:04:31.765,20.5900,43
50671766710622,14:04:31.766,20.5900,1
50671909850979,14:04:31.909,20.5900,42
50715769820729,14:05:15.769,20.6000,100
50781964461523,14:06:21.964,20.6100,21
50781964461523,14:06:21.964,20.6200,64
50781964461523,14:06:21.964,20.6200,1
50781964461523,14:06:21.964,20.6200,15
50781964461523,14:06:21.964,20.6200,2
50781964461523,14:06:21.964,20.6200,1
50864044296381,14:07:44.044,20.6300,44
50864044303155,14:07:44.044,20.6300,6
50946117033079,14:09:06.117,20.6500,103
50946117033079,14:09:06.117,20.6500,2
50946117033079,14:09:06.117,20.6500,133
50948320030553,14:09:08.320,20.6350,200
50981259611687,14:09:41.259,20.6400,11
50981260050051,14:09:41.260,20.6400,19
50981260050051,14:09:41.260,20.6400,16
50981260065759,14:09:41.260,20.6400,54
51060201762018,14:11:00.201,20.6300,1
51060268398200,14:11:00.268,20.6500,100
51071132759961,14:11:11.132,20.6600,237
51071132759961,14:11:11.132,20.6600,100
51177650469366,14:12:57.650,20.6900,76
51177650469366,14:12:57.650,20.6900,15
51290358986196,14:14:50.358,20.7200,14
51290358986196,14:14:50.358,20.7200,25
51290359118716,14:14:50.359,20.7300,100
51290359118716,14:14:50.359,20.7300,100
51290360720686,14:14:50.360,20.7300,100
51290360735041,14:14:50.360,20.7300,100
51290396083854,14:14:50.396,20.7400,100
51311760514910,14:15:11.760,20.7600,100
51371766966562,14:16:11.766,20.7600,94
51371766966562,14:16:11.766,20.7600,32
51371766966562,14:16:11.766,20.7600,74
51371767037910,14:16:11.767,20.7600,26
51515576262516,14:18:35.576,20.7800,27
51515576262516,14:18:35.576,20.7800,66
51515576262516,14:18:35.576,20.7800,3
51515577177960,14:18:35.577,20.7800,100
51515577177960,14:18:35.577,20.7900,100
51515578109834,14:18:35.578,20.8000,100
51635770740094,14:20:35.770,20.7900,100
51676476137229,14:21:16.476,20.7700,1
51692300532413,14:21:32.300,20.7800,1
51701770322582,14:21:41.770,20.8000,100
51701770322582,14:21:41.770,20.8000,100
51701770322582,14:21:41.770,20.8000,100
51701770322582,14:21:41.770,20.8000,100
51701770395872,14:21:41.770,20.8000,100
51701770585196,14:21:41.770,20.8000,100
51701773354095,14:21:41.773,20.8200,100
51846847601550,14:24:06.847,20.8100,1
51847543160384,14:24:07.543,20.8100,1
51848238836676,14:24:08.238,20.8100,1
51848937569178,14:24:08.937,20.8100,1
51849636219050,14:24:09.636,20.8100,1
51850348914484,14:24:10.348,20.8100,1
51851061627204,14:24:11.061,20.8100,1
51851774310535,14:24:11.774,20.8100,1
51852486955861,14:24:12.486,20.8100,1
51853199567896,14:24:13.199,20.8100,1
51853912212297,14:24:13.912,20.8100,1
51854624739796,14:24:14.624,20.8100,1
51855337327416,14:24:15.337,20.8100,1
51856050227374,14:24:16.050,20.8100,1
51856762931509,14:24:16.762,20.8100,1
51857478453282,14:24:17.478,20.8100,1
51858194124212,14:24:18.194,20.8100,1
51858909803293,14:24:18.909,20.8100,1
51859625379019,14:24:19.625,20.8100,1
51861056332459,14:24:21.056,20.8100,1
51861771960744,14:24:21.771,20.8100,1
51862501569230,14:24:22.501,20.8100,1
51863231182032,14:24:23.231,20.8100,1
51863960737910,14:24:23.960,20.8100,1
51864693051948,14:24:24.693,20.8100,1
51865422637699,14:24:25.422,20.8100,1
51866152321534,14:24:26.152,20.8100,1
51866881945511,14:24:26.881,20.8100,1
51867611545606,14:24:27.611,20.8100,1
51868344072291,14:24:28.344,20.8100,1
51869076630819,14:24:29.076,20.8100,1
51869809221182,14:24:29.809,20.8100,1
51870541817189,14:24:30.541,20.8100,1
51871274572811,14:24:31.274,20.8100,1
51872007344871,14:24:32.007,20.8100,1
51872739996898,14:24:32.739,20.8100,1
51873472614340,14:24:33.472,20.8100,1
51874205295014,14:24:34.205,20.8100,1
51874937975628,14:24:34.937,20.8100,1
51875670544501,14:24:35.670,20.8100,1
51876403239331,14:24:36.403,20.8100,1
51877135920554,14:24:37.135,20.8100,1
51877868677345,14:24:37.868,20.8100,1
51878601279761,14:24:38.601,20.8100,1
51878603229093,14:24:38.603,20.8400,20
51878603229093,14:24:38.603,20.8400,106
51878604660120,14:24:38.604,20.8400,100
51878613538602,14:24:38.613,20.8400,100
51878615268038,14:24:38.615,20.8300,100
51878615268038,14:24:38.615,20.8300,100
51878615268038,14:24:38.615,20.8300,94
51878615787615,14:24:38.615,20.8200,100
51878615787615,14:24:38.615,20.8200,100
51878615787615,14:24:38.615,20.8200,100
51878615787615,14:24:38.615,20.8200,100
51878709733644,14:24:38.709,20.8100,100
52007801177720,14:26:47.801,20.8100,56
52033619461732,14:27:13.619,20.7900,100
52033722428707,14:27:13.722,20.7900,100
52099973225967,14:28:19.973,20.7700,71
52099973225967,14:28:19.973,20.7700,20
52099973225967,14:28:19.973,20.7700,5
52099973483790,14:28:19.973,20.7800,100
52188482199129,14:29:48.482,20.7600,100
52189483168971,14:29:49.483,20.7600,100
52191073995885,14:29:51.073,20.7100,100
52191074079262,14:29:51.074,20.7100,100
52191074346735,14:29:51.074,20.7300,75
52191074357670,14:29:51.074,20.7300,25
52191078046568,14:29:51.078,20.7400,100
52233982671257,14:30:33.982,20.7300,1
52285672845648,14:31:25.672,20.7400,1
52285672869832,14:31:25.672,20.7400,99
52285673824293,14:31:25.673,20.7400,100
52285673864327,14:31:25.673,20.7400,100
52285673913050,14:31:25.673,20.7400,100
52287013574640,14:31:27.013,20.7300,1
52287013600531,14:31:27.013,20.7300,99
52299920739297,14:31:39.920,20.7300,44
52299920739297,14:31:39.920,20.7300,17
52299920739297,14:31:39.920,20.7300,15
52299921538916,14:31:39.921,20.7400,100
52299921563858,14:31:39.921,20.7400,100
52373462818739,14:32:53.462,20.7200,98
52517959550950,14:35:17.959,20.7400,20
52517959550950,14:35:17.959,20.7400,55
52517959604348,14:35:17.959,20.7400,13
52518093207191,14:35:18.093,20.7400,100
52545692736801,14:35:45.692,20.7500,8
52545692736801,14:35:45.692,20.7500,96
52576695048828,14:36:16.695,20.7400,100
52662483740276,14:37:42.483,20.7600,100
52662547168710,14:37:42.547,20.7600,70
52722060390502,14:38:42.060,20.7900,2
52722128449989,14:38:42.128,20.7900,100
52722128449989,14:38:42.128,20.7900,86
52733297779111,14:38:53.297,20.7900,100
52740903226536,14:39:00.903,20.7800,100
52764909551587,14:39:24.909,20.7900,5
52793002184466,14:39:53.002,20.8000,2
52832016243652,14:40:32.016,20.7900,95
52842806321934,14:40:42.806,20.7900,100
52950730062622,14:42:30.730,20.8000,1
52951481754034,14:42:31.481,20.8000,1
52952233343096,14:42:32.233,20.8000,1
52952984972993,14:42:32.984,20.8000,1
52953736522192,14:42:33.736,20.8000,1
52954491158320,14:42:34.491,20.8000,1
52956000273382,14:42:36.000,20.8000,1
52956770899511,14:42:36.770,20.8000,1
52957541561949,14:42:37.541,20.8000,1
52958312213431,14:42:38.312,20.8000,1
52959082841833,14:42:39.082,20.8000,1
52959853552052,14:42:39.853,20.8000,1
52960627305123,14:42:40.627,20.8000,1
52961400936287,14:42:41.400,20.8000,1
52962174574054,14:42:42.174,20.8000,1
52962948206401,14:42:42.948,20.8000,1
52963721842747,14:42:43.721,20.8000,1
52964511528277,14:42:44.511,20.8000,1
52965301089869,14:42:45.301,20.8000,1
52966090808728,14:42:46.090,20.8000,1
52966880449137,14:42:46.880,20.8000,1
52967674127315,14:42:47.674,20.8000,1
52968467739892,14:42:48.467,20.8000,1
52969261385620,14:42:49.261,20.8000,1
52970055089389,14:42:50.055,20.8000,1
52973229549952,14:42:53.229,20.8000,1
52974023253712,14:42:54.023,20.8000,1
52974831922449,14:42:54.831,20.8000,1
52975640530210,14:42:55.640,20.8000,1
52976449241771,14:42:56.449,20.8000,1
52977261844987,14:42:57.261,20.8000,1
52978074596535,14:42:58.074,20.8000,1
52978887274272,14:42:58.887,20.8000,1
52995314926021,14:43:15.314,20.8000,1
52996146695881,14:43:16.146,20.8000,1
52996978405198,14:43:16.978,20.8000,1
52997591246798,14:43:17.591,20.8000,264
52998592880471,14:43:18.592,20.7900,100
52998592880471,14:43:18.592,20.8000,19
52998592880471,14:43:18.592,20.8000,62
52998592880471,14:43:18.592,20.8000,119
53002612157979,14:43:22.612,20.8000,100
53042955425075,14:44:02.955,20.8100,2
53056516656169,14:44:16.516,20.8100,2
53056516656169,14:44:16.516,20.8100,2
53056516656169,14:44:16.516,20.8100,2
53056518167306,14:44:16.518,20.8100,100
53228853256552,14:47:08.853,20.8300,5
53228853268517,14:47:08.853,20.8300,49
53228853268517,14:47:08.853,20.8300,2
53228853268517,14:47:08.853,20.8300,5
53394130573567,14:49:54.130,20.8100,66
53543710826921,14:52:23.710,20.7800,1
53695698014337,14:54:55.698,20.7800,99
53695698014337,14:54:55.698,20.7700,1
53705107007460,14:55:05.107,20.7800,100
53705108898159,14:55:05.108,20.7700,99
53705109653290,14:55:05.109,20.7700,100
53705109653290,14:55:05.109,20.7800,100
53705109653290,14:55:05.109,20.7800,100
53706380389284,14:55:06.380,20.7700,100
53706393251716,14:55:06.393,20.7800,100
53756793303667,14:55:56.793,20.7400,100
53830656418857,14:57:10.656,20.7300,1
53830983988506,14:57:10.983,20.7300,1
53831331608352,14:57:11.331,20.7300,1
53831698188163,14:57:11.698,20.7300,1
53832066799735,14:57:12.066,20.7300,1
53832455421652,14:57:12.455,20.7300,1
53832844017262,14:57:12.844,20.7300,1
53833253620109,14:57:13.253,20.7300,1
53833663161079,14:57:13.663,20.7300,1
53834092800867,14:57:14.092,20.7300,1
53834540412164,14:57:14.540,20.7300,1
53834990140010,14:57:14.990,20.7300,1
53835458782232,14:57:15.458,20.7300,1
53835929373531,14:57:15.929,20.7300,1
53836417935751,14:57:16.417,20.7300,1
53836908542067,14:57:16.908,20.7300,1
53837399163881,14:57:17.399,20.7300,1
53837910716760,14:57:17.910,20.7300,1
53838422311470,14:57:18.422,20.7300,1
53838953906254,14:57:18.953,20.7300,1
53839485510872,14:57:19.485,20.7300,1
53840038178471,14:57:20.038,20.7300,1
53840590756762,14:57:20.590,20.7300,1
53841143414599,14:57:21.143,20.7300,1
53841715965136,14:57:21.715,20.7300,1
53842288619228,14:57:22.288,20.7300,1
53842881171488,14:57:22.881,20.7300,1
53843473759063,14:57:23.473,20.7300,1
53844066546078,14:57:24.066,20.7300,1
53844680164553,14:57:24.680,20.7300,1
53845293793460,14:57:25.293,20.7300,1
53860707509783,14:57:40.707,20.7300,1
53861139069969,14:57:41.139,20.7300,1
53861588660685,14:57:41.588,20.7300,1
53862041201599,14:57:42.041,20.7300,1
53862511752570,14:57:42.511,20.7300,1
53862984344755,14:57:42.984,20.7300,1
53863474830654,14:57:43.474,20.7300,1
53863968428646,14:57:43.968,20.7300,1
53930757731308,14:58:50.757,20.7500,56
53930758178378,14:58:50.758,20.7500,44
53930758178378,14:58:50.758,20.7500,19
53930758178378,14:58:50.758,20.7500,62
53930758178378,14:58:50.758,20.7500,32
53930758178378,14:58:50.758,20.7500,30
53930759084170,14:58:50.759,20.7500,100
53930759085473,14:58:50.759,20.7500,100
54055687393748,15:00:55.687,20.7800,34
54055687393748,15:00:55.687,20.7800,54
54055687393748,15:00:55.687,20.7800,5
54055687393748,15:00:55.687,20.7800,7
54055687511041,15:00:55.687,20.7800,19
54055687511041,15:00:55.687,20.7800,5
54055688059791,15:00:55.688,20.7800,100
54055688059791,15:00:55.688,20.7800,100
54055688059791,15:00:55.688,20.7800,100
54055688059791,15:00:55.688,20.7800,19
54055688059791,15:00:55.688,20.7800,100
54055688059791,15:00:55.688,20.7800,18
54055688059791,15:00:55.688,20.7800,100
54055688059791,15:00:55.688,20.7800,100
54055688059791,15:00:55.688,20.7800,100
54055688059791,15:00:55.688,20.7800,100
54055688059791,15:00:55.688,20.7800,100
54055688059791,15:00:55.688,20.7800,100
54055689211636,15:00:55.689,20.7800,100
54055792749688,15:00:55.792,20.7600,100
54056164726378,15:00:56.164,20.7400,100
54056164726378,15:00:56.164,20.7400,100
54210039133643,15:03:30.039,20.7300,100
54210193485623,15:03:30.193,20.6900,9
54210193485623,15:03:30.193,20.6900,91
54210193540561,15:03:30.193,20.6900,9
54237858995004,15:03:57.858,20.6600,100
54237858995004,15:03:57.858,20.6600,100
54237858995004,15:03:57.858,20.6600,100
54237860554868,15:03:57.860,20.6500,100
54237860626228,15:03:57.860,20.6500,100
54237862236274,15:03:57.862,20.6500,100
54237862236274,15:03:57.862,20.6500,100
54241139333711,15:04:01.139,20.6600,100
54245715247312,15:04:05.715,20.6700,27
54245715247312,15:04:05.715,20.6700,73
54245715333902,15:04:05.715,20.6700,27
54328383092124,15:05:28.383,20.6600,39
54328395438656,15:05:28.395,20.6600,100
54437449954757,15:07:17.449,20.6200,100
54442936832051,15:07:22.936,20.6200,200
54442936832051,15:07:22.936,20.6300,24
54442936832051,15:07:22.936,20.6300,100
54442936832051,15:07:22.936,20.6300,50
54442936832051,15:07:22.936,20.6300,64
54443030076878,15:07:23.030,20.6200,243
54443032546675,15:07:23.032,20.6400,100
54443049243523,15:07:23.049,20.6300,57
54443049268404,15:07:23.049,20.6300,43
54443049268404,15:07:23.049,20.6300,15
54443101261518,15:07:23.101,20.6400,100
54443101261518,15:07:23.101,20.6400,100
54443101675731,15:07:23.101,20.6400,18
54443899055059,15:07:23.899,20.6400,77
54443899497845,15:07:23.899,20.6400,5
54466172423796,15:07:46.172,20.6200,100
54473617107739,15:07:53.617,20.6300,100
54479624299588,15:07:59.624,20.6600,3
54479624299588,15:07:59.624,20.6600,3
54479624299588,15:07:59.624,20.6600,2
54479624299588,15:07:59.624,20.6600,2
54479624299588,15:07:59.624,20.6600,71
54479624299588,15:07:59.624,20.6600,100
54479624299588,15:07:59.624,20.6600,19
54498657101891,15:08:18.657,20.6700,12
54498657101891,15:08:18.657,20.6700,100
54498673093024,15:08:18.673,20.6600,100
54525355938739,15:08:45.355,20.6700,100
54525357624769,15:08:45.357,20.6400,100
54530328653141,15:08:50.328,20.6300,100
54530328653141,15:08:50.328,20.6300,100
54635859023351,15:10:35.859,20.6000,72
54635859068162,15:10:35.859,20.6000,28
54635859091348,15:10:35.859,20.6000,100
54635859206086,15:10:35.859,20.6000,2
54636387417079,15:10:36.387,20.5900,35
54636387474011,15:10:36.387,20.5900,207
54636387474011,15:10:36.387,20.5900,35
54636387479186,15:10:36.387,20.5900,17
54636387705002,15:10:36.387,20.5900,190
54768381525962,15:12:48.381,20.5900,100
54819643882876,15:13:39.643,20.5900,100
54819752114770,15:13:39.752,20.6000,100
54819752697244,15:13:39.752,20.6000,250
54820667161450,15:13:40.667,20.5950,7
54851478607396,15:14:11.478,20.6100,100
54856180055507,15:14:16.180,20.6300,108
54856180055507,15:14:16.180,20.6300,92
54867608412937,15:14:27.608,20.6400,100
54904810409389,15:15:04.810,20.6600,54
54955638969472,15:15:55.638,20.6600,100
54970225641989,15:16:10.225,20.6700,34
54970225641989,15:16:10.225,20.6700,1
54996812634486,15:16:36.812,20.6600,34
54996812735098,15:16:36.812,20.6600,10
54996812907514,15:16:36.812,20.6600,13
54996814240516,15:16:36.814,20.6500,12
54996814809940,15:16:36.814,20.6500,88
55123617304967,15:18:43.617,20.6900,29
55123617304967,15:18:43.617,20.6900,5
55123617338705,15:18:43.617,20.6900,100
55205457918609,15:20:05.457,20.6900,1
55207123913125,15:20:07.123,20.7100,41
55207123913125,15:20:07.123,20.7100,8
55207124504060,15:20:07.124,20.7200,1
55207126627020,15:20:07.126,20.7400,100
55207126713962,15:20:07.126,20.7400,100
55207126713962,15:20:07.126,20.7400,100
55207138171486,15:20:07.138,20.7300,100
55207143419542,15:20:07.143,20.7200,100
55338822550648,15:22:18.822,20.7000,100
55338822980021,15:22:18.822,20.7000,39
55391862454174,15:23:11.862,20.6400,42
55391862518994,15:23:11.862,20.6400,2
55391862598664,15:23:11.862,20.6400,18
55391862778906,15:23:11.862,20.6400,24
55391864131338,15:23:11.864,20.6400,2
55404512440681,15:23:24.512,20.6400,12
55515946662968,15:25:15.946,20.6500,100
55515947706059,15:25:15.947,20.6600,91
55523432864279,15:25:23.432,20.6500,100
55566213704106,15:26:06.213,20.6600,51
55566213704106,15:26:06.213,20.6600,49
55566216069673,15:26:06.216,20.6600,1
55566224934960,15:26:06.224,20.6600,8
55570224235689,15:26:10.224,20.6600,91
55602872099860,15:26:42.872,20.6200,29
55735016418812,15:28:55.016,20.6400,100
55735077156385,15:28:55.077,20.6300,98
55757474963891,15:29:17.474,20.6200,4
55757475007238,15:29:17.475,20.6200,12
55757475062675,15:29:17.475,20.6200,84
55757478325059,15:29:17.478,20.6000,8
55757478775516,15:29:17.478,20.6000,2
55757481439415,15:29:17.481,20.6000,8
55757481493390,15:29:17.481,20.6000,8
55757482398604,15:29:17.482,20.6000,2
55757483312408,15:29:17.483,20.6000,4
55757484324598,15:29:17.484,20.6000,2
55757486680557,15:29:17.486,20.6000,4
55757487055090,15:29:17.487,20.6000,2
55757487140790,15:29:17.487,20.6000,4
55836019766690,15:30:36.019,20.6200,32
55836020195337,15:30:36.020,20.6200,100
55836020335893,15:30:36.020,20.6200,100
55836020335893,15:30:36.020,20.6200,100
55844496881515,15:30:44.496,20.6200,97
55844496881515,15:30:44.496,20.6200,3
55849040685956,15:30:49.040,20.6200,100
55849041411595,15:30:49.041,20.6200,100
55880502648069,15:31:20.502,20.6300,100
55887406863137,15:31:27.406,20.6400,3
55887406863137,15:31:27.406,20.6400,97
55888668715170,15:31:28.668,20.6300,2
55924757580116,15:32:04.757,20.6400,100
55924757580116,15:32:04.757,20.6400,300
55924757703230,15:32:04.757,20.6400,829
55924759638356,15:32:04.759,20.6400,1
55924759907829,15:32:04.759,20.6400,1
55924760031675,15:32:04.760,20.6400,59
55924760039880,15:32:04.760,20.6400,39
55928042949407,15:32:08.042,20.6400,100
56056351547063,15:34:16.351,20.6300,4
56140367503169,15:35:40.367,20.6200,100
56227262250873,15:37:07.262,20.6100,100
56248910552547,15:37:28.910,20.6200,44
56248910552547,15:37:28.910,20.6200,56
56257113887475,15:37:37.113,20.6200,45
56257113887475,15:37:37.113,20.6200,15
56257113887475,15:37:37.113,20.6200,12
56257113887475,15:37:37.113,20.6200,28
56257114312084,15:37:37.114,20.6200,72
56257114467691,15:37:37.114,20.6200,100
56562417988278,15:42:42.417,20.6200,3
56562417988278,15:42:42.417,20.6200,76
56562417988278,15:42:42.417,20.6200,21
56562418071971,15:42:42.418,20.6200,21
56562418071971,15:42:42.418,20.6200,37
56562418071971,15:42:42.418,20.6200,100
56562418071971,15:42:42.418,20.6200,100
56562418849980,15:42:42.418,20.6200,100
56562418851511,15:42:42.418,20.6200,100
56586400345498,15:43:06.400,20.6300,1
56586400345498,15:43:06.400,20.6300,10
56586400345498,15:43:06.400,20.6300,1
56586400373379,15:43:06.400,20.6300,1
56700971130616,15:45:00.971,20.6500,100
56704717384991,15:45:04.717,20.6500,71
56714954133257,15:45:14.954,20.6500,29
56714954133257,15:45:14.954,20.6500,26
56714954133257,15:45:14.954,20.6500,45
56715172582345,15:45:15.172,20.6500,100
56715172593380,15:45:15.172,20.6500,42
56715172969298,15:45:15.172,20.6500,100
56715173153200,15:45:15.173,20.6500,58
56715222907925,15:45:15.222,20.6500,142
56715222907925,15:45:15.222,20.6500,58
56721225594620,15:45:21.225,20.6600,100
56746995409867,15:45:46.995,20.6600,100
56746996127072,15:45:46.996,20.6600,100
56746996127072,15:45:46.996,20.6600,100
56746996135432,15:45:46.996,20.6600,100
56754403232776,15:45:54.403,20.6600,12
56763097672009,15:46:03.097,20.6500,34
56767239410383,15:46:07.239,20.6600,3
56767239410383,15:46:07.239,20.6600,2
56767239410383,15:46:07.239,20.6600,1
56775075696628,15:46:15.075,20.6500,100
56895212743272,15:48:15.212,20.6400,100
56895212913194,15:48:15.212,20.6300,72
56895212917558,15:48:15.212,20.6300,28
56900508408003,15:48:20.508,20.6200,100
56900508408003,15:48:20.508,20.6200,100
56900508599032,15:48:20.508,20.6200,100
56900508600532,15:48:20.508,20.6200,100
56942507957423,15:49:02.507,20.6200,87
56942507957423,15:49:02.507,20.6300,12
56942507957423,15:49:02.507,20.6300,1
56942508135389,15:49:02.508,20.6300,37
56942508135389,15:49:02.508,20.6300,83
56942508135389,15:49:02.508,20.6300,18
56942508157662,15:49:02.508,20.6300,11
56942508209311,15:49:02.508,20.6300,71
56951512165283,15:49:11.512,20.6300,100
56952923263206,15:49:12.923,20.6300,900
56967401471147,15:49:27.401,20.6300,100
56994375631918,15:49:54.375,20.6300,100
57013286284853,15:50:13.286,20.6300,100
57055292951897,15:50:55.292,20.6350,93
57057369488704,15:50:57.369,20.6350,100
57057369599113,15:50:57.369,20.6300,97
57057369611416,15:50:57.369,20.6300,3
57057671291476,15:50:57.671,20.6100,100
57070096157279,15:51:10.096,20.6200,29
57070096157279,15:51:10.096,20.6200,27
57070096157279,15:51:10.096,20.6200,44
57086036214944,15:51:26.036,20.6200,30
57086036214944,15:51:26.036,20.6200,3
57086036214944,15:51:26.036,20.6200,12
57086036214944,15:51:26.036,20.6200,57
57086157176402,15:51:26.157,20.6200,20
57131820840658,15:52:11.820,20.6100,100
57137245503945,15:52:17.245,20.6100,10
57193485635652,15:53:13.485,20.6200,16
57193485635652,15:53:13.485,20.6200,4
57193485635652,15:53:13.485,20.6200,58
57222008130070,15:53:42.008,20.6300,100
57262388530409,15:54:22.388,20.6300,100
57262388530409,15:54:22.388,20.6300,100
57300993521783,15:55:00.993,20.6400,5
57314867105529,15:55:14.867,20.6400,1
57317958522239,15:55:17.958,20.6400,99
57317958522239,15:55:17.958,20.6400,1
57363145111224,15:56:03.145,20.6500,2
57368705191286,15:56:08.705,20.6500,1
57370149962881,15:56:10.149,20.6500,1
57375191542590,15:56:15.191,20.6500,82
57375191542590,15:56:15.191,20.6500,5
57375191542590,15:56:15.191,20.6500,13
57378451249275,15:56:18.451,20.6400,86
57378977987588,15:56:18.977,20.6250,300
57427798040011,15:57:07.798,20.6200,100
57430142194047,15:57:10.142,20.6200,100
57430142194047,15:57:10.142,20.6200,25
57430142265993,15:57:10.142,20.6200,75
57430142265993,15:57:10.142,20.6200,20
57450824186702,15:57:30.824,20.6200,10
57463516663539,15:57:43.516,20.6200,96
57464412383041,15:57:44.412,20.6200,4
57480029881262,15:58:00.029,20.6200,100
57505978743027,15:58:25.978,20.6200,2
57506281728154,15:58:26.281,20.6200,2
57506413622759,15:58:26.413,20.6200,10
57509476573093,15:58:29.476,20.6200,2
57518470300058,15:58:38.470,20.6200,2
57520076770414,15:58:40.076,20.6100,100
57520076770414,15:58:40.076,20.6100,100
57543483899554,15:59:03.483,20.6000,100
57546957274267,15:59:06.957,20.6000,8
57570773285439,15:59:30.773,20.6050,6
57571965570955,15:59:31.965,20.6100,200
57571965570955,15:59:31.965,20.6100,100
57571966109989,15:59:31.966,20.6100,47
57571966201658,15:59:31.966,20.6100,28
57575013272687,15:59:35.013,20.6100,4
57575018820700,15:59:35.018,20.6100,2
57575041193727,15:59:35.041,20.6100,8
57575045194268,15:59:35.045,20.6100,5
57578323557877,15:59:38.323,20.6100,6
57579681221814,15:59:39.681,20.6200,100
57580426697219,15:59:40.426,20.6150,1
57582949829586,15:59:42.949,20.6150,14
57583094539940,15:59:43.094,20.6150,1
57583109172228,15:59:43.109,20.6150,1
57590124464608,15:59:50.124,20.6200,100
57595099910478,15:59:55.099,20.6400,100
57596025555313,15:59:56.025,20.6500,81
57597727966395,15:59:57.727,20.6600,100
57597727966395,15:59:57.727,20.6600,23
57600557097034,16:00:00.557,0.0000,0
