timestamp,time,price,volume
34200801350015,09:30:00.801,0.0000,0
34552094628871,09:35:52.094,17.2500,54
34584706139257,09:36:24.706,17.1400,4
35683881088239,09:54:43.881,17.1000,100
35849016948656,09:57:29.016,17.1000,100
36307848660732,10:05:07.848,17.0400,44
36307848663298,10:05:07.848,17.0400,50
36307849435168,10:05:07.849,17.0400,2
36871763349943,10:14:31.763,17.0000,79
36871763377440,10:14:31.763,17.0000,21
36937042530907,10:15:37.042,17.0000,100
37531091018673,10:25:31.091,16.9400,12
37531091093782,10:25:31.091,16.9400,16
37531091158302,10:25:31.091,16.9400,12
37800086172088,10:30:00.086,16.9900,100
37800086172088,10:30:00.086,16.9900,100
37800225849848,10:30:00.225,17.0000,100
37896585051939,10:31:36.585,17.0300,100
37896585051939,10:31:36.585,17.0300,1
38040017797180,10:34:00.017,17.0600,100
38170438061361,10:36:10.438,17.1200,2
38791215045548,10:46:31.215,17.0600,50
38870158125583,10:47:50.158,17.0500,1
39078126160647,10:51:18.126,17.0300,1
39078126160647,10:51:18.126,17.0200,1
39078126197051,10:51:18.126,17.0400,100
39149125341708,10:52:29.125,17.0500,95
39149125369535,10:52:29.125,17.0500,5
39193757749928,10:53:13.757,17.1000,3
39333102346666,10:55:33.102,17.1200,100
39333102485906,10:55:33.102,17.1300,22
39333102488455,10:55:33.102,17.1300,50
39333102550028,10:55:33.102,17.1300,28
39333104210960,10:55:33.104,17.1400,100
39333118106456,10:55:33.118,17.1500,1
39420050123482,10:57:00.050,17.1100,2
39420050123482,10:57:00.050,17.1100,10
39420050125063,10:57:00.050,17.1000,3
39724083495533,11:02:04.083,17.1700,19
39724633658888,11:02:04.633,17.1500,2
39986125996476,11:06:26.125,17.1500,1
40436447558724,11:13:56.447,17.1900,10
40436447558724,11:13:56.447,17.1900,90
40534524157677,11:15:34.524,17.1900,90
40534524157677,11:15:34.524,17.2000,2
40764112439239,11:19:24.112,17.1700,4
40953112508718,11:22:33.112,17.1100,15
41129403585263,11:25:29.403,17.1400,10
41129403585263,11:25:29.403,17.1400,90
41129403667916,11:25:29.403,17.1400,10
41770712835449,11:36:10.712,17.1600,100
42199048479124,11:43:19.048,17.1600,59
42322391647448,11:45:22.391,17.1300,1
42322392455176,11:45:22.392,17.1200,2
42322393251589,11:45:22.393,17.1200,20
42322394756667,11:45:22.394,17.1200,20
42342519700940,11:45:42.519,17.1200,20
43269371294578,12:01:09.371,17.1400,19
43294871907077,12:01:34.871,17.1200,100
43294872263780,12:01:34.872,17.1100,1
43294872263780,12:01:34.872,17.1000,1
43294872263780,12:01:34.872,17.0900,72
43294876892743,12:01:34.876,17.1100,2
43294884489850,12:01:34.884,17.0900,19
43465550953475,12:04:25.550,17.0900,1
43626456586511,12:07:06.456,17.0800,1
43870378084349,12:11:10.378,17.0800,1
44446142924114,12:20:46.142,17.0600,1
44446145702995,12:20:46.145,17.0600,1
44756111729824,12:25:56.111,17.0400,2
44756111818942,12:25:56.111,17.0400,8
44756111818942,12:25:56.111,17.0400,100
44756112306171,12:25:56.112,17.0300,5
44756112306171,12:25:56.112,17.0300,1
44756126968624,12:25:56.126,17.0100,4
44881428259455,12:28:01.428,17.0500,5
45386226377980,12:36:26.226,17.0300,1
45386226377980,12:36:26.226,17.0200,1
45638056025761,12:40:38.056,17.0500,64
46065048682602,12:47:45.048,17.0600,5
46522868623875,12:55:22.868,17.0800,3
46547395437775,12:55:47.395,17.0600,100
46547396075889,12:55:47.396,17.0500,100
46547396075889,12:55:47.396,17.0500,2
46648887779691,12:57:28.887,17.0400,4
46664154623373,12:57:44.154,17.0600,30
46664154708594,12:57:44.154,17.0600,70
46903172118512,13:01:43.172,17.0500,1
46903172118512,13:01:43.172,17.0500,1
46925859860902,13:02:05.859,17.0400,4
47197884421818,13:06:37.884,17.0700,12
47505867454929,13:11:45.867,17.0700,50
47505867479222,13:11:45.867,17.0700,38
47505867479222,13:11:45.867,17.0700,100
47505867813962,13:11:45.867,17.0700,100
47505868635959,13:11:45.868,17.0700,100
47505881529133,13:11:45.881,17.0800,90
47583997610555,13:13:03.997,17.0400,46
47583997610555,13:13:03.997,17.0400,42
47875969328313,13:17:55.969,17.0700,3
47956768947486,13:19:16.768,17.0700,97
48104605824742,13:21:44.605,17.0700,2
48142552681745,13:22:22.552,17.0500,2
48259105045808,13:24:19.105,17.0400,1
48324238190850,13:25:24.238,17.0300,10
48810299712123,13:33:30.299,17.0400,3
49296130557189,13:41:36.130,17.0400,2
49925910692720,13:52:05.910,17.0400,6
50142232363916,13:55:42.232,17.0200,1
50142232363916,13:55:42.232,17.0200,100
50142233931682,13:55:42.233,17.0100,1
50142233931682,13:55:42.233,17.0100,94
50382019489871,13:59:42.019,17.0000,10
50382019489871,13:59:42.019,17.0000,10
50382019489871,13:59:42.019,17.0000,14
50415808711925,14:00:15.808,17.0200,17
50415808711925,14:00:15.808,17.0200,83
50427463990046,14:00:27.463,17.0200,17
50691085489587,14:04:51.085,17.0700,5
50814967760520,14:06:54.967,17.1200,13
50983895555110,14:09:43.895,17.0800,1
50983895557998,14:09:43.895,17.0700,1
51132443941643,14:12:12.443,17.0700,100
51670746895190,14:21:10.746,17.1200,7
51670760897622,14:21:10.760,17.1100,100
51670763291140,14:21:10.763,17.1000,51
51676844403631,14:21:16.844,17.1000,100
52075165249620,14:27:55.165,17.1200,9
52075165249620,14:27:55.165,17.1200,1
52075165249620,14:27:55.165,17.1200,5
52075165269580,14:27:55.165,17.1100,6
52075166314318,14:27:55.166,17.1000,2
52080014004503,14:28:00.014,17.0700,2
52275306865594,14:31:15.306,17.1300,2
52472831884835,14:34:32.831,17.1300,2
52572366364620,14:36:12.366,17.1000,2
52572389190985,14:36:12.389,17.1000,1
52770503827444,14:39:30.503,17.1000,1
52770523947034,14:39:30.523,17.0900,1
52801075345001,14:40:01.075,17.1100,2
52931207185960,14:42:11.207,17.1100,100
52931208040381,14:42:11.208,17.1100,100
52996049445553,14:43:16.049,17.1300,1
52996049445553,14:43:16.049,17.1300,99
52996049471883,14:43:16.049,17.1300,1
52996049471883,14:43:16.049,17.1300,100
52996054754471,14:43:16.054,17.1200,1
52996054777415,14:43:16.054,17.1200,1
52996055387028,14:43:16.055,17.1300,1
53090244566091,14:44:50.244,17.1300,49
53090251271468,14:44:50.251,17.1300,51
53090251271468,14:44:50.251,17.1300,49
53090251298410,14:44:50.251,17.1300,51
53090251298410,14:44:50.251,17.1300,100
53090251311514,14:44:50.251,17.1300,31
53090251355673,14:44:50.251,17.1300,151
53090251729346,14:44:50.251,17.1300,200
53130292245610,14:45:30.292,17.1300,157
53140914584611,14:45:40.914,17.1200,1
53212598812773,14:46:52.598,17.1400,100
53466030047714,14:51:06.030,17.1400,2
53466031081186,14:51:06.031,17.1300,1
53509323808414,14:51:49.323,17.1400,100
53509325075232,14:51:49.325,17.1500,100
53542017977559,14:52:22.017,17.1600,100
53542299016881,14:52:22.299,17.1700,1
53608418620018,14:53:28.418,17.1700,10
53644371553701,14:54:04.371,17.1800,100
54296136903901,15:04:56.136,17.2000,1
54296138544825,15:04:56.138,17.1900,1
54296140423589,15:04:56.140,17.1800,1
54365969673824,15:06:05.969,17.1650,100
54370701437473,15:06:10.701,17.1600,100
54370701437473,15:06:10.701,17.1600,2
54370701904540,15:06:10.701,17.1500,1
54400635907409,15:06:40.635,17.1500,100
54400635907409,15:06:40.635,17.1500,10
54586379141195,15:09:46.379,17.1900,100
54588737088790,15:09:48.737,17.2000,100
54667278596554,15:11:07.278,17.1900,1
54667278758244,15:11:07.278,17.1800,1
55175163963548,15:19:35.163,17.2000,3
55255280578262,15:20:55.280,17.2100,90
55255280606666,15:20:55.280,17.2100,10
55255280606666,15:20:55.280,17.2100,100
55330377653311,15:22:10.377,17.2000,1
55542313280377,15:25:42.313,17.1600,1
55542313280377,15:25:42.313,17.1600,1
55542313287993,15:25:42.313,17.1600,2
55542313507984,15:25:42.313,17.1600,2
55542313925442,15:25:42.313,17.1600,1
55542315671165,15:25:42.315,17.1600,2
55677148999872,15:27:57.148,17.1700,100
55677149380468,15:27:57.149,17.1800,53
55677149384489,15:27:57.149,17.1800,47
55800687961890,15:30:00.687,17.1700,1
55800687961890,15:30:00.687,17.1700,8
55800704245476,15:30:00.704,17.1600,100
55800705559448,15:30:00.705,17.1600,1
55800708568090,15:30:00.708,17.1600,100
56295289230260,15:38:15.289,17.1700,57
56295289253513,15:38:15.289,17.1700,2
56485061485536,15:41:25.061,17.1700,100
56540280803871,15:42:20.280,17.1800,5
56540281238880,15:42:20.281,17.1800,1
56540281745995,15:42:20.281,17.1800,4
56540281745995,15:42:20.281,17.1800,1
56540282471018,15:42:20.282,17.1800,99
56558336936916,15:42:38.336,17.1900,2
56670038327012,15:44:30.038,17.1700,15
56670038329178,15:44:30.038,17.1700,15
56670038773530,15:44:30.038,17.1700,29
56670038773530,15:44:30.038,17.1700,100
56670064053439,15:44:30.064,17.1700,85
56670101711926,15:44:30.101,17.1700,1
56699738879344,15:44:59.738,17.1700,14
56733327291204,15:45:33.327,17.1700,100
56733327318627,15:45:33.327,17.1700,35
56733327318627,15:45:33.327,17.1700,283
56795684941484,15:46:35.684,17.1800,100
56836107437218,15:47:16.107,17.1900,29
56836108171449,15:47:16.108,17.1900,71
56905788807764,15:48:25.788,17.2000,1
57069867617017,15:51:09.867,17.1900,1
57093134538797,15:51:33.134,17.1900,20
57144272644456,15:52:24.272,17.1900,42
57144272644456,15:52:24.272,17.1900,100
57144272647244,15:52:24.272,17.1900,100
57228518642227,15:53:48.518,17.1700,3
57287828902148,15:54:47.828,17.1700,3
57304053111972,15:55:04.053,17.1700,13
57304053111972,15:55:04.053,17.1700,87
57351834171518,15:55:51.834,17.1700,3
57372566764552,15:56:12.566,17.1700,57
57388520876984,15:56:28.520,17.1800,1
57388520968630,15:56:28.520,17.1800,9
57404766598703,15:56:44.766,17.1700,16
57410168906542,15:56:50.168,17.1800,100
57415164257226,15:56:55.164,17.1900,171
57462044920957,15:57:42.044,17.1800,1
57462044920957,15:57:42.044,17.1800,99
57481274668575,15:58:01.274,17.1800,1
57550134206492,15:59:10.134,17.2100,5
57600282509973,16:00:00.282,0.0000,0
