timestamp,time,price,volume
34085002130575,09:28:05.002,34.1100,200
34085002147214,09:28:05.002,34.1100,543
34085002147214,09:28:05.002,34.1200,47
34086795998283,09:28:06.795,34.1200,100
34090002263783,09:28:10.002,34.1200,53
34125002016527,09:28:45.002,34.1100,200
34125002041579,09:28:45.002,34.1100,102
34125002041579,09:28:45.002,34.1200,75
34130002454843,09:28:50.002,34.1200,100
34145002440317,09:29:05.002,34.1200,10
34195005274559,09:29:55.005,34.1200,15
34200357543198,09:30:00.357,0.0000,0
34212288854553,09:30:12.288,34.1000,100
34212289227446,09:30:12.289,34.1000,100
34265414474777,09:31:05.414,34.0700,100
34265820997640,09:31:05.820,34.1100,29
34299829036168,09:31:39.829,34.1100,71
34299829146471,09:31:39.829,34.1100,100
34299830001441,09:31:39.830,34.1300,29
34299833051483,09:31:39.833,34.1100,92
34299833132403,09:31:39.833,34.1100,8
34337211027057,09:32:17.211,34.1200,100
34337211027057,09:32:17.211,34.1200,100
34337211027057,09:32:17.211,34.1200,100
34337353997445,09:32:17.353,34.1300,100
34342827063958,09:32:22.827,34.1900,100
34342827063958,09:32:22.827,34.2000,100
34342827063958,09:32:22.827,34.2000,70
34342827063958,09:32:22.827,34.2000,100
34344282955399,09:32:24.282,34.2000,200
34344282955399,09:32:24.282,34.2000,72
34344282955399,09:32:24.282,34.2000,100
34346594448636,09:32:26.594,34.2100,100
34346594448636,09:32:26.594,34.2100,72
34365770767148,09:32:45.770,34.2000,100
34365770870351,09:32:45.770,34.1600,100
34399134959004,09:33:19.134,34.2000,100
34560724059078,09:36:00.724,34.1000,100
34560724060503,09:36:00.724,34.0700,100
34560724060503,09:36:00.724,34.0700,100
34560724128419,09:36:00.724,34.0900,100
34560724137021,09:36:00.724,34.0900,100
34560724163105,09:36:00.724,34.0800,100
34560724163105,09:36:00.724,34.0800,100
34560724179095,09:36:00.724,34.0900,100
34560726205037,09:36:00.726,34.1000,200
34560727088543,09:36:00.727,34.1000,75
34560727327816,09:36:00.727,34.1000,25
34560727327816,09:36:00.727,34.1000,75
34560727652798,09:36:00.727,34.0900,70
34560736417871,09:36:00.736,34.0900,100
34610599362313,09:36:50.599,34.0700,100
34744295302710,09:39:04.295,34.0400,100
34744297136076,09:39:04.297,34.0500,11
34744297139635,09:39:04.297,34.0500,89
34752851402872,09:39:12.851,34.0700,100
34764676517120,09:39:24.676,34.0400,100
34764955809783,09:39:24.955,34.0300,100
34798453411389,09:39:58.453,34.0400,1200
34799327057751,09:39:59.327,34.0400,100
34799327415647,09:39:59.327,34.0300,100
34800613276485,09:40:00.613,34.0350,100
34831002895738,09:40:31.002,34.0500,100
34831003350280,09:40:31.003,34.0500,100
34831003350280,09:40:31.003,34.0500,100
34833769127801,09:40:33.769,34.0300,100
34834032058282,09:40:34.032,34.0200,500
35039919797053,09:43:59.919,34.0000,45
35121055864808,09:45:21.055,33.9800,200
35121062113181,09:45:21.062,33.9800,100
35161861236833,09:46:01.861,33.9800,1
35165862119658,09:46:05.862,33.9800,100
35165862119658,09:46:05.862,33.9800,200
35165862742859,09:46:05.862,33.9900,32
35428277431013,09:50:28.277,33.9900,100
35430491237973,09:50:30.491,33.9800,100
35455919503740,09:50:55.919,33.9700,200
35455920177922,09:50:55.920,33.9600,30
35455920501781,09:50:55.920,33.9600,100
35499319777739,09:51:39.319,33.9700,100
35644579335409,09:54:04.579,33.9500,1
35644585820886,09:54:04.585,33.9500,35
35644783562223,09:54:04.783,33.9500,65
35808333741312,09:56:48.333,33.9400,100
35810924290674,09:56:50.924,33.9400,37
35810924315447,09:56:50.924,33.9400,63
35811931523894,09:56:51.931,33.9500,5
35862129702193,09:57:42.129,33.9400,2
35863389651606,09:57:43.389,33.9400,2
35925083452807,09:58:45.083,33.9700,100
35925093655743,09:58:45.093,33.9800,50
35925093655743,09:58:45.093,33.9800,100
35925099350347,09:58:45.099,33.9800,100
35931014384859,09:58:51.014,33.9700,200
36000253960219,10:00:00.253,33.9800,100
36107203591930,10:01:47.203,33.9800,100
36107203591930,10:01:47.203,33.9800,100
36161016188116,10:02:41.016,33.9700,81
36213184497978,10:03:33.184,33.9500,100
36216058466654,10:03:36.058,33.9600,11
36225593686940,10:03:45.593,33.9500,100
36254908398468,10:04:14.908,33.9500,8
36254908398468,10:04:14.908,33.9500,100
36256792044104,10:04:16.792,33.9600,100
36256792044104,10:04:16.792,33.9600,100
36280121652683,10:04:40.121,33.9500,100
36280275009348,10:04:40.275,33.9500,100
36280973854295,10:04:40.973,33.9500,100
36280973854295,10:04:40.973,33.9500,100
36280973854295,10:04:40.973,33.9500,100
36328559424422,10:05:28.559,33.9600,18
36328565185387,10:05:28.565,33.9600,100
36404827749053,10:06:44.827,33.9800,5
36404827792393,10:06:44.827,33.9800,95
36446843035532,10:07:26.843,33.9900,10
36446843035532,10:07:26.843,34.0000,90
36480859716726,10:08:00.859,34.0000,22
36511551130494,10:08:31.551,34.0100,20
36511551157117,10:08:31.551,34.0100,80
36570306757122,10:09:30.306,34.0100,100
36570306757122,10:09:30.306,34.0100,24
36574937497044,10:09:34.937,34.0200,3
36574937708293,10:09:34.937,34.0200,6
36630907079846,10:10:30.907,34.0100,100
36737190250238,10:12:17.190,34.0100,100
36737190250238,10:12:17.190,34.0100,27
36750444622051,10:12:30.444,34.0200,7
36752855565705,10:12:32.855,34.0200,100
36786499755330,10:13:06.499,34.0300,100
36815433997380,10:13:35.433,34.0400,28
36815433997380,10:13:35.433,34.0400,100
36815433997380,10:13:35.433,34.0400,72
36842988548099,10:14:02.988,34.0400,100
36843090152333,10:14:03.090,34.0400,100
36843090152333,10:14:03.090,34.0400,100
36932428495798,10:15:32.428,34.0300,12
36932428495798,10:15:32.428,34.0300,288
36932428554418,10:15:32.428,34.0300,12
36934516708214,10:15:34.516,34.0200,100
36934516708214,10:15:34.516,34.0200,100
37010045252874,10:16:50.045,34.0000,100
37038318937214,10:17:18.318,34.0000,100
37098839844525,10:18:18.839,33.9900,2
37098942210422,10:18:18.942,33.9900,2
37098985984689,10:18:18.985,33.9900,2
37099165453007,10:18:19.165,33.9900,2
37099216611382,10:18:19.216,33.9900,2
37099261924146,10:18:19.261,33.9900,2
37099349544621,10:18:19.349,33.9900,2
37099355708476,10:18:19.355,33.9900,2
37099393197047,10:18:19.393,33.9900,2
37105574519389,10:18:25.574,33.9900,2
37105626017762,10:18:25.626,33.9900,2
37105675389481,10:18:25.675,33.9900,2
37105721229592,10:18:25.721,33.9900,2
37105855125482,10:18:25.855,33.9900,2
37105904029305,10:18:25.904,33.9900,2
37105959640103,10:18:25.959,33.9900,2
37106000522646,10:18:26.000,33.9900,2
37106086648570,10:18:26.086,33.9900,2
37106117812890,10:18:26.117,33.9900,2
37113323770557,10:18:33.323,34.0000,24
37113323770557,10:18:33.323,34.0000,100
37119085781282,10:18:39.085,34.0100,3
37183767399580,10:19:43.767,33.9900,62
37183774381166,10:19:43.774,33.9800,100
37184627377559,10:19:44.627,33.9700,2
37219895584320,10:20:19.895,33.9800,8
37219895584320,10:20:19.895,33.9800,100
37219895584320,10:20:19.895,33.9800,92
37221880106120,10:20:21.880,33.9900,22
37245446267295,10:20:45.446,34.0000,100
37364445105593,10:22:44.445,34.0200,100
37463002280639,10:24:23.002,34.0100,100
37463002280639,10:24:23.002,34.0100,100
37463101059802,10:24:23.101,33.9900,2
37463147631448,10:24:23.147,33.9900,2
37503509797138,10:25:03.509,34.0000,100
37509377711443,10:25:09.377,34.0100,100
37538927407582,10:25:38.927,34.0000,2
37539082535669,10:25:39.082,34.0000,6
37562910901874,10:26:02.910,34.0100,100
37574975907458,10:26:14.975,34.0200,11
37610135583356,10:26:50.135,34.0300,100
37610135583356,10:26:50.135,34.0300,100
37649093202073,10:27:29.093,34.0300,99
37649093227556,10:27:29.093,34.0300,1
37649093227556,10:27:29.093,34.0300,100
37696011256192,10:28:16.011,34.0100,2
37696108782726,10:28:16.108,34.0100,2
37696448367441,10:28:16.448,34.0100,2
37696486703016,10:28:16.486,34.0100,2
37696569753362,10:28:16.569,34.0100,2
37744403324750,10:29:04.403,34.0200,100
37744403324750,10:29:04.403,34.0200,8
37744403324750,10:29:04.403,34.0200,100
37745299728193,10:29:05.299,34.0300,100
37745299728193,10:29:05.299,34.0300,100
37745300736858,10:29:05.300,34.0300,37
37772323046087,10:29:32.323,34.0400,2
37772323096975,10:29:32.323,34.0400,98
37772323096975,10:29:32.323,34.0400,2
37772323130281,10:29:32.323,34.0400,98
37772323130281,10:29:32.323,34.0400,2
37772323136936,10:29:32.323,34.0400,98
37772749359463,10:29:32.749,34.0300,2
37772860689242,10:29:32.860,34.0300,2
37772898265420,10:29:32.898,34.0300,2
37772942355064,10:29:32.942,34.0300,2
37781991160662,10:29:41.991,34.0200,2
37980233274094,10:33:00.233,34.0400,3
38001330387673,10:33:21.330,34.0400,9
38001330387673,10:33:21.330,34.0400,100
38003599678054,10:33:23.599,34.0500,2
38026498148661,10:33:46.498,34.0700,100
38052160676675,10:34:12.160,34.0600,2
38081758828392,10:34:41.758,34.0500,100
38081758828392,10:34:41.758,34.0500,100
38081791337728,10:34:41.791,34.0400,100
38084607701844,10:34:44.607,34.0400,80
38094739035561,10:34:54.739,34.0500,99
38094739102211,10:34:54.739,34.0500,1
38096047791938,10:34:56.047,34.0500,100
38096285213243,10:34:56.285,34.0600,27
38105161020439,10:35:05.161,34.0600,8
38134100969007,10:35:34.100,34.0400,100
38134100969007,10:35:34.100,34.0400,100
38145303839017,10:35:45.303,34.0500,100
38145305207842,10:35:45.305,34.0600,100
38145307343409,10:35:45.307,34.0700,100
38145307374378,10:35:45.307,34.0700,100
38145307374378,10:35:45.307,34.0700,100
38145307374378,10:35:45.307,34.0700,100
38145309812548,10:35:45.309,34.0700,100
38149369882650,10:35:49.369,34.0600,100
38256076859277,10:37:36.076,34.0400,2
38262785551274,10:37:42.785,34.0300,64
38274678891459,10:37:54.678,34.0300,100
38274678891459,10:37:54.678,34.0300,100
38275846571492,10:37:55.846,34.0400,300
38287273333639,10:38:07.273,34.0500,8
38305832394466,10:38:25.832,34.0500,10
38314178261401,10:38:34.178,34.0600,100
38342106307931,10:39:02.106,34.0600,100
38342106354480,10:39:02.106,34.0600,100
38342993485921,10:39:02.993,34.0600,100
38342993485921,10:39:02.993,34.0600,100
38348541981130,10:39:08.541,34.0700,100
38348541981130,10:39:08.541,34.0700,100
38348548208587,10:39:08.548,34.0700,30
38348548208587,10:39:08.548,34.0700,30
38348548208587,10:39:08.548,34.0700,100
38348548208587,10:39:08.548,34.0700,100
38348548208587,10:39:08.548,34.0700,40
38459898479525,10:40:59.898,34.0600,10
38460019622634,10:41:00.019,34.0600,90
38460019622634,10:41:00.019,34.0600,7
38523731889815,10:42:03.731,34.0700,48
38523731938019,10:42:03.731,34.0700,52
38523731938019,10:42:03.731,34.0700,9
38587976747658,10:43:07.976,34.0800,29
38591730590545,10:43:11.730,34.1000,60
38591730590545,10:43:11.730,34.1000,40
38705946204984,10:45:05.946,34.1000,12
38705946204984,10:45:05.946,34.1000,28
38734804564055,10:45:34.804,34.1000,100
38807062456436,10:46:47.062,34.1000,5
38834814388060,10:47:14.814,34.0900,1
38834814467069,10:47:14.814,34.0900,7
38834814520677,10:47:14.814,34.0900,13
38892586145991,10:48:12.586,34.1000,10
38898754220146,10:48:18.754,34.1000,1
38898754220146,10:48:18.754,34.1000,99
38906343688146,10:48:26.343,34.1100,100
38917766381713,10:48:37.766,34.1250,100
38919477877121,10:48:39.477,34.1200,100
38934105461606,10:48:54.105,34.1200,100
38934487587664,10:48:54.487,34.1200,100
38934487587664,10:48:54.487,34.1200,14
38952207759381,10:49:12.207,34.1250,10
39015084032407,10:50:15.084,34.1300,11
39031187024153,10:50:31.187,34.1400,100
39066989416871,10:51:06.989,34.1500,3
39066989416871,10:51:06.989,34.1400,100
39066989416871,10:51:06.989,34.1400,100
39073230700087,10:51:13.230,34.1300,1
39341088563342,10:55:41.088,34.1500,100
39341088708171,10:55:41.088,34.1500,11
39354818790533,10:55:54.818,34.1600,76
39429026032137,10:57:09.026,34.1600,2
39473801050596,10:57:53.801,34.1500,1
39473824716812,10:57:53.824,34.1500,1
39550741243750,10:59:10.741,34.1500,98
39550741312724,10:59:10.741,34.1500,100
39550741312724,10:59:10.741,34.1500,10
39557296345304,10:59:17.296,34.1600,4
39557296345304,10:59:17.296,34.1600,96
39643991537013,11:00:43.991,34.1700,100
39643993069214,11:00:43.993,34.1700,12
39643993069214,11:00:43.993,34.1700,8
39655064284526,11:00:55.064,34.1700,100
39655064284526,11:00:55.064,34.1700,100
39655064284526,11:00:55.064,34.1700,100
39663461585416,11:01:03.461,34.1700,100
39748740769229,11:02:28.740,34.1700,11
39748740769229,11:02:28.740,34.1700,89
39748740847030,11:02:28.740,34.1700,11
39748740847030,11:02:28.740,34.1700,100
39771791064030,11:02:51.791,34.1800,100
39846241799644,11:04:06.241,34.1900,100
39921431366810,11:05:21.431,34.1900,1
39954204489663,11:05:54.204,34.1800,55
39954204740551,11:05:54.204,34.1800,45
40006203717264,11:06:46.203,34.1800,100
40081294763502,11:08:01.294,34.1750,1
40115458590107,11:08:35.458,34.1800,12
40115458590107,11:08:35.458,34.1800,88
40122716920891,11:08:42.716,34.1800,100
40133342358273,11:08:53.342,34.1900,100
40133342492092,11:08:53.342,34.1900,58
40133455864247,11:08:53.455,34.1800,100
40226124186169,11:10:26.124,34.1800,100
40226124186169,11:10:26.124,34.1800,12
40277782507814,11:11:17.782,34.1900,100
40389741130836,11:13:09.741,34.1900,100
40389741130836,11:13:09.741,34.1900,100
40389741130836,11:13:09.741,34.1900,13
40389742611576,11:13:09.742,34.2000,5
40389742611576,11:13:09.742,34.2000,500
40389742611576,11:13:09.742,34.2000,100
40389743627715,11:13:09.743,34.2100,10
40389743932905,11:13:09.743,34.2100,100
40389743940174,11:13:09.743,34.2100,100
40392475063413,11:13:12.475,34.2000,100
40392475087448,11:13:12.475,34.2000,2
40392505523524,11:13:12.505,34.1900,100
40445611360366,11:14:05.611,34.2000,100
40451686856322,11:14:11.686,34.1900,2
40463074180389,11:14:23.074,34.1900,13
40469741347882,11:14:29.741,34.1900,100
40469741347882,11:14:29.741,34.1900,100
40493763515455,11:14:53.763,34.1950,100
40587687322209,11:16:27.687,34.1900,100
40587687347009,11:16:27.687,34.1900,100
40587692033585,11:16:27.692,34.1800,100
40587692033585,11:16:27.692,34.1800,100
40647983174196,11:17:27.983,34.1700,3
40670793136241,11:17:50.793,34.1800,1
40717741673796,11:18:37.741,34.1800,45
40717742093054,11:18:37.742,34.1800,55
40717742093054,11:18:37.742,34.1800,14
40737943990577,11:18:57.943,34.1900,100
40771376658510,11:19:31.376,34.1900,100
40771376658510,11:19:31.376,34.1900,100
40783520417844,11:19:43.520,34.1850,100
40783937288452,11:19:43.937,34.1700,100
40948597712514,11:22:28.597,34.1700,100
40948597739295,11:22:28.597,34.1700,27
40950740545945,11:22:30.740,34.1700,100
40950740807764,11:22:30.740,34.1700,52
40950740807764,11:22:30.740,34.1700,11
41015087477535,11:23:35.087,34.1700,100
41077674360231,11:24:37.674,34.1800,1
41117125205933,11:25:17.125,34.1700,26
41117125247830,11:25:17.125,34.1700,74
41194415187953,11:26:34.415,34.1600,100
41194415187953,11:26:34.415,34.1600,9
41197116776755,11:26:37.116,34.1500,100
41197116776755,11:26:37.116,34.1500,100
41197163523127,11:26:37.163,34.1500,100
41225444274691,11:27:05.444,34.1500,1
41257223248902,11:27:37.223,34.1400,19
41262864580182,11:27:42.864,34.1500,100
41311153617959,11:28:31.153,34.1600,200
41311153664181,11:28:31.153,34.1600,11
41319740192217,11:28:39.740,34.1700,100
41389993924095,11:29:49.993,34.1700,1
41391677611265,11:29:51.677,34.1700,99
41400547201918,11:30:00.547,34.1800,4
41437280707177,11:30:37.280,34.1900,1
41451087157930,11:30:51.087,34.1900,99
41451087157930,11:30:51.087,34.1900,1
41465737834940,11:31:05.737,34.1800,1
41601970897477,11:33:21.970,34.1800,200
41601970897477,11:33:21.970,34.1800,100
41601970897477,11:33:21.970,34.1800,11
41761146469973,11:36:01.146,34.1800,1
41764701457482,11:36:04.701,34.1800,1
41780660928340,11:36:20.660,34.1700,38
41780660979475,11:36:20.660,34.1700,62
41780660979475,11:36:20.660,34.1700,1
41897386512544,11:38:17.386,34.1600,89
41897386512544,11:38:17.386,34.1600,1
41897388338555,11:38:17.388,34.1500,1
42000314604837,11:40:00.314,34.1500,10
42084870339270,11:41:24.870,34.1500,2
42198925426779,11:43:18.925,34.1500,100
42198925426779,11:43:18.925,34.1500,100
42198925523476,11:43:18.925,34.1500,5
42198925549140,11:43:18.925,34.1500,4
42199035063686,11:43:19.035,34.1600,2
42200741003315,11:43:20.741,34.1600,100
42209285944887,11:43:29.285,34.1700,1
42339204644387,11:45:39.204,34.1600,100
42339204644387,11:45:39.204,34.1600,11
42339204644387,11:45:39.204,34.1600,9
42339398376148,11:45:39.398,34.1600,30
42354332080427,11:45:54.332,34.1600,14
42354332080427,11:45:54.332,34.1600,86
42409291150619,11:46:49.291,34.1600,100
42409291150619,11:46:49.291,34.1600,1
42466252595177,11:47:46.252,34.1600,1
42467341834426,11:47:47.341,34.1600,100
42475581817679,11:47:55.581,34.1600,100
42486665925106,11:48:06.665,34.1600,100
42553589339474,11:49:13.589,34.1600,120
42553589975051,11:49:13.589,34.1600,11
42553592403372,11:49:13.592,34.1600,10
42622765850830,11:50:22.765,34.1800,1
42629990991467,11:50:29.990,34.1800,7
42630752489103,11:50:30.752,34.1800,1
42658122773171,11:50:58.122,34.1800,12
42816098052576,11:53:36.098,34.1800,1
42816103154265,11:53:36.103,34.1700,25
42837525324999,11:53:57.525,34.1700,61
42837525376061,11:53:57.525,34.1700,1
42884827328471,11:54:44.827,34.1700,100
42884827328471,11:54:44.827,34.1700,22
42884827384473,11:54:44.827,34.1700,78
42885135591056,11:54:45.135,34.1700,1
42885503645805,11:54:45.503,34.1600,100
42885503645805,11:54:45.503,34.1600,100
42885505419522,11:54:45.505,34.1600,100
43039487983293,11:57:19.487,34.1700,1
43072830154740,11:57:52.830,34.1700,29
43081347112887,11:58:01.347,34.1650,6
43116095229478,11:58:36.095,34.1600,100
43116095949035,11:58:36.095,34.1600,2
43141648841074,11:59:01.648,34.1500,7
43142121481776,11:59:02.121,34.1500,1
43142125648343,11:59:02.125,34.1400,1
43142125648343,11:59:02.125,34.1400,99
43197044439103,11:59:57.044,34.1400,100
43197044439103,11:59:57.044,34.1400,11
43197044439103,11:59:57.044,34.1400,88
43311507889855,12:01:51.507,34.1500,8
43311507889855,12:01:51.507,34.1500,100
43311507889855,12:01:51.507,34.1500,100
43311585678680,12:01:51.585,34.1500,100
43356671797313,12:02:36.671,34.1600,9
43356671797313,12:02:36.671,34.1600,100
43362110162381,12:02:42.110,34.1700,86
43388267242799,12:03:08.267,34.1700,100
43388267242799,12:03:08.267,34.1700,100
43402707795508,12:03:22.707,34.1800,1
43422415912661,12:03:42.415,34.1800,1
43446122531785,12:04:06.122,34.1700,1
43494503920302,12:04:54.503,34.1700,100
43561400131137,12:06:01.400,34.1750,7
43608374429724,12:06:48.374,34.1700,1
43665909468859,12:07:45.909,34.1700,1
43665920917307,12:07:45.920,34.1700,100
43666458708360,12:07:46.458,34.1700,2
43864000841513,12:11:04.000,34.1700,1
43864000841513,12:11:04.000,34.1700,99
43864002639889,12:11:04.002,34.1700,100
43918175850813,12:11:58.175,34.1700,100
43918175850813,12:11:58.175,34.1700,100
43918175850813,12:11:58.175,34.1700,100
43918175850813,12:11:58.175,34.1700,100
43918175850813,12:11:58.175,34.1700,7
43918412328074,12:11:58.412,34.1800,100
43918412328074,12:11:58.412,34.1800,100
43918412328074,12:11:58.412,34.1800,100
43918412706683,12:11:58.412,34.1800,100
43918412731731,12:11:58.412,34.1800,8
44003244958078,12:13:23.244,34.1800,100
44003244958078,12:13:23.244,34.1800,100
44041501962572,12:14:01.501,34.1700,200
44041502360596,12:14:01.502,34.1700,100
44078860562585,12:14:38.860,34.1700,100
44083083592543,12:14:43.083,34.1700,100
44092689561820,12:14:52.689,34.1700,100
44092689561820,12:14:52.689,34.1700,4
44093913730035,12:14:53.913,34.1700,100
44161607132285,12:16:01.607,34.1700,100
44161607132285,12:16:01.607,34.1700,100
44161607132285,12:16:01.607,34.1700,100
44210010738672,12:16:50.010,34.1700,1
44210012858883,12:16:50.012,34.1700,197
44318137653459,12:18:38.137,34.1700,1
44320832815260,12:18:40.832,34.1700,1
44328187421016,12:18:48.187,34.1600,100
44378736827945,12:19:38.736,34.1700,100
44378736953046,12:19:38.736,34.1700,5
44394352285724,12:19:54.352,34.1600,100
44394352313802,12:19:54.352,34.1600,2
44415017031483,12:20:15.017,34.1600,54
44415416476942,12:20:15.416,34.1600,4
44530739451400,12:22:10.739,34.1600,1
44541035281720,12:22:21.035,34.1600,12
44627408501168,12:23:47.408,34.1500,200
44627408599458,12:23:47.408,34.1500,2
44627412328576,12:23:47.412,34.1400,100
44627412328576,12:23:47.412,34.1400,100
44627412328576,12:23:47.412,34.1400,100
44627412328576,12:23:47.412,34.1400,100
44674230196671,12:24:34.230,34.1400,100
44674230196671,12:24:34.230,34.1400,100
44674270782292,12:24:34.270,34.1400,100
44674270782292,12:24:34.270,34.1400,100
44782477006695,12:26:22.477,34.1400,1
44795825843747,12:26:35.825,34.1400,100
44923579453515,12:28:43.579,34.1350,100
44939673458074,12:28:59.673,34.1350,100
44939673458074,12:28:59.673,34.1350,100
45255320417646,12:34:15.320,34.1400,6
45325001406110,12:35:25.001,34.1300,100
45325001406110,12:35:25.001,34.1300,1
45356804386551,12:35:56.804,34.1200,1
45372203230580,12:36:12.203,34.1100,100
45372203230580,12:36:12.203,34.1100,100
45372254626692,12:36:12.254,34.1000,2
45376595399581,12:36:16.595,34.1000,2
45555046413680,12:39:15.046,34.1000,100
45555046885474,12:39:15.046,34.1000,14
45557255797860,12:39:17.255,34.1000,100
45557255865811,12:39:17.255,34.1000,80
45776189842419,12:42:56.189,34.1100,100
45776192262804,12:42:56.192,34.1200,100
45830032217214,12:43:50.032,34.1100,100
45833538571529,12:43:53.538,34.1100,100
45955286318418,12:45:55.286,34.1000,85
45989092365677,12:46:29.092,34.1000,6
45993693901303,12:46:33.693,34.1000,14
46085048672055,12:48:05.048,34.1000,10
46137737420319,12:48:57.737,34.1100,100
46137737420319,12:48:57.737,34.1100,100
46137844209609,12:48:57.844,34.1100,100
46137844209609,12:48:57.844,34.1100,100
46212187427355,12:50:12.187,34.1200,7
46212239922643,12:50:12.239,34.1300,1
46360589407583,12:52:40.589,34.1400,100
46360589548448,12:52:40.589,34.1400,8
46388170968686,12:53:08.170,34.1300,16
46388170968686,12:53:08.170,34.1300,84
46388171046481,12:53:08.171,34.1300,16
46388171046481,12:53:08.171,34.1300,2
46445789934516,12:54:05.789,34.1200,3
46596004389692,12:56:36.004,34.1200,1
46596004417501,12:56:36.004,34.1200,99
46596004417501,12:56:36.004,34.1200,8
46596004572389,12:56:36.004,34.1200,65
46596055463428,12:56:36.055,34.1300,1
46648001459463,12:57:28.001,34.1300,100
46648001485149,12:57:28.001,34.1300,12
46716271528530,12:58:36.271,34.1400,2
46751684930764,12:59:11.684,34.1400,9
46779648098860,12:59:39.648,34.1500,100
46800556220989,13:00:00.556,34.1500,100
46800625193260,13:00:00.625,34.1500,1
46800682289111,13:00:00.682,34.1500,1
46831936786984,13:00:31.936,34.1550,100
46894429191638,13:01:34.429,34.1500,100
46894429421296,13:01:34.429,34.1500,4
46961207319876,13:02:41.207,34.1500,11
46961207319876,13:02:41.207,34.1500,89
47731757096996,13:15:31.757,34.1000,100
47731757096996,13:15:31.757,34.1000,100
47731757096996,13:15:31.757,34.1000,100
47731757096996,13:15:31.757,34.1000,7
47731757096996,13:15:31.757,34.1000,85
47731757339104,13:15:31.757,34.1000,70
47731757339104,13:15:31.757,34.1000,22
47731757480688,13:15:31.757,34.1000,78
47731757480688,13:15:31.757,34.1000,22
47785893122718,13:16:25.893,34.1100,2
47895249967597,13:18:15.249,34.1100,98
47895249967597,13:18:15.249,34.1100,2
47981135801822,13:19:41.135,34.1000,100
48131191527778,13:22:11.191,34.1000,200
48131191527778,13:22:11.191,34.1000,14
48131191527778,13:22:11.191,34.1000,100
48131191527778,13:22:11.191,34.1000,55
48131191527778,13:22:11.191,34.1000,31
48131191658183,13:22:11.191,34.1000,69
48131192188203,13:22:11.192,34.1000,100
48132304258452,13:22:12.304,34.1100,100
48132407932996,13:22:12.407,34.1200,1
48356356925698,13:25:56.356,34.0900,300
48356357159675,13:25:56.357,34.0900,149
48356357175872,13:25:56.357,34.0900,51
48495396078272,13:28:15.396,34.0700,2
48644599385853,13:30:44.599,34.0700,7
48660187026849,13:31:00.187,34.0700,1
48660187056002,13:31:00.187,34.0700,99
48666730239739,13:31:06.730,34.0800,15
48762564536778,13:32:42.564,34.0700,1
48813650467454,13:33:33.650,34.0800,100
48839426414359,13:33:59.426,34.0600,2
48860064566944,13:34:20.064,34.0600,198
48860064566944,13:34:20.064,34.0600,6
48860064566944,13:34:20.064,34.0600,100
48952826178311,13:35:52.826,34.0700,100
48952826178311,13:35:52.826,34.0700,100
48952826178311,13:35:52.826,34.0700,70
49082008040236,13:38:02.008,34.0800,1
49082008040236,13:38:02.008,34.0800,1
49177772370959,13:39:37.772,34.0800,1
49269873244466,13:41:09.873,34.0800,100
49294539335406,13:41:34.539,34.0800,1
49294539371083,13:41:34.539,34.0800,14
49294539371083,13:41:34.539,34.0800,14
49404891406067,13:43:24.891,34.0700,7
49404891406067,13:43:24.891,34.0700,1
49406041985870,13:43:26.041,34.0600,85
49423414464842,13:43:43.414,34.0700,100
49441297680760,13:44:01.297,34.0750,9
49493784447538,13:44:53.784,34.0800,1
49579787673356,13:46:19.787,34.0700,2
49579787673356,13:46:19.787,34.0700,98
49656724089562,13:47:36.724,34.0700,1
49678088861806,13:47:58.088,34.0600,1
49690846649549,13:48:10.846,34.0600,9
49746220051306,13:49:06.220,34.0500,1
49746348323414,13:49:06.348,34.0500,1
49749638252959,13:49:09.638,34.0500,100
49977962971750,13:52:57.962,34.0500,100
49977962971750,13:52:57.962,34.0500,9
50008995582820,13:53:28.995,34.0700,2
50014578376447,13:53:34.578,34.0700,100
50014578403507,13:53:34.578,34.0700,100
50100061666798,13:55:00.061,34.0700,100
50100061666798,13:55:00.061,34.0700,13
50143049609904,13:55:43.049,34.0800,100
50290682770063,13:58:10.682,34.0800,2
50294902698440,13:58:14.902,34.0800,32
50294902698440,13:58:14.902,34.0800,100
50294902698440,13:58:14.902,34.0800,12
50330144746749,13:58:50.144,34.0900,7
50330144774227,13:58:50.144,34.0900,13
50340000709060,13:59:00.000,34.0900,22
50407198627262,14:00:07.198,34.0900,15
50410091374811,14:00:10.091,34.1000,100
50410091374811,14:00:10.091,34.1000,100
50413598619781,14:00:13.598,34.1100,100
50413599938269,14:00:13.599,34.1200,100
50413599947508,14:00:13.599,34.1300,38
50413600156138,14:00:13.600,34.1300,53
50447208116332,14:00:47.208,34.0900,2
50447495701949,14:00:47.495,34.0900,2
50447558100663,14:00:47.558,34.0900,2
50447612622347,14:00:47.612,34.0900,2
50466757845065,14:01:06.757,34.1000,11
50537159965321,14:02:17.159,34.0900,2
50538465720096,14:02:18.465,34.0700,4
50577673127948,14:02:57.673,34.1200,21
50577674624596,14:02:57.674,34.1200,79
50632040535855,14:03:52.040,34.1400,100
50632178374128,14:03:52.178,34.1400,1
50652629184046,14:04:12.629,34.1500,14
50652639305135,14:04:12.639,34.1600,100
50736118561169,14:05:36.118,34.2000,100
50776063273223,14:06:16.063,34.1900,21
50776063273223,14:06:16.063,34.1700,6
50791491819566,14:06:31.491,34.1700,100
50791491844294,14:06:31.491,34.1700,485
50791798223875,14:06:31.798,34.1800,100
50791798223875,14:06:31.798,34.1800,100
50791798399516,14:06:31.798,34.1800,1
50834579015178,14:07:14.579,34.1700,1
50880000459652,14:08:00.000,34.1600,67
50880000692555,14:08:00.000,34.1600,33
50880000692555,14:08:00.000,34.1600,1
50923576916602,14:08:43.576,34.1500,7
50992492362119,14:09:52.492,34.1600,100
51029734911123,14:10:29.734,34.1500,1
51063925584601,14:11:03.925,34.1500,100
51063956616760,14:11:03.956,34.1800,100
51081609014471,14:11:21.609,34.1800,100
51081614781674,14:11:21.614,34.1900,100
51081614781674,14:11:21.614,34.1900,100
51081616021817,14:11:21.616,34.1900,100
51081626283064,14:11:21.626,34.1900,34
51081626308646,14:11:21.626,34.1900,66
51081626308646,14:11:21.626,34.1900,100
51081626308646,14:11:21.626,34.1900,25
51081626337323,14:11:21.626,34.1900,75
51081627081158,14:11:21.627,34.1900,100
51081627081158,14:11:21.627,34.1900,100
51121222915902,14:12:01.222,34.1800,2
51132312217363,14:12:12.312,34.1900,100
51132315215155,14:12:12.315,34.1900,14
51135060244905,14:12:15.060,34.1900,200
51135294431110,14:12:15.294,34.2000,100
51135294431110,14:12:15.294,34.2000,300
51135310373584,14:12:15.310,34.2000,100
51135310373584,14:12:15.310,34.1950,100
51135310373584,14:12:15.310,34.1900,100
51135310373584,14:12:15.310,34.1900,100
51135311185531,14:12:15.311,34.1900,1
51213090529905,14:13:33.090,34.1900,100
51213090529905,14:13:33.090,34.1900,100
51275812415834,14:14:35.812,34.2000,16
51275826872692,14:14:35.826,34.2000,100
51300193281527,14:15:00.193,34.1950,100
51300193281527,14:15:00.193,34.1900,1
51300193281527,14:15:00.193,34.1900,18
51366575660405,14:16:06.575,34.1900,2
51366575660405,14:16:06.575,34.1900,48
51400207811341,14:16:40.207,34.2000,74
51400207812805,14:16:40.207,34.2000,26
51400207812805,14:16:40.207,34.2000,15
51400220009172,14:16:40.220,34.2000,100
51409649680385,14:16:49.649,34.2000,100
51409649680385,14:16:49.649,34.2000,100
51409685415621,14:16:49.685,34.2000,2
51417862993704,14:16:57.862,34.2000,98
51417862993704,14:16:57.862,34.2000,2
51466872760882,14:17:46.872,34.2000,100
51466872760882,14:17:46.872,34.2000,100
51466872919708,14:17:46.872,34.2000,400
51466872919708,14:17:46.872,34.2000,100
51466878687655,14:17:46.878,34.2100,100
51466878687655,14:17:46.878,34.2100,100
51466878687655,14:17:46.878,34.2100,100
51466880177825,14:17:46.880,34.2100,100
51466880177825,14:17:46.880,34.2100,100
51466880177825,14:17:46.880,34.2100,100
51466912350529,14:17:46.912,34.2000,100
51466925098151,14:17:46.925,34.2000,100
51466940380239,14:17:46.940,34.2000,100
51466940380239,14:17:46.940,34.2000,100
51466940380239,14:17:46.940,34.2000,100
51467007080850,14:17:47.007,34.2000,100
51467007080850,14:17:47.007,34.2000,100
51467007080850,14:17:47.007,34.2000,100
51467027324397,14:17:47.027,34.2000,100
51467755851625,14:17:47.755,34.2000,100
51467870608914,14:17:47.870,34.2000,100
51467870608914,14:17:47.870,34.2000,100
51474428925431,14:17:54.428,34.1900,98
51474429152433,14:17:54.429,34.1900,2
51499704767233,14:18:19.704,34.1900,14
51581054182837,14:19:41.054,34.2000,9
51581054182837,14:19:41.054,34.2000,91
51581054264038,14:19:41.054,34.2000,9
51581054264038,14:19:41.054,34.2000,91
51581054402757,14:19:41.054,34.2000,109
51581063879982,14:19:41.063,34.2000,100
51581063879982,14:19:41.063,34.2000,100
51581063879982,14:19:41.063,34.2000,102
51581117398120,14:19:41.117,34.2000,100
51581117398120,14:19:41.117,34.2000,100
51581160339098,14:19:41.160,34.2000,2
51624430553540,14:20:24.430,34.1900,1
51635540340625,14:20:35.540,34.1800,1
51646159536060,14:20:46.159,34.1800,200
51646159536060,14:20:46.159,34.1800,100
51646159536060,14:20:46.159,34.1800,100
51646159536060,14:20:46.159,34.1800,6
51739942381581,14:22:19.942,34.2000,198
51739942381581,14:22:19.942,34.2000,100
51739942381581,14:22:19.942,34.2000,10
51739999049594,14:22:19.999,34.2000,100
51739999049594,14:22:19.999,34.2000,51
51753837320787,14:22:33.837,34.2000,2
51759456926069,14:22:39.456,34.2100,100
51803819401231,14:23:23.819,34.2100,100
51803970911419,14:23:23.970,34.2400,100
51869322362474,14:24:29.322,34.2300,2
51869322362474,14:24:29.322,34.2300,17
51926228245124,14:25:26.228,34.2300,100
51926231569940,14:25:26.231,34.2300,100
51926231569940,14:25:26.231,34.2300,19
51940470617973,14:25:40.470,34.2300,1
51940470617973,14:25:40.470,34.2300,14
51940470617973,14:25:40.470,34.2300,85
51940470722921,14:25:40.470,34.2300,15
51952342998875,14:25:52.342,34.2200,1
52003598246633,14:26:43.598,34.2100,1
52003601010523,14:26:43.601,34.2000,1
52039548432263,14:27:19.548,34.1900,1
52058547790181,14:27:38.547,34.1800,1
52112799880318,14:28:32.799,34.1700,1
52203438536689,14:30:03.438,34.1600,1
52256382358135,14:30:56.382,34.1600,100
52256382594546,14:30:56.382,34.1600,100
52256382594546,14:30:56.382,34.1600,10
52261927271866,14:31:01.927,34.1600,1
52324118494919,14:32:04.118,34.1500,1
52330680709409,14:32:10.680,34.1400,1
52330680709409,14:32:10.680,34.1400,100
52330682769267,14:32:10.682,34.1400,100
52330682854152,14:32:10.682,34.1400,100
52330682854781,14:32:10.682,34.1400,100
52354303644072,14:32:34.303,34.1400,100
52387153682620,14:33:07.153,34.1300,100
52387153766320,14:33:07.153,34.1300,100
52387153787140,14:33:07.153,34.1300,1
52396756897310,14:33:16.756,34.1300,100
52396756897310,14:33:16.756,34.1300,88
52396756976360,14:33:16.756,34.1300,12
52441601536868,14:34:01.601,34.1300,200
52441601536868,14:34:01.601,34.1300,7
52441601536868,14:34:01.601,34.1300,1
52441601536868,14:34:01.601,34.1300,18
52450042313284,14:34:10.042,34.1300,11
52507518915780,14:35:07.518,34.1400,100
52507518915780,14:35:07.518,34.1400,100
52630186980332,14:37:10.186,34.1400,1
52630186980332,14:37:10.186,34.1400,99
52630187016189,14:37:10.187,34.1400,1
52669862959688,14:37:49.862,34.1500,100
52700064962258,14:38:20.064,34.1500,100
52700064962258,14:38:20.064,34.1500,30
52700064978530,14:38:20.064,34.1500,70
52700064978530,14:38:20.064,34.1500,16
52700066263033,14:38:20.066,34.1500,100
52703067465442,14:38:23.067,34.1500,100
52706057726603,14:38:26.057,34.1500,100
52710334474466,14:38:30.334,34.1500,1
52985541871660,14:43:05.541,34.1500,1
52985541871660,14:43:05.541,34.1500,100
52985541871660,14:43:05.541,34.1500,100
52992764354285,14:43:12.764,34.1400,2
52992764354285,14:43:12.764,34.1400,3
53079292254843,14:44:39.292,34.1400,75
53079292281138,14:44:39.292,34.1400,25
53079292281138,14:44:39.292,34.1400,100
53080043836831,14:44:40.043,34.1500,201
53080043836831,14:44:40.043,34.1500,99
53080043862271,14:44:40.043,34.1500,1
53082920570074,14:44:42.920,34.1600,100
53090285167087,14:44:50.285,34.1700,100
53098717483828,14:44:58.717,34.1700,4
53175637630899,14:46:15.637,34.1600,1
53175637630899,14:46:15.637,34.1600,10
53188335224781,14:46:28.335,34.1600,100
53205577032047,14:46:45.577,34.1700,14
53216219333974,14:46:56.219,34.1800,20
53216219333974,14:46:56.219,34.1800,80
53216220086117,14:46:56.220,34.1800,20
53228374952096,14:47:08.374,34.1900,100
53401212939298,14:50:01.212,34.2000,198
53401212939298,14:50:01.212,34.2000,100
53401269470729,14:50:01.269,34.2100,1
53402171356393,14:50:02.171,34.2050,1
53410495045374,14:50:10.495,34.2100,99
53410495045374,14:50:10.495,34.2100,1
53468913167825,14:51:08.913,34.2000,1
53471954568311,14:51:11.954,34.1900,100
53471954568311,14:51:11.954,34.1900,15
53471959269432,14:51:11.959,34.1800,100
53471959350632,14:51:11.959,34.1800,1
53496361648169,14:51:36.361,34.1800,7
53496361675368,14:51:36.361,34.1800,26
53508362572785,14:51:48.362,34.1800,7
53526680805330,14:52:06.680,34.1900,23
53539218089055,14:52:19.218,34.2100,1
53544697585704,14:52:24.697,34.2100,1
53544697585704,14:52:24.697,34.2100,100
53544697585704,14:52:24.697,34.2100,99
53556391985732,14:52:36.391,34.2200,1
53556391985732,14:52:36.391,34.2200,99
53597079332573,14:53:17.079,34.2200,25
53695534200244,14:54:55.534,34.2200,100
53695534216017,14:54:55.534,34.2200,100
53773185345316,14:56:13.185,34.2300,100
53797848621308,14:56:37.848,34.2300,100
53797848621308,14:56:37.848,34.2300,100
53797848651354,14:56:37.848,34.2300,22
53798213790460,14:56:38.213,34.2400,1
53798213790460,14:56:38.213,34.2400,23
53824058351503,14:57:04.058,34.2400,7
53844004776214,14:57:24.004,34.2400,2
53858085140811,14:57:38.085,34.2400,1
53859413886310,14:57:39.413,34.2400,1
53936018345616,14:58:56.018,34.2400,16
53936018345616,14:58:56.018,34.2400,21
53936018345616,14:58:56.018,34.2400,63
53936029725021,14:58:56.029,34.2300,100
53936029725021,14:58:56.029,34.2300,2
53936029725021,14:58:56.029,34.2300,100
53956061758658,14:59:16.061,34.2300,100
53956061758658,14:59:16.061,34.2300,100
53956061758658,14:59:16.061,34.2300,20
53956065252268,14:59:16.065,34.2400,100
53957529071166,14:59:17.529,34.2500,100
54001309554750,15:00:01.309,34.2500,23
54110672626091,15:01:50.672,34.2400,2
54110853493100,15:01:50.853,34.2400,50
54116176142817,15:01:56.176,34.2400,100
54116176142817,15:01:56.176,34.2400,46
54122085460356,15:02:02.085,34.2300,100
54122506164723,15:02:02.506,34.2300,1
54189108810594,15:03:09.108,34.2200,1
54322420228703,15:05:22.420,34.1900,100
54322420228703,15:05:22.420,34.1900,297
54322420228703,15:05:22.420,34.1900,100
54322420228703,15:05:22.420,34.1900,16
54322420256052,15:05:22.420,34.1900,84
54481081284728,15:08:01.081,34.1900,100
54481081351039,15:08:01.081,34.1900,100
54481083125070,15:08:01.083,34.2000,100
54481111711064,15:08:01.111,34.2000,100
54483837304557,15:08:03.837,34.2000,1
54483837304557,15:08:03.837,34.2000,100
54484933589834,15:08:04.933,34.1900,100
54484933617688,15:08:04.933,34.1900,2
54514298722411,15:08:34.298,34.1900,1
54520816981444,15:08:40.816,34.1900,100
54598795939945,15:09:58.795,34.1900,7
54604394937007,15:10:04.394,34.1800,1
54604394937007,15:10:04.394,34.1800,7
54635083376106,15:10:35.083,34.1700,1
54643510437550,15:10:43.510,34.1600,1
54653301196781,15:10:53.301,34.1600,100
54657165278000,15:10:57.165,34.1600,100
54732924869604,15:12:12.924,34.1600,1
54732924869604,15:12:12.924,34.1600,6
54733172270040,15:12:13.172,34.1600,44
54754132275969,15:12:34.132,34.1600,1
54796463901801,15:13:16.463,34.1500,100
54796463901801,15:13:16.463,34.1500,100
54796463901801,15:13:16.463,34.1500,100
54799688072315,15:13:19.688,34.1500,14
54804170680806,15:13:24.170,34.1500,100
54879056337418,15:14:39.056,34.1600,100
54879056337418,15:14:39.056,34.1600,100
54879056337418,15:14:39.056,34.1600,29
54879056337418,15:14:39.056,34.1600,100
54926876669673,15:15:26.876,34.1800,8
54948008530025,15:15:48.008,34.1900,24
54948008530025,15:15:48.008,34.1900,60
54948008530025,15:15:48.008,34.1900,8
54990985346678,15:16:30.985,34.1900,2
54999205317640,15:16:39.205,34.1800,1
55081222359549,15:18:01.222,34.1700,1
55081334263487,15:18:01.334,34.1650,3
55089516690643,15:18:09.516,34.1600,100
55089516690643,15:18:09.516,34.1600,50
55163989094946,15:19:23.989,34.1600,1
55164203840668,15:19:24.203,34.1500,100
55164630314303,15:19:24.630,34.1400,100
55164630314303,15:19:24.630,34.1400,100
55164630314303,15:19:24.630,34.1400,100
55164630314303,15:19:24.630,34.1400,50
55164962168262,15:19:24.962,34.1300,9
55165064897992,15:19:25.064,34.1300,91
55165064897992,15:19:25.064,34.1300,100
55165069787550,15:19:25.069,34.1300,100
55165069787550,15:19:25.069,34.1300,100
55173058991814,15:19:33.058,34.1400,20
55173058991814,15:19:33.058,34.1400,9
55190823861037,15:19:50.823,34.1500,100
55201906169169,15:20:01.906,34.1500,2
55218470867898,15:20:18.470,34.1500,19
55218778183264,15:20:18.778,34.1400,100
55218778183264,15:20:18.778,34.1400,100
55231266107881,15:20:31.266,34.1400,100
55237603405785,15:20:37.603,34.1500,8
55237842697679,15:20:37.842,34.1500,100
55288090665163,15:21:28.090,34.1500,1
55306860295626,15:21:46.860,34.1400,100
55330684708956,15:22:10.684,34.1400,100
55330684750691,15:22:10.684,34.1400,28
55330684750691,15:22:10.684,34.1400,1
55446508597492,15:24:06.508,34.1200,1
55446508597492,15:24:06.508,34.1200,26
55454709656547,15:24:14.709,34.1100,20
55459900800250,15:24:19.900,34.1100,100
55607708229768,15:26:47.708,34.1100,1
55607708229768,15:26:47.708,34.1100,110
55607708229768,15:26:47.708,34.1100,10
55621494744800,15:27:01.494,34.1000,25
55621494744800,15:27:01.494,34.1000,1
55672311422541,15:27:52.311,34.1000,27
55673111161841,15:27:53.111,34.1000,100
55673113732007,15:27:53.113,34.1000,100
55673113732007,15:27:53.113,34.1000,78
55673115047992,15:27:53.115,34.1000,67
55673115047992,15:27:53.115,34.1000,8
55688905877383,15:28:08.905,34.1100,1
55724801755422,15:28:44.801,34.1100,99
55724801755422,15:28:44.801,34.1100,1
55724804731976,15:28:44.804,34.1050,100
55724804731976,15:28:44.804,34.1050,100
55724804731976,15:28:44.804,34.1000,100
55724804731976,15:28:44.804,34.1000,7
55724804731976,15:28:44.804,34.1000,9
55724804731976,15:28:44.804,34.1000,100
55737986688979,15:28:57.986,34.1000,29
55778704211584,15:29:38.704,34.0900,50
55778710619680,15:29:38.710,34.0900,100
55778712411537,15:29:38.712,34.0900,44
55800803011085,15:30:00.803,34.0850,100
55801429530047,15:30:01.429,34.0900,2
55822716484006,15:30:22.716,34.0900,26
55842177426956,15:30:42.177,34.0900,100
55842177790411,15:30:42.177,34.0900,193
55842177790411,15:30:42.177,34.0900,7
55842177815769,15:30:42.177,34.0900,1
55842177864108,15:30:42.177,34.0900,92
55883855232249,15:31:23.855,34.1000,8
55891518167913,15:31:31.518,34.1100,100
55979204305070,15:32:59.204,34.1200,392
56007003657487,15:33:27.003,34.1200,8
56007003657487,15:33:27.003,34.1200,6
56007003657487,15:33:27.003,34.1200,86
56033262333452,15:33:53.262,34.1100,1
56033262333452,15:33:53.262,34.1100,100
56033262333452,15:33:53.262,34.1100,11
56033339517822,15:33:53.339,34.1100,50
56046970693458,15:34:06.970,34.1000,1
56187022254193,15:36:27.022,34.0900,1
56187022254193,15:36:27.022,34.0900,100
56187022749619,15:36:27.022,34.0900,100
56194758961546,15:36:34.758,34.0800,50
56194759532477,15:36:34.759,34.0800,81
56194759643689,15:36:34.759,34.0800,19
56194759643689,15:36:34.759,34.0800,9
56197537867683,15:36:37.537,34.0700,63
56219515399647,15:36:59.515,34.0700,100
56219515968909,15:36:59.515,34.0700,100
56356256412728,15:39:16.256,34.0800,50
56380910213742,15:39:40.910,34.0800,2
56381120524637,15:39:41.120,34.0800,39
56381120551623,15:39:41.120,34.0800,9
56381120551623,15:39:41.120,34.0800,9
56381120551623,15:39:41.120,34.0800,100
56381850020042,15:39:41.850,34.0900,1
56381850020042,15:39:41.850,34.0900,99
56381850115841,15:39:41.850,34.0900,1
56432225448546,15:40:32.225,34.0900,1
56432225448546,15:40:32.225,34.0900,6
56432225448546,15:40:32.225,34.0900,22
56488542274809,15:41:28.542,34.0800,14
56488542274809,15:41:28.542,34.0800,86
56488542627534,15:41:28.542,34.0800,3
56572115209510,15:42:52.115,34.0800,100
56572115222134,15:42:52.115,34.0800,100
56586874892396,15:43:06.874,34.0900,50
56655659892912,15:44:15.659,34.0900,50
56700029525657,15:45:00.029,34.0850,100
56700029525657,15:45:00.029,34.0800,200
56700029525657,15:45:00.029,34.0800,131
56700029525657,15:45:00.029,34.0800,100
56700029525657,15:45:00.029,34.0800,20
56700029525657,15:45:00.029,34.0800,200
56700029525657,15:45:00.029,34.0800,100
56700105997723,15:45:00.105,34.0700,95
56700105997723,15:45:00.105,34.0700,100
56700105997723,15:45:00.105,34.0700,100
56700105997723,15:45:00.105,34.0700,100
56700108394051,15:45:00.108,34.0700,50
56700108394051,15:45:00.108,34.0700,100
56701736829234,15:45:01.736,34.0700,50
56701736829234,15:45:01.736,34.0700,50
56701736836690,15:45:01.736,34.0700,50
56740740719692,15:45:40.740,34.0800,16
56740740719692,15:45:40.740,34.0800,75
56740740719692,15:45:40.740,34.0800,100
56740740719692,15:45:40.740,34.0800,8
56751458770286,15:45:51.458,34.0900,50
56751460629354,15:45:51.460,34.0900,50
56806486473335,15:46:46.486,34.1000,1
56806486473335,15:46:46.486,34.1000,49
56848664345627,15:47:28.664,34.0900,1
56848664345627,15:47:28.664,34.0900,93
56848664345627,15:47:28.664,34.0900,6
56855014211961,15:47:35.014,34.0900,31
56855014211961,15:47:35.014,34.0900,1
56855014211961,15:47:35.014,34.0900,100
56869267800662,15:47:49.267,34.0700,50
56910264886671,15:48:30.264,34.0700,50
56910264886671,15:48:30.264,34.0700,100
56910264886671,15:48:30.264,34.0700,45
56910264886671,15:48:30.264,34.0700,100
56910264886671,15:48:30.264,34.0700,9
56910264886671,15:48:30.264,34.0700,100
56960992871652,15:49:20.992,34.0700,2
56981827641686,15:49:41.827,34.0700,98
56981827641686,15:49:41.827,34.0700,2
56987328034654,15:49:47.328,34.0700,38
56987328034654,15:49:47.328,34.0700,12
57025086249582,15:50:25.086,34.0650,36
57147236770382,15:52:27.236,34.0600,1
57162525021423,15:52:42.525,34.0500,200
57162525021423,15:52:42.525,34.0500,46
57188584985822,15:53:08.584,34.0400,10
57188594395823,15:53:08.594,34.0350,43
57224360079268,15:53:44.360,34.0300,96
57224360079268,15:53:44.360,34.0300,100
57224544344871,15:53:44.544,34.0300,100
57224544344871,15:53:44.544,34.0300,65
57224703868020,15:53:44.703,34.0300,100
57233653224680,15:53:53.653,34.0300,100
57248073427570,15:54:08.073,34.0400,100
57248073427570,15:54:08.073,34.0400,9
57248073427570,15:54:08.073,34.0400,100
57291444704851,15:54:51.444,34.0450,6
57312882046600,15:55:12.882,34.0500,100
57312883382492,15:55:12.883,34.0600,81
57321800343912,15:55:21.800,34.0600,19
57321800343912,15:55:21.800,34.0700,81
57330752075178,15:55:30.752,34.0700,50
57345906618460,15:55:45.906,34.0700,100
57345906618460,15:55:45.906,34.0700,100
57345906618460,15:55:45.906,34.0700,100
57345964108205,15:55:45.964,34.0700,94
57355462160820,15:55:55.462,34.0800,10
57355462160820,15:55:55.462,34.0800,8
57355484966077,15:55:55.484,34.0800,2
57356269566677,15:55:56.269,34.0800,100
57356270792421,15:55:56.270,34.0800,100
57356270792421,15:55:56.270,34.0800,100
57356270792421,15:55:56.270,34.0800,100
57363770775533,15:56:03.770,34.0800,50
57399287691399,15:56:39.287,34.0800,50
57474578338889,15:57:54.578,34.0700,57
57474578338889,15:57:54.578,34.0700,11
57474578338889,15:57:54.578,34.0700,32
57494352512333,15:58:14.352,34.0600,200
57539162785927,15:58:59.162,34.0600,100
57541860830348,15:59:01.860,34.0600,50
57543301602159,15:59:03.301,34.0600,50
57543660026780,15:59:03.660,34.0700,100
57551727839910,15:59:11.727,34.0700,100
57553503467865,15:59:13.503,34.0800,100
57553503467865,15:59:13.503,34.0800,100
57553628491879,15:59:13.628,34.0850,100
57553628491879,15:59:13.628,34.0900,200
57553631450542,15:59:13.631,34.0900,100
57553631450542,15:59:13.631,34.0900,18
57555006218394,15:59:15.006,34.0800,100
57555006218394,15:59:15.006,34.0850,100
57555006218394,15:59:15.006,34.0900,400
57555006218394,15:59:15.006,34.0900,100
57555006218394,15:59:15.006,34.0900,200
57555006218394,15:59:15.006,34.0900,100
57555006386711,15:59:15.006,34.0900,200
57555006386711,15:59:15.006,34.0900,200
57556456868676,15:59:16.456,34.0950,100
57556456868676,15:59:16.456,34.0900,100
57556456868676,15:59:16.456,34.0900,100
57556456868676,15:59:16.456,34.0900,100
57560012096018,15:59:20.012,34.0950,100
57560012096018,15:59:20.012,34.1000,59
57565009739734,15:59:25.009,34.1000,41
57565009739734,15:59:25.009,34.1000,59
57565624518054,15:59:25.624,34.1100,50
57570021963371,15:59:30.021,34.1100,35
57573012792719,15:59:33.012,34.1150,100
57575015814649,15:59:35.015,34.1200,100
57575015814649,15:59:35.015,34.1200,35
57575015814649,15:59:35.015,34.1200,100
57577759314481,15:59:37.759,34.1200,100
57595123647543,15:59:55.123,34.1300,57
57595170278112,15:59:55.170,34.1300,43
57595170278112,15:59:55.170,34.1300,100
57600550517427,16:00:00.550,0.0000,0
