timestamp,time,price,volume
34199100409846,09:29:59.100,11.3500,100
34199100409846,09:29:59.100,11.3900,100
34199100409846,09:29:59.100,11.3900,100
34200744396527,09:30:00.744,11.3500,6622
34405528660198,09:33:25.528,11.3300,50
34405528660198,09:33:25.528,11.3300,50
34405528689081,09:33:25.528,11.3300,107
34405528689081,09:33:25.528,11.3300,100
34405528689081,09:33:25.528,11.3300,100
34405595510102,09:33:25.595,11.2900,1
34405607901571,09:33:25.607,11.2900,100
34405839555192,09:33:25.839,11.2900,100
34405839555192,09:33:25.839,11.2900,100
34407711297645,09:33:27.711,11.2800,86
34421756367359,09:33:41.756,11.2400,10
34460413461702,09:34:20.413,11.2500,73
34502598679053,09:35:02.598,11.2500,100
34553487071309,09:35:53.487,11.2400,100
34553951989479,09:35:53.951,11.2500,100
34666639495077,09:37:46.639,11.2300,100
34666639495077,09:37:46.639,11.2300,9
34666639536059,09:37:46.639,11.2300,91
34666640379232,09:37:46.640,11.2200,100
34666640430519,09:37:46.640,11.2100,100
34666640430519,09:37:46.640,11.2100,1500
34666644168197,09:37:46.644,11.2000,100
34667049359460,09:37:47.049,11.1900,100
34678768766991,09:37:58.768,11.2100,100
34733056062861,09:38:53.056,11.2100,14
34742654646918,09:39:02.654,11.2200,100
34742654646918,09:39:02.654,11.2200,100
34753052472446,09:39:13.052,11.2200,100
34835757300161,09:40:35.757,11.2000,100
34899704157114,09:41:39.704,11.2000,60
34924075733665,09:42:04.075,11.1800,100
34924075733665,09:42:04.075,11.1800,100
34948259758335,09:42:28.259,11.1200,100
34948259758335,09:42:28.259,11.1200,100
34948259758335,09:42:28.259,11.1200,100
34967461882543,09:42:47.461,11.1700,100
34967461882543,09:42:47.461,11.1700,100
34967462105731,09:42:47.462,11.1700,100
34992238964005,09:43:12.238,11.1600,100
35046043564826,09:44:06.043,11.1600,100
35129159867837,09:45:29.159,11.1600,100
35152067252385,09:45:52.067,11.1600,100
35152067252385,09:45:52.067,11.1600,100
35152067252385,09:45:52.067,11.1500,100
35152073352473,09:45:52.073,11.1600,100
35181929708535,09:46:21.929,11.1600,100
35181929916464,09:46:21.929,11.1600,100
35286875827456,09:48:06.875,11.1600,100
35286875827456,09:48:06.875,11.1600,100
35377927831499,09:49:37.927,11.1700,100
35379758646987,09:49:39.758,11.1800,100
35379758646987,09:49:39.758,11.1800,100
35379760168820,09:49:39.760,11.1900,100
35379760168820,09:49:39.760,11.1900,100
35379760168820,09:49:39.760,11.1900,100
35381815938381,09:49:41.815,11.1900,94
35395271813293,09:49:55.271,11.1800,100
35395272286167,09:49:55.272,11.1700,83
35395869396775,09:49:55.869,11.1600,100
35395869396775,09:49:55.869,11.1600,100
35417873319629,09:50:17.873,11.1600,100
35417873347388,09:50:17.873,11.1600,100
35467239486205,09:51:07.239,11.1800,100
35469448559290,09:51:09.448,11.1900,100
35469448928002,09:51:09.448,11.2000,100
35469448928002,09:51:09.448,11.2000,100
35469949016001,09:51:09.949,11.2100,100
35469951889668,09:51:09.951,11.2100,100
35534004161703,09:52:14.004,11.1800,100
35534004235509,09:52:14.004,11.1800,100
35534004650267,09:52:14.004,11.1800,93
35545193287163,09:52:25.193,11.1700,100
35631445929808,09:53:51.445,11.1700,4
35674058401432,09:54:34.058,11.1900,100
35674058439897,09:54:34.058,11.1900,100
35674408951073,09:54:34.408,11.2000,100
35701194654542,09:55:01.194,11.2100,100
35755166216057,09:55:55.166,11.1900,100
35755166216057,09:55:55.166,11.1900,100
35764943575501,09:56:04.943,11.1800,100
35769305850342,09:56:09.305,11.1700,100
35771850025694,09:56:11.850,11.1700,100
35771850025694,09:56:11.850,11.1700,100
35771850025694,09:56:11.850,11.1700,100
35782351023141,09:56:22.351,11.1800,100
35782351023141,09:56:22.351,11.1800,28
35782351053413,09:56:22.351,11.1800,72
35904700974375,09:58:24.700,11.1800,3
35904700974375,09:58:24.700,11.1800,97
35930026482993,09:58:50.026,11.1700,100
35964229259184,09:59:24.229,11.1600,100
35980191130206,09:59:40.191,11.1500,100
35996118944985,09:59:56.118,11.1400,100
36000891766470,10:00:00.891,11.1400,100
36000891766470,10:00:00.891,11.1400,100
36012132783872,10:00:12.132,11.1500,100
36021316889961,10:00:21.316,11.1500,100
36026138317640,10:00:26.138,11.1500,100
36160325694307,10:02:40.325,11.1400,100
36160325718926,10:02:40.325,11.1400,100
36160341925068,10:02:40.341,11.1300,100
36167558287482,10:02:47.558,11.1200,100
36170666889950,10:02:50.666,11.1200,200
36170666889950,10:02:50.666,11.1200,100
36224022560298,10:03:44.022,11.1000,100
36224022560298,10:03:44.022,11.1000,100
36224022560298,10:03:44.022,11.1000,28
36309929786688,10:05:09.929,11.1000,100
36332042688342,10:05:32.042,11.1000,100
36335685361959,10:05:35.685,11.1000,100
36335685361959,10:05:35.685,11.1000,100
36335696516091,10:05:35.696,11.1000,100
36379564798944,10:06:19.564,11.1200,100
36454293030416,10:07:34.293,11.1200,100
36454293056401,10:07:34.293,11.1200,100
36600614222212,10:10:00.614,11.1200,100
36609231259755,10:10:09.231,11.1300,74
36609231287898,10:10:09.231,11.1300,26
36778126668794,10:12:58.126,11.1700,78
36778126734891,10:12:58.126,11.1700,78
36778126789202,10:12:58.126,11.1700,22
36778126789202,10:12:58.126,11.1700,78
36778126822936,10:12:58.126,11.1700,22
36778126822936,10:12:58.126,11.1700,56
36778126843896,10:12:58.126,11.1700,44
36778126843896,10:12:58.126,11.1700,56
36778126883116,10:12:58.126,11.1700,78
36778126932155,10:12:58.126,11.1700,22
36778126932155,10:12:58.126,11.1700,56
36778126988092,10:12:58.126,11.1700,44
36778127011650,10:12:58.127,11.1700,34
36778127037277,10:12:58.127,11.1700,10
36816737793550,10:13:36.737,11.1600,100
36816738514941,10:13:36.738,11.1600,100
36816738514941,10:13:36.738,11.1600,100
36856971753639,10:14:16.971,11.1500,100
36857637653780,10:14:17.637,11.1400,52
36857637659182,10:14:17.637,11.1400,48
36901699203030,10:15:01.699,11.1400,10
36901699213988,10:15:01.699,11.1400,90
36901699213988,10:15:01.699,11.1400,100
36901699213988,10:15:01.699,11.1400,100
36901720083256,10:15:01.720,11.1500,73
36923344425044,10:15:23.344,11.1400,100
36930952823418,10:15:30.952,11.1300,100
36930952823418,10:15:30.952,11.1300,100
36931741702908,10:15:31.741,11.1300,100
36978488723840,10:16:18.488,11.1400,100
36978488723840,10:16:18.488,11.1400,100
37031192329309,10:17:11.192,11.1400,100
37075899541174,10:17:55.899,11.1400,35
37239597181824,10:20:39.597,11.1700,100
37368232803409,10:22:48.232,11.1800,100
37368232875343,10:22:48.232,11.1800,78
37368232888946,10:22:48.232,11.1800,22
37479272364455,10:24:39.272,11.1900,64
37488113978752,10:24:48.113,11.1900,100
37535039937811,10:25:35.039,11.1900,100
37535039937811,10:25:35.039,11.1900,100
37535039937811,10:25:35.039,11.1900,100
37580428174951,10:26:20.428,11.2000,100
37581654527789,10:26:21.654,11.2100,100
37623848184741,10:27:03.848,11.2100,200
37623849689058,10:27:03.849,11.2100,100
37819234992312,10:30:19.234,11.2200,100
37819234992312,10:30:19.234,11.2200,100
37819234992312,10:30:19.234,11.2200,100
37819234992312,10:30:19.234,11.2200,100
37844978777331,10:30:44.978,11.2400,36
37844978812805,10:30:44.978,11.2400,64
37976420377831,10:32:56.420,11.2500,100
37976420377831,10:32:56.420,11.2500,100
37976420377831,10:32:56.420,11.2500,100
37976605569035,10:32:56.605,11.2600,100
37976605569035,10:32:56.605,11.2600,100
38266730938244,10:37:46.730,11.2600,100
38266730981380,10:37:46.730,11.2600,100
38266730981380,10:37:46.730,11.2600,93
38266730981380,10:37:46.730,11.2600,100
38266730981380,10:37:46.730,11.2600,100
38266730981380,10:37:46.730,11.2600,100
38271263651332,10:37:51.263,11.2500,100
38271263651332,10:37:51.263,11.2500,41
38271263660895,10:37:51.263,11.2500,59
38271263746050,10:37:51.263,11.2500,59
38271264068466,10:37:51.264,11.2500,41
38329262319898,10:38:49.262,11.2500,100
38329262319898,10:38:49.262,11.2500,62
38329262347818,10:38:49.262,11.2500,38
38437062751759,10:40:37.062,11.2600,100
38657475650048,10:44:17.475,11.2700,9
38657475650048,10:44:17.475,11.2700,100
38657475650048,10:44:17.475,11.2700,100
38657475650048,10:44:17.475,11.2700,100
38657475650048,10:44:17.475,11.2700,100
38657475650048,10:44:17.475,11.2700,100
38657498959282,10:44:17.498,11.2800,60
38657498959282,10:44:17.498,11.2800,100
38657548252000,10:44:17.548,11.2800,100
38685003841111,10:44:45.003,11.2800,200
38821820030723,10:47:01.820,11.2800,200
38821826312107,10:47:01.826,11.2800,100
38896861467332,10:48:16.861,11.2700,100
38896861529598,10:48:16.861,11.2700,100
38896863206983,10:48:16.863,11.2700,100
38896863206983,10:48:16.863,11.2700,100
38896863206983,10:48:16.863,11.2700,100
39260729213215,10:54:20.729,11.2700,100
39260729289608,10:54:20.729,11.2700,100
39260729289608,10:54:20.729,11.2700,100
39318361352772,10:55:18.361,11.2800,100
39343674144230,10:55:43.674,11.2900,100
39343676040982,10:55:43.676,11.3000,100
39430279367277,10:57:10.279,11.3000,100
39430279367277,10:57:10.279,11.3000,200
39430279367277,10:57:10.279,11.3000,100
39430279367277,10:57:10.279,11.3000,100
39430279367277,10:57:10.279,11.3000,100
39430279741123,10:57:10.279,11.3000,100
39430279741123,10:57:10.279,11.3000,100
39431374988373,10:57:11.374,11.3000,100
39432002204610,10:57:12.002,11.3000,100
39432002204610,10:57:12.002,11.3000,100
39435013935557,10:57:15.013,11.3000,100
39465705214242,10:57:45.705,11.2900,100
39576985503761,10:59:36.985,11.2800,100
39576985503761,10:59:36.985,11.2800,100
39576986316420,10:59:36.986,11.2800,100
39608738828887,11:00:08.738,11.2900,100
39608738828887,11:00:08.738,11.2900,100
39631441816937,11:00:31.441,11.2900,100
39663467106600,11:01:03.467,11.3000,100
39663467106600,11:01:03.467,11.3000,100
39663467106600,11:01:03.467,11.3000,100
39706848457166,11:01:46.848,11.3100,100
39706848457166,11:01:46.848,11.3100,100
39722371138035,11:02:02.371,11.3200,9
39722371138035,11:02:02.371,11.3200,100
39921916707510,11:05:21.916,11.3200,17
39921916723570,11:05:21.916,11.3200,41
39921916723570,11:05:21.916,11.3200,100
39921916723570,11:05:21.916,11.3200,100
39921916723570,11:05:21.916,11.3200,17
39921916797435,11:05:21.916,11.3200,83
40053591572528,11:07:33.591,11.3100,100
40053591572528,11:07:33.591,11.3100,100
40053591572528,11:07:33.591,11.3100,100
40053591616207,11:07:33.591,11.3100,100
40244596486239,11:10:44.596,11.3000,17
40244906216902,11:10:44.906,11.3000,100
40244906216902,11:10:44.906,11.3000,100
40244906216902,11:10:44.906,11.3000,100
40265915847780,11:11:05.915,11.2900,100
40265915847780,11:11:05.915,11.2900,100
40265915847780,11:11:05.915,11.2900,100
40909757457302,11:21:49.757,11.2800,100
40909757457302,11:21:49.757,11.2800,100
40909757457302,11:21:49.757,11.2800,100
40909757457302,11:21:49.757,11.2800,69
40909757487902,11:21:49.757,11.2800,31
40909757487902,11:21:49.757,11.2800,100
40909757487902,11:21:49.757,11.2800,100
40909757487902,11:21:49.757,11.2800,100
40909757487902,11:21:49.757,11.2800,100
40909757487902,11:21:49.757,11.2800,100
40909767755660,11:21:49.767,11.2700,200
40910234086201,11:21:50.234,11.2600,100
40910234086201,11:21:50.234,11.2600,400
40910234114700,11:21:50.234,11.2600,100
40910234114700,11:21:50.234,11.2600,100
40910552770322,11:21:50.552,11.2500,100
40910552770322,11:21:50.552,11.2500,100
40910552770322,11:21:50.552,11.2500,100
40930530028933,11:22:10.530,11.2400,100
40930530028933,11:22:10.530,11.2400,100
40930530028933,11:22:10.530,11.2400,100
41047821937302,11:24:07.821,11.2400,376
41047821958771,11:24:07.821,11.2400,24
41341577811421,11:29:01.577,11.2450,100
41854565904019,11:37:34.565,11.2450,331
41854566125462,11:37:34.566,11.2400,200
41854566125462,11:37:34.566,11.2400,100
41854566125462,11:37:34.566,11.2400,100
41854566125462,11:37:34.566,11.2400,30
41854566237805,11:37:34.566,11.2400,100
41854569916394,11:37:34.569,11.2400,100
41920898275572,11:38:40.898,11.2300,100
41921622902211,11:38:41.622,11.2200,100
41921622902211,11:38:41.622,11.2200,100
41921623060952,11:38:41.623,11.2200,100
42118103131713,11:41:58.103,11.2200,100
42118103131713,11:41:58.103,11.2200,23
42118103131713,11:41:58.103,11.2200,77
42118103172577,11:41:58.103,11.2200,223
42118103172577,11:41:58.103,11.2200,149
42118103173454,11:41:58.103,11.2200,51
42118103173454,11:41:58.103,11.2200,49
42118103186527,11:41:58.103,11.2200,51
42118103186527,11:41:58.103,11.2200,1
42318526376749,11:45:18.526,11.2400,200
42369975193112,11:46:09.975,11.2400,46
42369976171637,11:46:09.976,11.2400,36
42369978066685,11:46:09.978,11.2400,18
42603876282577,11:50:03.876,11.2300,100
42603876282577,11:50:03.876,11.2300,100
42603876282577,11:50:03.876,11.2300,100
42603876407124,11:50:03.876,11.2300,100
42614642129759,11:50:14.642,11.2200,400
42614642129759,11:50:14.642,11.2200,100
42614642129759,11:50:14.642,11.2200,100
42623708680253,11:50:23.708,11.2200,100
42623708680253,11:50:23.708,11.2200,100
42623708680253,11:50:23.708,11.2200,200
42709005025619,11:51:49.005,11.2200,100
42709005025619,11:51:49.005,11.2200,100
43055832895837,11:57:35.832,11.2300,180
43055832895837,11:57:35.832,11.2300,100
43055832895837,11:57:35.832,11.2300,100
43055832895837,11:57:35.832,11.2300,20
43055832939160,11:57:35.832,11.2300,80
43103718470944,11:58:23.718,11.2300,100
43103718470944,11:58:23.718,11.2300,95
43103718500220,11:58:23.718,11.2300,5
43105003764671,11:58:25.003,11.2300,70
43198676589333,11:59:58.676,11.2400,100
43198676628437,11:59:58.676,11.2400,100
43202513185659,12:00:02.513,11.2500,100
43202513241054,12:00:02.513,11.2500,100
43202513241054,12:00:02.513,11.2500,100
43257870919604,12:00:57.870,11.2500,81
43312777615391,12:01:52.777,11.2600,100
43312777615391,12:01:52.777,11.2600,100
43312777615391,12:01:52.777,11.2600,100
43387133112708,12:03:07.133,11.2800,100
43387133112708,12:03:07.133,11.2800,100
43387133149438,12:03:07.133,11.2800,100
43417693623144,12:03:37.693,11.2900,100
43417693623144,12:03:37.693,11.2900,100
43417732949263,12:03:37.732,11.2800,100
43417732949263,12:03:37.732,11.2800,100
43567913666579,12:06:07.913,11.2700,100
43567913666579,12:06:07.913,11.2700,100
43606731844775,12:06:46.731,11.2600,100
43741010473275,12:09:01.010,11.2600,100
43741010473275,12:09:01.010,11.2600,100
43745656717442,12:09:05.656,11.2700,100
43745656717442,12:09:05.656,11.2700,100
43899670037028,12:11:39.670,11.2900,100
44123129593430,12:15:23.129,11.3000,100
44123129593430,12:15:23.129,11.3000,100
44123129593430,12:15:23.129,11.3000,100
44162531780333,12:16:02.531,11.3000,90
44221011252952,12:17:01.011,11.3100,100
44221011252952,12:17:01.011,11.3100,200
44221011252952,12:17:01.011,11.3100,100
44223611803557,12:17:03.611,11.3200,100
44223611803557,12:17:03.611,11.3200,100
44223615072003,12:17:03.615,11.3300,100
44223615072003,12:17:03.615,11.3300,100
44341117708623,12:19:01.117,11.3200,100
44341117708623,12:19:01.117,11.3200,100
44341117708623,12:19:01.117,11.3200,4
44341117733287,12:19:01.117,11.3200,96
44341117733287,12:19:01.117,11.3200,400
44341117733287,12:19:01.117,11.3200,100
44341117733287,12:19:01.117,11.3200,300
44341117733287,12:19:01.117,11.3200,100
44341117733287,12:19:01.117,11.3200,100
44341218676311,12:19:01.218,11.3100,100
44341218676311,12:19:01.218,11.3100,10
44341218684479,12:19:01.218,11.3100,90
44355681527223,12:19:15.681,11.3000,100
45067825036144,12:31:07.825,11.3000,92
45117264474728,12:31:57.264,11.3000,208
45117264474728,12:31:57.264,11.3000,100
45117264474728,12:31:57.264,11.3000,100
45117264474728,12:31:57.264,11.3000,72
45117264474728,12:31:57.264,11.3000,100
45117264474728,12:31:57.264,11.3000,30
45643017081904,12:40:43.017,11.2950,100
45643017081904,12:40:43.017,11.3000,90
45643017472464,12:40:43.017,11.3000,400
45643017472464,12:40:43.017,11.3000,100
45713109229736,12:41:53.109,11.3000,9
45713109229736,12:41:53.109,11.3000,300
45713109229736,12:41:53.109,11.3000,91
45728121437801,12:42:08.121,11.2900,300
45728121437801,12:42:08.121,11.2900,100
45728121437801,12:42:08.121,11.2900,100
45728121437801,12:42:08.121,11.2900,200
45728121847903,12:42:08.121,11.2900,100
45768123552804,12:42:48.123,11.2800,100
45768125410060,12:42:48.125,11.2800,100
45768125410060,12:42:48.125,11.2800,23
45913667074618,12:45:13.667,11.2800,100
45913667074618,12:45:13.667,11.2800,200
45913667117384,12:45:13.667,11.2800,400
45913667117384,12:45:13.667,11.2800,100
45913667117384,12:45:13.667,11.2800,5
45913667117384,12:45:13.667,11.2800,145
45913667117384,12:45:13.667,11.2800,100
45913667117384,12:45:13.667,11.2800,100
45972161177304,12:46:12.161,11.2800,99
45972161280605,12:46:12.161,11.2800,2
45972161309849,12:46:12.161,11.2800,98
45972161309849,12:46:12.161,11.2800,100
45972161309849,12:46:12.161,11.2800,100
46005002882062,12:46:45.002,11.2700,100
46005002882062,12:46:45.002,11.2700,100
46005002882062,12:46:45.002,11.2700,300
46235304638308,12:50:35.304,11.2700,158
46235304638308,12:50:35.304,11.2700,42
46260007162985,12:51:00.007,11.2650,100
46535369871236,12:55:35.369,11.2600,100
46535369871236,12:55:35.369,11.2600,100
46535369871236,12:55:35.369,11.2600,100
46535369871236,12:55:35.369,11.2600,100
46535369871236,12:55:35.369,11.2600,100
46535369871236,12:55:35.369,11.2600,100
46535369871236,12:55:35.369,11.2600,100
46535369871236,12:55:35.369,11.2600,100
46535369871236,12:55:35.369,11.2600,100
46535369871236,12:55:35.369,11.2600,100
46535369871236,12:55:35.369,11.2600,100
46535369871236,12:55:35.369,11.2600,100
46535369871236,12:55:35.369,11.2600,100
46535369876649,12:55:35.369,11.2600,100
46535449893690,12:55:35.449,11.2500,100
46535449940823,12:55:35.449,11.2500,300
46535532837145,12:55:35.532,11.2450,100
46535532837145,12:55:35.532,11.2500,100
46535532837145,12:55:35.532,11.2500,100
46579930533255,12:56:19.930,11.2500,100
46579930533255,12:56:19.930,11.2500,100
46579930619257,12:56:19.930,11.2500,51
46579930619257,12:56:19.930,11.2500,400
46581781889062,12:56:21.781,11.2500,100
46618634716779,12:56:58.634,11.2500,100
46618634716779,12:56:58.634,11.2500,100
46770518746759,12:59:30.518,11.2500,100
46770518746759,12:59:30.518,11.2500,116
46770518746759,12:59:30.518,11.2500,100
46770518746759,12:59:30.518,11.2500,500
46770518746759,12:59:30.518,11.2500,384
46770518790451,12:59:30.518,11.2500,16
46770519058659,12:59:30.519,11.2500,100
46770519058659,12:59:30.519,11.2500,100
46770541541946,12:59:30.541,11.2600,200
46770541541946,12:59:30.541,11.2600,200
46788717365515,12:59:48.717,11.2600,100
46788717386320,12:59:48.717,11.2600,27
46788732671606,12:59:48.732,11.2600,173
46896537508408,13:01:36.537,11.2600,100
46896537545109,13:01:36.537,11.2600,82
46896537566091,13:01:36.537,11.2600,18
46896537566091,13:01:36.537,11.2600,69
46896537615310,13:01:36.537,11.2600,31
46896537615310,13:01:36.537,11.2600,100
46927951486190,13:02:07.951,11.2700,100
46927951486190,13:02:07.951,11.2700,200
46927951486190,13:02:07.951,11.2700,100
46984677651584,13:03:04.677,11.2800,31
47071984126082,13:04:31.984,11.2700,100
47113643541467,13:05:13.643,11.2700,6
47173553982945,13:06:13.553,11.2750,400
47790005130280,13:16:30.005,11.2700,100
47790005130280,13:16:30.005,11.2700,100
47790005130280,13:16:30.005,11.2700,100
47790005130280,13:16:30.005,11.2700,100
47790005130280,13:16:30.005,11.2700,149
47790005130280,13:16:30.005,11.2700,100
47790005130280,13:16:30.005,11.2700,100
47790005130280,13:16:30.005,11.2700,100
47790005130280,13:16:30.005,11.2700,100
47790005272732,13:16:30.005,11.2700,100
47790147119068,13:16:30.147,11.2700,100
47996297106444,13:19:56.297,11.2650,100
47996297106444,13:19:56.297,11.2700,200
47996297135471,13:19:56.297,11.2700,200
47996297135471,13:19:56.297,11.2700,100
47996314760349,13:19:56.314,11.2800,100
48219838168079,13:23:39.838,11.2800,100
48219838168079,13:23:39.838,11.2800,100
48219838168079,13:23:39.838,11.2800,300
48219838234256,13:23:39.838,11.2800,20
48219838965008,13:23:39.838,11.2800,80
48274063143895,13:24:34.063,11.2800,100
48274063143895,13:24:34.063,11.2800,100
48274063187525,13:24:34.063,11.2800,300
48274074659080,13:24:34.074,11.2900,100
48287714238315,13:24:47.714,11.2900,100
48571949789189,13:29:31.949,11.3000,146
48571949818672,13:29:31.949,11.3000,44
48666330122170,13:31:06.330,11.3100,30
48692092764819,13:31:32.092,11.3100,100
48692092764819,13:31:32.092,11.3100,100
48692092764819,13:31:32.092,11.3100,100
48692116701072,13:31:32.116,11.3200,49
48692116738661,13:31:32.116,11.3200,100
48779441536441,13:32:59.441,11.3300,3
48779441536441,13:32:59.441,11.3300,400
48779441536441,13:32:59.441,11.3300,100
48866110511681,13:34:26.110,11.3400,100
49010786200952,13:36:50.786,11.3500,100
49013752355585,13:36:53.752,11.3500,100
49013752394437,13:36:53.752,11.3500,100
49024960803285,13:37:04.960,11.3500,500
49024960803285,13:37:04.960,11.3500,100
49032604208816,13:37:12.604,11.3500,26
49032604208816,13:37:12.604,11.3500,100
49032604208816,13:37:12.604,11.3500,28
49032604208816,13:37:12.604,11.3500,30
49032604208816,13:37:12.604,11.3500,116
49032604251439,13:37:12.604,11.3500,84
49062333308203,13:37:42.333,11.3400,100
49062333345805,13:37:42.333,11.3400,100
49062333693175,13:37:42.333,11.3400,64
49062334181754,13:37:42.334,11.3400,200
49232450565669,13:40:32.450,11.3500,372
49232450565669,13:40:32.450,11.3500,28
49232450588715,13:40:32.450,11.3500,72
49254730907369,13:40:54.730,11.3500,200
49254735427056,13:40:54.735,11.3500,336
49254735427056,13:40:54.735,11.3500,100
49254735427056,13:40:54.735,11.3500,64
49254735455062,13:40:54.735,11.3500,36
49517545702026,13:45:17.545,11.3400,100
49517545702026,13:45:17.545,11.3400,100
49517545702026,13:45:17.545,11.3400,100
49579644663971,13:46:19.644,11.3400,100
49579644702097,13:46:19.644,11.3400,100
49579644702097,13:46:19.644,11.3400,30
49579644702097,13:46:19.644,11.3400,100
49620343247408,13:47:00.343,11.3500,100
49636119821817,13:47:16.119,11.3500,100
49636119821817,13:47:16.119,11.3500,100
49636119821817,13:47:16.119,11.3500,100
49636119821817,13:47:16.119,11.3500,200
49637629329795,13:47:17.629,11.3600,100
49637629329795,13:47:17.629,11.3600,100
49637629329795,13:47:17.629,11.3600,3
49637629329795,13:47:17.629,11.3600,3
49637629329795,13:47:17.629,11.3600,100
49640221098785,13:47:20.221,11.3600,100
49640221098785,13:47:20.221,11.3600,100
49640221098785,13:47:20.221,11.3600,100
49641679406855,13:47:21.679,11.3600,200
49725666005927,13:48:45.666,11.3600,100
49725666005927,13:48:45.666,11.3600,100
49725666005927,13:48:45.666,11.3600,100
49725666005927,13:48:45.666,11.3600,100
49725666346017,13:48:45.666,11.3600,100
49809565746147,13:50:09.565,11.3600,200
49809565746147,13:50:09.565,11.3600,100
49851085493483,13:50:51.085,11.3700,100
49851085493483,13:50:51.085,11.3700,100
49851247733450,13:50:51.247,11.3800,100
49955588941218,13:52:35.588,11.3700,100
49955588941218,13:52:35.588,11.3700,300
49955589289121,13:52:35.589,11.3700,100
49965598093381,13:52:45.598,11.3700,53
50155004482196,13:55:55.004,11.3700,100
50155004482196,13:55:55.004,11.3700,74
50155004516298,13:55:55.004,11.3700,26
50160456203857,13:56:00.456,11.3700,100
50353353821597,13:59:13.353,11.3800,100
50353353821597,13:59:13.353,11.3800,100
50354562983190,13:59:14.562,11.3900,188
50354563009138,13:59:14.563,11.3900,112
50363526915877,13:59:23.526,11.3900,50
50363526915877,13:59:23.526,11.3900,300
50363526915877,13:59:23.526,11.3900,100
50408591730787,14:00:08.591,11.4000,100
50430230531793,14:00:30.230,11.4000,100
50430230587488,14:00:30.230,11.4000,100
50430230609203,14:00:30.230,11.4000,100
50464835394612,14:01:04.835,11.4100,100
50543868808119,14:02:23.868,11.3900,100
50543868851278,14:02:23.868,11.3900,100
50543868851278,14:02:23.868,11.3900,100
50543868868094,14:02:23.868,11.3900,40
50615087343994,14:03:35.087,11.4100,100
50615087343994,14:03:35.087,11.4100,128
50615087387063,14:03:35.087,11.4100,67
50615087387063,14:03:35.087,11.4100,100
50618855052360,14:03:38.855,11.4200,100
50667606279362,14:04:27.606,11.4300,100
50667606314113,14:04:27.606,11.4300,28
50667606320468,14:04:27.606,11.4300,72
50669958246598,14:04:29.958,11.4300,100
50669958604636,14:04:29.958,11.4300,34
50670205166179,14:04:30.205,11.4300,21
50686482523733,14:04:46.482,11.4400,100
50686482590842,14:04:46.482,11.4500,182
50903625339872,14:08:23.625,11.4500,100
51011418890367,14:10:11.418,11.4400,7
51011418890367,14:10:11.418,11.4400,100
51011418890367,14:10:11.418,11.4400,100
51013882454845,14:10:13.882,11.4400,100
51021623705183,14:10:21.623,11.4400,100
51021623705183,14:10:21.623,11.4400,100
51021642624309,14:10:21.642,11.4300,100
51028738076087,14:10:28.738,11.4300,100
51028738076087,14:10:28.738,11.4300,100
51028738076087,14:10:28.738,11.4300,100
51028738076087,14:10:28.738,11.4300,100
51028738076087,14:10:28.738,11.4300,100
51028738336021,14:10:28.738,11.4300,100
51028739444635,14:10:28.739,11.4300,7
51028739499362,14:10:28.739,11.4300,3
51028739679907,14:10:28.739,11.4300,2
51028739949939,14:10:28.739,11.4300,1
51066846832802,14:11:06.846,11.4500,30
51117588586403,14:11:57.588,11.4600,100
51117588586403,14:11:57.588,11.4600,100
51147934633080,14:12:27.934,11.4600,100
51148126209437,14:12:28.126,11.4700,100
51148126209437,14:12:28.126,11.4700,100
51148126209437,14:12:28.126,11.4700,100
51148138326872,14:12:28.138,11.4700,100
51148138326872,14:12:28.138,11.4700,100
51148277715351,14:12:28.277,11.4700,100
51150460110848,14:12:30.460,11.4700,100
51150460110848,14:12:30.460,11.4700,100
51193047351530,14:13:13.047,11.4700,100
51212963470975,14:13:32.963,11.4700,30
51212963470975,14:13:32.963,11.4700,70
51212963513962,14:13:32.963,11.4700,30
51215161434669,14:13:35.161,11.4700,100
51275810419106,14:14:35.810,11.4700,100
51275810540720,14:14:35.810,11.4700,58
51275810636530,14:14:35.810,11.4700,42
51302231354448,14:15:02.231,11.4700,95
51342020526662,14:15:42.020,11.4700,100
51342020526662,14:15:42.020,11.4700,100
51342020565986,14:15:42.020,11.4700,100
51342021928624,14:15:42.021,11.4700,100
51349884981796,14:15:49.884,11.4700,100
51353801845088,14:15:53.801,11.4700,18
51371791272881,14:16:11.791,11.4700,5
51381542090878,14:16:21.542,11.4800,100
51432267703247,14:17:12.267,11.4800,100
51432771069325,14:17:12.771,11.4800,100
51432771069325,14:17:12.771,11.4800,100
51432889347560,14:17:12.889,11.4800,200
51433272532443,14:17:13.272,11.4800,100
51433273545236,14:17:13.273,11.4800,100
51440968886816,14:17:20.968,11.4800,100
51460289274992,14:17:40.289,11.4700,100
51476094380823,14:17:56.094,11.4700,65
51507494652170,14:18:27.494,11.4700,100
51535465025297,14:18:55.465,11.4700,100
51635662076567,14:20:35.662,11.4700,5
51635663610385,14:20:35.663,11.4700,5
51635664728936,14:20:35.664,11.4700,10
51635668205574,14:20:35.668,11.4700,80
51635668205574,14:20:35.668,11.4700,100
51635668205574,14:20:35.668,11.4700,100
51653995038888,14:20:53.995,11.4700,50
51653995039395,14:20:53.995,11.4700,50
51654000779863,14:20:54.000,11.4700,100
51654002102914,14:20:54.002,11.4700,100
51747101179540,14:22:27.101,11.4800,100
51747101179540,14:22:27.101,11.4800,100
51747101179540,14:22:27.101,11.4800,1000
51747101630361,14:22:27.101,11.4800,200
51747102069743,14:22:27.102,11.4900,100
51747102125322,14:22:27.102,11.4900,100
51747102125322,14:22:27.102,11.4900,100
51803820319389,14:23:23.820,11.5000,100
51803820441467,14:23:23.820,11.5000,5
51803820442196,14:23:23.820,11.5000,5
51803820850932,14:23:23.820,11.5000,33
51803820984379,14:23:23.820,11.5000,57
51803820984379,14:23:23.820,11.5000,43
51803824373692,14:23:23.824,11.5000,15
51803824581758,14:23:23.824,11.5000,15
51803824724932,14:23:23.824,11.5000,15
51803824895049,14:23:23.824,11.5000,12
51803824895049,14:23:23.824,11.5000,3
51803825047955,14:23:23.825,11.5000,15
51803842232751,14:23:23.842,11.5000,82
51803842232751,14:23:23.842,11.5000,18
51803847183632,14:23:23.847,11.5000,82
51805812185960,14:23:25.812,11.5000,100
51805812213891,14:23:25.812,11.5000,100
51805812213891,14:23:25.812,11.5000,118
52010287370359,14:26:50.287,11.4900,100
52010287370359,14:26:50.287,11.4900,200
52010287370359,14:26:50.287,11.4900,100
52010287370359,14:26:50.287,11.4900,100
52010287370359,14:26:50.287,11.4900,100
52010287404752,14:26:50.287,11.4900,100
52010287404752,14:26:50.287,11.4900,100
52110453097357,14:28:30.453,11.4800,100
52110453128765,14:28:30.453,11.4800,100
52110453128765,14:28:30.453,11.4800,100
52110453128765,14:28:30.453,11.4800,100
52110453128765,14:28:30.453,11.4800,100
52110453128765,14:28:30.453,11.4800,100
52121468051773,14:28:41.468,11.4700,13
52121468058247,14:28:41.468,11.4700,87
52121468058247,14:28:41.468,11.4700,100
52121468058247,14:28:41.468,11.4700,100
52121468058247,14:28:41.468,11.4700,100
52244169503084,14:30:44.169,11.4700,100
52244169503084,14:30:44.169,11.4700,200
52244169503084,14:30:44.169,11.4700,200
52311560831317,14:31:51.560,11.4800,100
52311560831317,14:31:51.560,11.4800,100
52311560831317,14:31:51.560,11.4800,100
52311560831317,14:31:51.560,11.4800,100
52344280364421,14:32:24.280,11.4800,100
52344280364421,14:32:24.280,11.4800,100
52344280364421,14:32:24.280,11.4800,100
52344282642466,14:32:24.282,11.4900,100
52344317183113,14:32:24.317,11.4900,1
52364285339749,14:32:44.285,11.4900,99
52364285339749,14:32:44.285,11.4900,1
52364285375088,14:32:44.285,11.4900,267
52433266150693,14:33:53.266,11.4900,100
52433266200954,14:33:53.266,11.4900,27
52433266509046,14:33:53.266,11.4900,200
52433266546757,14:33:53.266,11.4900,75
52491604826141,14:34:51.604,11.4900,25
52491604826141,14:34:51.604,11.4900,100
52491621692499,14:34:51.621,11.5000,100
52491624137007,14:34:51.624,11.5000,70
52498692583742,14:34:58.692,11.5000,30
52498692583742,14:34:58.692,11.5000,70
52508415402800,14:35:08.415,11.5000,100
52508416440101,14:35:08.416,11.5100,65
52508478031171,14:35:08.478,11.5100,100
52565949687469,14:36:05.949,11.5100,51
52565949687469,14:36:05.949,11.5100,149
52565949747331,14:36:05.949,11.5100,51
52565949747331,14:36:05.949,11.5100,100
52565949784467,14:36:05.949,11.5100,100
52565975905352,14:36:05.975,11.5100,300
52615994797485,14:36:55.994,11.5000,100
52615994797485,14:36:55.994,11.5000,100
52653380111993,14:37:33.380,11.5000,95
52653380217724,14:37:33.380,11.5000,100
52653381133810,14:37:33.381,11.5000,5
52655003955162,14:37:35.003,11.5000,100
52728264885501,14:38:48.264,11.5100,25
52728264900364,14:38:48.264,11.5100,75
52728264912149,14:38:48.264,11.5100,40
52763322654476,14:39:23.322,11.5100,100
52763322654476,14:39:23.322,11.5100,100
52763322790665,14:39:23.322,11.5100,100
52763322969397,14:39:23.322,11.5100,100
52857968731119,14:40:57.968,11.5100,100
52936404721333,14:42:16.404,11.5200,100
52936404758600,14:42:16.404,11.5200,32
52936404758600,14:42:16.404,11.5200,100
52936404758600,14:42:16.404,11.5200,13
52936404769770,14:42:16.404,11.5200,75
52936404777177,14:42:16.404,11.5200,12
52945519262877,14:42:25.519,11.5200,100
52945519262877,14:42:25.519,11.5200,100
52945519262877,14:42:25.519,11.5200,100
52945519262877,14:42:25.519,11.5200,200
52945520555947,14:42:25.520,11.5200,100
52994999478497,14:43:14.999,11.5100,100
52996126098200,14:43:16.126,11.5000,100
52996126098200,14:43:16.126,11.5000,100
52996126098200,14:43:16.126,11.5000,30
52996126099374,14:43:16.126,11.5000,70
52996126099374,14:43:16.126,11.5000,88
52996126101272,14:43:16.126,11.5000,12
53010003855463,14:43:30.003,11.4900,100
53067266288902,14:44:27.266,11.5000,100
53067266288902,14:44:27.266,11.5000,100
53067266288902,14:44:27.266,11.5000,300
53088630899516,14:44:48.630,11.5100,51
53088630899516,14:44:48.630,11.5100,100
53106561021068,14:45:06.561,11.5100,100
53188338148366,14:46:28.338,11.5100,100
53188338285445,14:46:28.338,11.5100,100
53198849043569,14:46:38.849,11.5200,100
53212599011435,14:46:52.599,11.5200,100
53212599065732,14:46:52.599,11.5200,100
53216219596011,14:46:56.219,11.5300,100
53216219915664,14:46:56.219,11.5300,100
53216785798057,14:46:56.785,11.5300,100
53224870821148,14:47:04.870,11.5300,46
53224870847659,14:47:04.870,11.5300,88
53224870847659,14:47:04.870,11.5300,100
53224870847659,14:47:04.870,11.5300,100
53240229873773,14:47:20.229,11.5300,100
53240229913246,14:47:20.229,11.5300,100
53285203539730,14:48:05.203,11.5300,252
53285203539730,14:48:05.203,11.5300,48
53285203596862,14:48:05.203,11.5300,352
53286402962958,14:48:06.402,11.5200,100
53286402990932,14:48:06.402,11.5200,11
53292522061513,14:48:12.522,11.5200,100
53292522080732,14:48:12.522,11.5200,150
53292522089623,14:48:12.522,11.5200,39
53537089936428,14:52:17.089,11.5200,100
53537090001583,14:52:17.090,11.5200,100
53537090001583,14:52:17.090,11.5200,66
53537282307676,14:52:17.282,11.5200,34
53537282307676,14:52:17.282,11.5200,66
53537283089240,14:52:17.283,11.5200,34
53596845719006,14:53:16.845,11.5300,100
53596845943640,14:53:16.845,11.5300,100
53596845991506,14:53:16.845,11.5300,5
53596846286772,14:53:16.846,11.5300,100
53596846326031,14:53:16.846,11.5300,100
53596846326031,14:53:16.846,11.5300,5
53691530590474,14:54:51.530,11.5300,300
53691530590474,14:54:51.530,11.5300,100
53691530590474,14:54:51.530,11.5300,30
53691530590474,14:54:51.530,11.5300,100
53691530590474,14:54:51.530,11.5300,100
53691530590474,14:54:51.530,11.5300,100
53745658609497,14:55:45.658,11.5200,10
53797347165122,14:56:37.347,11.5200,104
53797347165122,14:56:37.347,11.5200,200
53797347165122,14:56:37.347,11.5200,100
53830399372152,14:57:10.399,11.5200,100
53830399728486,14:57:10.399,11.5200,23
53963678676075,14:59:23.678,11.5100,100
53963678676075,14:59:23.678,11.5100,100
54058993926230,15:00:58.993,11.5100,100
54058993926230,15:00:58.993,11.5100,200
54085959561689,15:01:25.959,11.5100,1
54088608282041,15:01:28.608,11.5100,28
54088608282041,15:01:28.608,11.5100,72
54179111562020,15:02:59.111,11.5100,100
54179111562020,15:02:59.111,11.5100,400
54179111562020,15:02:59.111,11.5100,100
54179111562020,15:02:59.111,11.5100,200
54217637572839,15:03:37.637,11.5100,200
54271044759038,15:04:31.044,11.5100,100
54271044759038,15:04:31.044,11.5100,300
54271044759038,15:04:31.044,11.5100,100
54271044759038,15:04:31.044,11.5100,100
54271045498239,15:04:31.045,11.5100,100
54275075838153,15:04:35.075,11.5000,100
54275075838153,15:04:35.075,11.5000,100
54290381474333,15:04:50.381,11.5000,1
54290381947537,15:04:50.381,11.5000,99
54551475454102,15:09:11.475,11.4900,100
54551475454102,15:09:11.475,11.4900,100
54551475537665,15:09:11.475,11.4900,36
54551476139288,15:09:11.476,11.4900,64
54551476139288,15:09:11.476,11.4900,100
54551480880753,15:09:11.480,11.4900,100
54551480880753,15:09:11.480,11.4900,100
54551480880753,15:09:11.480,11.4900,100
54551541734327,15:09:11.541,11.4900,100
54586960772492,15:09:46.960,11.4800,100
54586960772492,15:09:46.960,11.4800,100
54586960772492,15:09:46.960,11.4800,100
54586997077779,15:09:46.997,11.4800,100
54641588999309,15:10:41.588,11.4800,100
54641588999309,15:10:41.588,11.4800,100
54651594944900,15:10:51.594,11.4700,100
54765334869750,15:12:45.334,11.4700,68
54765334869750,15:12:45.334,11.4700,80
54765334869750,15:12:45.334,11.4700,300
54765334869750,15:12:45.334,11.4700,200
54792090249168,15:13:12.090,11.4800,100
54819396602611,15:13:39.396,11.4800,100
54819396642309,15:13:39.396,11.4800,100
54819396642309,15:13:39.396,11.4800,200
54923942101826,15:15:23.942,11.4900,300
54923942101826,15:15:23.942,11.4900,100
54923942101826,15:15:23.942,11.4900,100
54923942101826,15:15:23.942,11.4900,70
54923942101826,15:15:23.942,11.4900,200
54923942101826,15:15:23.942,11.4900,5
54923942151973,15:15:23.942,11.4900,95
54923942151973,15:15:23.942,11.4900,100
54923942151973,15:15:23.942,11.4900,100
54992786735282,15:16:32.786,11.4900,100
54992786735282,15:16:32.786,11.4900,269
54992787509123,15:16:32.787,11.4900,217
55050523061576,15:17:30.523,11.4900,114
55050523061576,15:17:30.523,11.4900,100
55050523061576,15:17:30.523,11.4900,100
55050523061576,15:17:30.523,11.4900,100
55050523061576,15:17:30.523,11.4900,86
55061350991956,15:17:41.350,11.4900,21
55090126001199,15:18:10.126,11.4900,79
55090126001199,15:18:10.126,11.4900,100
55090126001199,15:18:10.126,11.4900,100
55090126001199,15:18:10.126,11.4900,100
55090126001199,15:18:10.126,11.4900,21
55091598222807,15:18:11.598,11.4900,9
55091598222807,15:18:11.598,11.4900,91
55091598375815,15:18:11.598,11.4900,9
55091598375815,15:18:11.598,11.4900,91
55091599329283,15:18:11.599,11.4900,9
55091599329283,15:18:11.599,11.4900,11
55185287590943,15:19:45.287,11.4900,100
55185287626997,15:19:45.287,11.4900,100
55185287626997,15:19:45.287,11.4900,195
55185287629173,15:19:45.287,11.4900,5
55185287629173,15:19:45.287,11.4900,89
55185287632274,15:19:45.287,11.4900,11
55185287632274,15:19:45.287,11.4900,6
55185287632274,15:19:45.287,11.4900,68
55185287649131,15:19:45.287,11.4900,32
55439367224321,15:23:59.367,11.4900,111
55439367224321,15:23:59.367,11.4900,189
55446059586217,15:24:06.059,11.4900,200
55661124689083,15:27:41.124,11.4900,111
55661124689083,15:27:41.124,11.4900,100
55661124689083,15:27:41.124,11.4900,100
55661124689083,15:27:41.124,11.4900,100
55661124689083,15:27:41.124,11.4900,100
55661124689083,15:27:41.124,11.4900,100
55661124689083,15:27:41.124,11.4900,89
55661124856140,15:27:41.124,11.4900,11
55661124856140,15:27:41.124,11.4900,89
55661127758906,15:27:41.127,11.4900,11
55661127758906,15:27:41.127,11.4900,100
55661127758906,15:27:41.127,11.4900,100
55661127758906,15:27:41.127,11.4900,100
55661127758906,15:27:41.127,11.4900,100
55661127758906,15:27:41.127,11.4900,194
55661127758906,15:27:41.127,11.4900,100
55661127758906,15:27:41.127,11.4900,100
55661127758906,15:27:41.127,11.4900,95
55661128938217,15:27:41.128,11.4900,205
55661128938217,15:27:41.128,11.4900,100
55661128938217,15:27:41.128,11.4900,95
55661129248459,15:27:41.129,11.4900,100
55661129248459,15:27:41.129,11.4900,100
55661129248459,15:27:41.129,11.4900,5
55661260378183,15:27:41.260,11.4900,100
55661260378183,15:27:41.260,11.4900,84
55661260378183,15:27:41.260,11.4900,100
55661260378183,15:27:41.260,11.4900,16
55673144478065,15:27:53.144,11.4900,500
55673144478065,15:27:53.144,11.4900,700
55673242140688,15:27:53.242,11.4900,300
55673258419378,15:27:53.258,11.4900,300
55673258419378,15:27:53.258,11.4900,93
55673258419378,15:27:53.258,11.4900,48
55679008669379,15:27:59.008,11.4900,52
55679008669379,15:27:59.008,11.4900,100
55679008669379,15:27:59.008,11.4900,48
55804201028085,15:30:04.201,11.4900,100
55804201028085,15:30:04.201,11.4900,100
55804201071292,15:30:04.201,11.4900,200
55804201071292,15:30:04.201,11.4900,38
55804201073918,15:30:04.201,11.4900,62
55804201073918,15:30:04.201,11.4900,112
55804201102983,15:30:04.201,11.4900,88
55804201102983,15:30:04.201,11.4900,14
55804201107303,15:30:04.201,11.4900,86
55811804439295,15:30:11.804,11.4800,100
55811804439295,15:30:11.804,11.4800,200
55811804439295,15:30:11.804,11.4800,200
55811804439295,15:30:11.804,11.4800,100
55844476090226,15:30:44.476,11.4700,100
55844476090226,15:30:44.476,11.4700,100
55844476090226,15:30:44.476,11.4700,179
55844476090226,15:30:44.476,11.4700,5
55844476090226,15:30:44.476,11.4700,432
55844476090226,15:30:44.476,11.4700,116
55844476138939,15:30:44.476,11.4700,284
55844476138939,15:30:44.476,11.4700,16
55844476196623,15:30:44.476,11.4700,84
55844476196623,15:30:44.476,11.4700,1200
55846675768425,15:30:46.675,11.4800,100
55846675768425,15:30:46.675,11.4800,500
55988088009100,15:33:08.088,11.4800,100
55988088009100,15:33:08.088,11.4800,137
55988088009100,15:33:08.088,11.4800,163
56059916691152,15:34:19.916,11.4900,6
56059919772117,15:34:19.919,11.4900,6
56377860615544,15:39:37.860,11.4850,100
56434371317576,15:40:34.371,11.4800,100
56434371317576,15:40:34.371,11.4800,100
56434371317576,15:40:34.371,11.4800,200
56464962506197,15:41:04.962,11.4800,100
56505923084419,15:41:45.923,11.4850,100
56641343303149,15:44:01.343,11.4900,100
56641343303149,15:44:01.343,11.4900,200
56641343303149,15:44:01.343,11.4900,100
56641343303149,15:44:01.343,11.4900,85
56641343303149,15:44:01.343,11.4900,100
56641343303149,15:44:01.343,11.4900,300
56641343303149,15:44:01.343,11.4900,100
56641343303149,15:44:01.343,11.4900,100
56641343303149,15:44:01.343,11.4900,100
56641343344513,15:44:01.343,11.4900,238
56736831691316,15:45:36.831,11.4950,100
56736831691316,15:45:36.831,11.4950,100
56736831691316,15:45:36.831,11.4900,300
56771859551730,15:46:11.859,11.4950,100
56811932323416,15:46:51.932,11.4950,7
56811934051874,15:46:51.934,11.4950,7
56873338296828,15:47:53.338,11.4950,100
56873338296828,15:47:53.338,11.4900,100
56873338296828,15:47:53.338,11.4900,59
56888653930178,15:48:08.653,11.4950,100
56989838258952,15:49:49.838,11.4950,100
56989838258952,15:49:49.838,11.4950,100
57022653948918,15:50:22.653,11.4950,100
57051291763686,15:50:51.291,11.4950,100
57090490605265,15:51:30.490,11.4950,100
57144439530356,15:52:24.439,11.4950,100
57144439530356,15:52:24.439,11.4900,76
57144439530356,15:52:24.439,11.4900,118
57268708500347,15:54:28.708,11.4950,100
57268708500347,15:54:28.708,11.4950,27
57271653328703,15:54:31.653,11.4950,100
57306482009192,15:55:06.482,11.4950,100
57306482009192,15:55:06.482,11.4950,100
57306482684120,15:55:06.482,11.5000,100
57306482898989,15:55:06.482,11.5000,100
57306483286680,15:55:06.483,11.5000,100
57325827168548,15:55:25.827,11.4950,84
57368653799563,15:56:08.653,11.4950,100
57443977761487,15:57:23.977,11.5000,1
57443977761487,15:57:23.977,11.5000,3
57443977761487,15:57:23.977,11.5000,7
57449504140343,15:57:29.504,11.4950,16
57449504140343,15:57:29.504,11.4950,84
57449678574859,15:57:29.678,11.4950,10
57493977788342,15:58:13.977,11.5000,11
57496900155375,15:58:16.900,11.4950,90
57496900155375,15:58:16.900,11.4950,110
57496900155375,15:58:16.900,11.4950,28
57507510253650,15:58:27.510,11.4950,100
57512995570018,15:58:32.995,11.5000,30
57525086130490,15:58:45.086,11.4950,200
57525086130490,15:58:45.086,11.4950,28
57533979083761,15:58:53.979,11.5000,11
57553333763411,15:59:13.333,11.5000,459
57553333763411,15:59:13.333,11.5000,300
57553333763411,15:59:13.333,11.5000,100
57553333763411,15:59:13.333,11.5000,19
57553333763411,15:59:13.333,11.5000,460
57553333763411,15:59:13.333,11.5000,14
57553333763411,15:59:13.333,11.5000,39
57553333763411,15:59:13.333,11.5000,14
57553333763411,15:59:13.333,11.5000,3
57553333763411,15:59:13.333,11.5000,1600
57553333763411,15:59:13.333,11.5000,30
57553333763411,15:59:13.333,11.5000,100
57553333763411,15:59:13.333,11.5000,1
57553333763411,15:59:13.333,11.5000,89
57553333763411,15:59:13.333,11.5000,344
57553333818821,15:59:13.333,11.5000,16
57553333818821,15:59:13.333,11.5000,100
57553333818821,15:59:13.333,11.5000,228
57553671298242,15:59:13.671,11.5050,100
57553978174347,15:59:13.978,11.5100,11
57560254811072,15:59:20.254,11.5050,300
57560254811072,15:59:20.254,11.5050,100
57560254811072,15:59:20.254,11.5050,100
57560486333832,15:59:20.486,11.5050,100
57560954074661,15:59:20.954,11.5050,77
57567169015514,15:59:27.169,11.5100,10
57570633827367,15:59:30.633,11.5100,79
57570633827367,15:59:30.633,11.5100,100
57570633827367,15:59:30.633,11.5100,100
57570633827367,15:59:30.633,11.5100,200
57570633827367,15:59:30.633,11.5100,336
57570633827367,15:59:30.633,11.5100,100
57570633827367,15:59:30.633,11.5100,120
57570633827367,15:59:30.633,11.5100,431
57570633827367,15:59:30.633,11.5100,200
57570633827367,15:59:30.633,11.5100,700
57570633827367,15:59:30.633,11.5100,100
57570633827367,15:59:30.633,11.5100,100
57570637660956,15:59:30.637,11.5100,100
57571654876207,15:59:31.654,11.5200,100
57571984219557,15:59:31.984,11.5200,11
57572654708595,15:59:32.654,11.5200,100
57574776180388,15:59:34.776,11.5200,100
57574776303970,15:59:34.776,11.5200,5
57582632114942,15:59:42.632,11.5100,1
57585194090160,15:59:45.194,11.5200,100
57585290905228,15:59:45.290,11.5100,100
57590110065941,15:59:50.110,11.5100,57
57591987322080,15:59:51.987,11.5200,11
57595229340429,15:59:55.229,11.5200,100
57596017277024,15:59:56.017,11.5200,69
57598604671988,15:59:58.604,11.5200,14
57599601596849,15:59:59.601,11.5200,286
57600561888250,16:00:00.561,11.5100,100
57600561888250,16:00:00.561,11.5100,356
57600561888250,16:00:00.561,11.5100,57635
