timestamp,time,price,volume
15349520606973,04:15:49.520,29.7000,900
15349520723979,04:15:49.520,29.7000,3500
17601867867942,04:53:21.867,29.6900,2000
26302316469670,07:18:22.316,29.6200,400
34146075772968,09:29:06.075,29.5800,490
34200362591813,09:30:00.362,0.0000,0
34200963061155,09:30:00.963,29.5800,900
34201296465107,09:30:01.296,29.5800,100
34201297154524,09:30:01.297,29.5800,250
34201297725881,09:30:01.297,29.5800,150
34205970358466,09:30:05.970,29.5800,680
34219398930005,09:30:19.398,29.5900,600
34220322102630,09:30:20.322,29.5900,300
34228278986644,09:30:28.278,29.5900,1322
34228280339355,09:30:28.280,29.5900,1322
34228281529085,09:30:28.281,29.5900,1322
34281549024918,09:31:21.549,29.5950,300
34324943512133,09:32:04.943,29.5800,5000
34353459769210,09:32:33.459,29.5700,5607
34353459769210,09:32:33.459,29.5700,7300
34501961009368,09:35:01.961,29.5800,100
34501961009368,09:35:01.961,29.5800,200
34501961009368,09:35:01.961,29.5800,100
34561466195088,09:36:01.466,29.5800,200
34623178586032,09:37:03.178,29.5900,6
34645018626678,09:37:25.018,29.5800,900
34655521693022,09:37:35.521,29.5900,700
34678735299922,09:37:58.735,29.5900,83
34800395585588,09:40:00.395,29.5700,83
34809953469040,09:40:09.953,29.5700,60
34858462730382,09:40:58.462,29.5800,300
34858463247908,09:40:58.463,29.5800,300
34858463267479,09:40:58.463,29.5800,300
34858463267479,09:40:58.463,29.5800,600
34903210889739,09:41:43.210,29.6000,500
34903210889739,09:41:43.210,29.6000,1300
34932015709582,09:42:12.015,29.6000,100
34943338531614,09:42:23.338,29.6000,400
35047803526305,09:44:07.803,29.6100,346
35047806431236,09:44:07.806,29.6100,354
35330671733043,09:48:50.671,29.6300,120
35330673223070,09:48:50.673,29.6300,580
35350603071503,09:49:10.603,29.6200,100
35748010476221,09:55:48.010,29.6100,62
35748010476221,09:55:48.010,29.6100,22
35761688757332,09:56:01.688,29.6200,62
35761688757332,09:56:01.688,29.6200,61
35849063487987,09:57:29.063,29.6300,61
36160571817095,10:02:40.571,29.6500,200
36166686841049,10:02:46.686,29.6600,500
36171475038748,10:02:51.475,29.6650,300
36205010010695,10:03:25.010,29.6650,1200
36208328020843,10:03:28.328,29.6650,1200
36422533693765,10:07:02.533,29.6500,100
36469230375403,10:07:49.230,29.6600,100
36517464006023,10:08:37.464,29.6550,300
36523231008816,10:08:43.231,29.6550,300
36691630721746,10:11:31.630,29.6500,937
36691631104771,10:11:31.631,29.6500,163
36691631104771,10:11:31.631,29.6500,61
36691631166999,10:11:31.631,29.6500,39
36709885994507,10:11:49.885,29.6300,3
36814375136596,10:13:34.375,29.6300,144
37011125020532,10:16:51.125,29.6400,200
37063617374053,10:17:43.617,29.6500,22
37063617374053,10:17:43.617,29.6500,61
37063617374053,10:17:43.617,29.6500,61
37075982628434,10:17:55.982,29.6500,200
37089862354941,10:18:09.862,29.6600,200
37636633135744,10:27:16.633,29.6300,300
37659291356205,10:27:39.291,29.6300,500
37659291356205,10:27:39.291,29.6300,128
37807622978878,10:30:07.622,29.6100,10600
37807622978878,10:30:07.622,29.6100,4400
37807622978878,10:30:07.622,29.6100,7900
37807623183331,10:30:07.623,29.6100,500
37807623183331,10:30:07.623,29.6100,500
37807623183331,10:30:07.623,29.6100,4500
37807709644182,10:30:07.709,29.6100,4100
37807709644182,10:30:07.709,29.6100,100
37807709644182,10:30:07.709,29.6100,7900
37807709644182,10:30:07.709,29.6100,100
37807709644182,10:30:07.709,29.6100,4400
37807709644182,10:30:07.709,29.6100,1000
37830395249667,10:30:30.395,29.6100,100
37860580174437,10:31:00.580,29.6100,10400
38048052660130,10:34:08.052,29.6000,500
38116233807613,10:35:16.233,29.6100,500
38256006975292,10:37:36.006,29.6200,200
38256006975292,10:37:36.006,29.6200,200
38271253358562,10:37:51.253,29.6300,100
38345032284348,10:39:05.032,29.6100,1400
38496000729338,10:41:36.000,29.6100,500
38565737072440,10:42:45.737,29.6100,500
38565737072440,10:42:45.737,29.6100,83
38831560717906,10:47:11.560,29.6000,500
38843692704858,10:47:23.692,29.6000,82
38879363943196,10:47:59.363,29.6000,2000
38988998551437,10:49:48.998,29.6000,500
38988998551437,10:49:48.998,29.6000,200
39179234161691,10:52:59.234,29.6100,300
39191198134847,10:53:11.198,29.6200,300
39284263949464,10:54:44.263,29.6200,62
39498360528902,10:58:18.360,29.6100,100
39663459201217,11:01:03.459,29.5700,400
39663476738722,11:01:03.476,29.5600,100
39663477407636,11:01:03.477,29.5600,300
39663477407636,11:01:03.477,29.5600,400
39666039038141,11:01:06.039,29.5550,1200
39666850177096,11:01:06.850,29.5600,900
39666850177096,11:01:06.850,29.5600,300
39666850177096,11:01:06.850,29.5600,1000
40050436645023,11:07:30.436,29.5600,300
40125304808917,11:08:45.304,29.5600,118
40125699247664,11:08:45.699,29.5600,62
40125699470740,11:08:45.699,29.5600,209
40147272260402,11:09:07.272,29.5600,300
40245992045573,11:10:45.992,29.5500,1400
40245992426550,11:10:45.992,29.5500,3000
40732768821975,11:18:52.768,29.5300,500
40787888001209,11:19:47.888,29.5400,300
40909525516727,11:21:49.525,29.5400,300
40984358902020,11:23:04.358,29.5400,500
40984358902020,11:23:04.358,29.5400,1400
40984358902020,11:23:04.358,29.5400,4400
40984358902020,11:23:04.358,29.5400,300
40984358902020,11:23:04.358,29.5400,500
41444532614753,11:30:44.532,29.5500,400
41554470298078,11:32:34.470,29.5500,200
41624738599445,11:33:44.738,29.5500,300
41629234288055,11:33:49.234,29.5500,400
41698705142292,11:34:58.705,29.5400,500
41729422510292,11:35:29.422,29.5400,500
41729422510292,11:35:29.422,29.5400,8
41794676746456,11:36:34.676,29.5500,300
41966913973226,11:39:26.913,29.5600,100
42132061353807,11:42:12.061,29.5400,500
42330527879590,11:45:30.527,29.5200,1000
42397834292032,11:46:37.834,29.5200,500
42818819743696,11:53:38.819,29.5100,20
42821709365291,11:53:41.709,29.5100,50
43208751498734,12:00:08.751,29.5000,100
43208751498734,12:00:08.751,29.5000,700
43217001834343,12:00:17.001,29.5000,77
43217001834343,12:00:17.001,29.5000,200
43217001834343,12:00:17.001,29.5000,50
43222502257970,12:00:22.502,29.4950,100
43251170175560,12:00:51.170,29.5000,200
43251171172356,12:00:51.171,29.5000,300
43296522099595,12:01:36.522,29.5000,600
43332043246716,12:02:12.043,29.5000,600
43332043246716,12:02:12.043,29.5000,575
43356615088289,12:02:36.615,29.4850,100
43884710102815,12:11:24.710,29.4700,33
44171723954114,12:16:11.723,29.4700,363
44321270432953,12:18:41.270,29.4600,300
44321270432953,12:18:41.270,29.4600,400
44321270591267,12:18:41.270,29.4600,400
44321270592362,12:18:41.270,29.4600,800
44321271030921,12:18:41.271,29.4600,7100
44321271556653,12:18:41.271,29.4600,700
44321271980949,12:18:41.271,29.4600,400
44369518966888,12:19:29.518,29.4600,68
44460116170477,12:21:00.116,29.4500,12
44460116170477,12:21:00.116,29.4500,1000
44460116170477,12:21:00.116,29.4500,6200
44460117173561,12:21:00.117,29.4500,75
44498014714707,12:21:38.014,29.4500,100
44529176517513,12:22:09.176,29.4500,631
44529180692874,12:22:09.180,29.4500,611
44529195980234,12:22:09.195,29.4500,2748
44529195995968,12:22:09.195,29.4500,1423
45006536013958,12:30:06.536,29.4750,1200
45007036014499,12:30:07.036,29.4750,1200
45007551028658,12:30:07.551,29.4750,1070
45007551029273,12:30:07.551,29.4750,130
45126720615204,12:32:06.720,29.4800,100
45182878367347,12:33:02.878,29.4900,300
45215860129959,12:33:35.860,29.4900,100
45234502185594,12:33:54.502,29.4900,100
45234508914897,12:33:54.508,29.4900,100
45372163012162,12:36:12.163,29.5000,200
45374412383664,12:36:14.412,29.5000,800
45374412384303,12:36:14.412,29.5000,800
45555488235694,12:39:15.488,29.5000,100
45557989547701,12:39:17.989,29.5000,100
45708827655435,12:41:48.827,29.5000,100
45708882575068,12:41:48.882,29.5000,100
45709872515195,12:41:49.872,29.5000,400
45724933909610,12:42:04.933,29.5000,300
46159501730352,12:49:19.501,29.5000,400
46391650344470,12:53:11.650,29.4900,500
46391650344470,12:53:11.650,29.4900,500
46391709906616,12:53:11.709,29.4900,800
46401822352144,12:53:21.822,29.4900,1100
46407947087723,12:53:27.947,29.4900,700
46408788459703,12:53:28.788,29.4900,1000
46411143599045,12:53:31.143,29.4900,300
46411143599045,12:53:31.143,29.4900,400
46411144704657,12:53:31.144,29.4900,100
46413425555579,12:53:33.425,29.4900,600
46521043506385,12:55:21.043,29.5000,200
46521049874928,12:55:21.049,29.5000,100
46535120188603,12:55:35.120,29.5100,100
46542836549262,12:55:42.836,29.5100,400
46542836549262,12:55:42.836,29.5100,1100
46624499375087,12:57:04.499,29.5000,500
46687862049877,12:58:07.862,29.5000,300
46834957151866,13:00:34.957,29.5100,100
46834963975587,13:00:34.963,29.5100,100
47116616274997,13:05:16.616,29.5000,100
47116616274997,13:05:16.616,29.5000,1
47116616274997,13:05:16.616,29.5000,100
47116616274997,13:05:16.616,29.5000,100
47186894386398,13:06:26.894,29.5000,150
47285294136443,13:08:05.294,29.5000,150
47285299877881,13:08:05.299,29.5000,100
47381949410661,13:09:41.949,29.4900,8400
47381949410661,13:09:41.949,29.4900,100
47381949410661,13:09:41.949,29.4900,100
47409737307750,13:10:09.737,29.4900,1331
47409737307750,13:10:09.737,29.4900,12500
47471614464594,13:11:11.614,29.4900,1057
47648786777035,13:14:08.786,29.5000,100
47648786777035,13:14:08.786,29.5000,2
47691569165686,13:14:51.569,29.5000,100
47705069487377,13:15:05.069,29.5000,12
47705070123541,13:15:05.070,29.5000,288
47705070123541,13:15:05.070,29.5000,3
47759821553199,13:15:59.821,29.5000,100
47827004792652,13:17:07.004,29.5000,100
47870756146916,13:17:50.756,29.5000,108
47992687318337,13:19:52.687,29.5100,100
48017318999197,13:20:17.318,29.5100,400
48045832440479,13:20:45.832,29.5200,32
48045832440479,13:20:45.832,29.5200,200
48061431343394,13:21:01.431,29.5200,244
48061431371141,13:21:01.431,29.5200,256
48061431371141,13:21:01.431,29.5200,12200
48100811327835,13:21:40.811,29.5200,122
48151725451496,13:22:31.725,29.5200,3700
48151725521362,13:22:31.725,29.5200,8400
48151725560251,13:22:31.725,29.5200,78
48275220229473,13:24:35.220,29.5200,76
48275222157963,13:24:35.222,29.5200,1400
48291845942170,13:24:51.845,29.5200,400
48468422051341,13:27:48.422,29.5200,500
48488535521486,13:28:08.535,29.5200,300
48640617970968,13:30:40.617,29.5200,156
48758945014572,13:32:38.945,29.5150,1200
49338269831146,13:42:18.269,29.5200,300
49465435972078,13:44:25.435,29.5300,100
49509659953629,13:45:09.659,29.5400,300
49572875452792,13:46:12.875,29.5400,500
49750955407329,13:49:10.955,29.5500,100
49751529505664,13:49:11.529,29.5500,25
49751529505664,13:49:11.529,29.5500,75
49753147975919,13:49:13.147,29.5500,25
49965159315744,13:52:45.159,29.5500,3146
50010968378494,13:53:30.968,29.5400,1845
50124324996263,13:55:24.324,29.5400,300
50156098707823,13:55:56.098,29.5500,200
50156203016856,13:55:56.203,29.5500,200
50213916642378,13:56:53.916,29.5400,500
50213916642378,13:56:53.916,29.5400,4500
50253191151583,13:57:33.191,29.5300,200
50253191759807,13:57:33.191,29.5300,164
50255850881467,13:57:35.850,29.5300,11200
50337807051665,13:58:57.807,29.5400,100
50381042170113,13:59:41.042,29.5400,200
50381142862084,13:59:41.142,29.5400,100
50381331842468,13:59:41.331,29.5400,100
50402686448602,14:00:02.686,29.5500,11600
50402686448602,14:00:02.686,29.5500,200
50402686448602,14:00:02.686,29.5500,1500
50402689570595,14:00:02.689,29.5600,300
50402690554145,14:00:02.690,29.5700,100
50402690555365,14:00:02.690,29.5700,200
50402694364723,14:00:02.694,29.5600,100
50402694364723,14:00:02.694,29.5500,100
50402694364723,14:00:02.694,29.5500,100
50402694647148,14:00:02.694,29.5400,8300
50402694647148,14:00:02.694,29.5400,560
50402694647148,14:00:02.694,29.5400,100
50402694647148,14:00:02.694,29.5400,100
50402694647148,14:00:02.694,29.5400,100
50402694647148,14:00:02.694,29.5400,440
50402696633215,14:00:02.696,29.5600,100
50402698658073,14:00:02.698,29.5600,8500
50402698658073,14:00:02.698,29.5600,1500
50402698705637,14:00:02.698,29.5600,650
50402701043322,14:00:02.701,29.5400,60
50402701043322,14:00:02.701,29.5400,100
50402702888166,14:00:02.702,29.5300,100
50402702888166,14:00:02.702,29.5300,3200
50402702888166,14:00:02.702,29.5300,3200
50402703904898,14:00:02.703,29.5400,300
50402709750533,14:00:02.709,29.5400,100
50402712924911,14:00:02.712,29.5300,500
50402712976536,14:00:02.712,29.5400,657
50402713102812,14:00:02.713,29.5400,1200
50402715769455,14:00:02.715,29.5600,3200
50402718941936,14:00:02.718,29.5600,100
50402718941936,14:00:02.718,29.5600,3200
50402718941936,14:00:02.718,29.5600,2150
50402719310494,14:00:02.719,29.5600,3200
50402719418975,14:00:02.719,29.5600,100
50402725174175,14:00:02.725,29.5600,100
50402726133965,14:00:02.726,29.5600,460
50402728747920,14:00:02.728,29.5600,1490
50402728955904,14:00:02.728,29.5500,100
50402729173844,14:00:02.729,29.5500,100
50402743587275,14:00:02.743,29.5500,100
50402743587275,14:00:02.743,29.5500,560
50402752294266,14:00:02.752,29.5400,100
50402757799860,14:00:02.757,29.5300,3200
50402760992679,14:00:02.760,29.5400,2150
50402760992679,14:00:02.760,29.5400,300
50402787055710,14:00:02.787,29.5500,4400
50402788494987,14:00:02.788,29.5500,3900
50402814324309,14:00:02.814,29.5400,100
50402814324309,14:00:02.814,29.5400,400
50403126244288,14:00:03.126,29.5400,800
50403126246975,14:00:03.126,29.5400,200
50403126246975,14:00:03.126,29.5400,1000
50403126246975,14:00:03.126,29.5400,1300
50403126315828,14:00:03.126,29.5400,100
50403126355844,14:00:03.126,29.5400,100
50403126368844,14:00:03.126,29.5400,100
50403126368844,14:00:03.126,29.5400,87
50403126379555,14:00:03.126,29.5400,213
50403198653586,14:00:03.198,29.5200,2500
50403198966195,14:00:03.198,29.5200,400
50403199483558,14:00:03.199,29.5200,1600
50403199542155,14:00:03.199,29.5200,300
50403199895782,14:00:03.199,29.5200,1850
50403199895782,14:00:03.199,29.5200,900
50403199895782,14:00:03.199,29.5200,1000
50403199895782,14:00:03.199,29.5200,650
50403203735556,14:00:03.203,29.5200,1850
50403700735087,14:00:03.700,29.5300,200
50405718355992,14:00:05.718,29.5300,2500
50405722490559,14:00:05.722,29.5200,2150
50405805948734,14:00:05.805,29.5200,800
50405805948734,14:00:05.805,29.5200,600
50405805948734,14:00:05.805,29.5200,100
50406110373237,14:00:06.110,29.5200,200
50406110373237,14:00:06.110,29.5200,800
50406728223860,14:00:06.728,29.5100,7300
50406780190616,14:00:06.780,29.5100,1800
50406780544732,14:00:06.780,29.5100,1000
50407478399963,14:00:07.478,29.5000,10
50408997775352,14:00:08.997,29.4600,100
50408997775352,14:00:08.997,29.4600,500
50409004010849,14:00:09.004,29.4500,10
50409004010849,14:00:09.004,29.4500,100
50409033688799,14:00:09.033,29.4500,2500
50409044064326,14:00:09.044,29.4500,500
50409048984268,14:00:09.048,29.4500,2150
50409273819871,14:00:09.273,29.4500,2150
50409914454334,14:00:09.914,29.4500,1600
50409962347151,14:00:09.962,29.4500,1000
50409962635124,14:00:09.962,29.4400,200
50409962635124,14:00:09.962,29.4400,500
50409970652086,14:00:09.970,29.4400,4400
50409970652086,14:00:09.970,29.4400,200
50409978454529,14:00:09.978,29.4400,500
50409978454529,14:00:09.978,29.4400,1800
50409980664014,14:00:09.980,29.4400,350
50410899143906,14:00:10.899,29.4400,350
50410899143906,14:00:10.899,29.4400,1800
50411410965486,14:00:11.410,29.4300,2150
50413008899201,14:00:13.008,29.4300,2150
50413016212974,14:00:13.016,29.4100,200
50413022060208,14:00:13.022,29.4100,1700
50413026148733,14:00:13.026,29.4000,1225
50413026148733,14:00:13.026,29.4000,200
50413054892872,14:00:13.054,29.3900,1000
50413054892872,14:00:13.054,29.3900,100
50413054892872,14:00:13.054,29.3900,200
50413055069107,14:00:13.055,29.3900,100
50413055304267,14:00:13.055,29.3900,100
50413055425710,14:00:13.055,29.3900,100
50413055592652,14:00:13.055,29.3900,100
50414290318536,14:00:14.290,29.3900,10
50414290361584,14:00:14.290,29.3900,1300
50414290377153,14:00:14.290,29.3900,90
50414290377153,14:00:14.290,29.3900,110
50414290403371,14:00:14.290,29.3900,200
50414290415382,14:00:14.290,29.3900,100
50414290442218,14:00:14.290,29.3900,300
50414290849447,14:00:14.290,29.3900,100
50414290936891,14:00:14.290,29.3900,100
50414293006307,14:00:14.293,29.3900,400
50414293042447,14:00:14.293,29.3900,400
50414293069981,14:00:14.293,29.3900,200
50414293107348,14:00:14.293,29.3900,40
50414293122626,14:00:14.293,29.3900,200
50414735565770,14:00:14.735,29.3900,200
50414735565770,14:00:14.735,29.3900,700
50415626361090,14:00:15.626,29.4200,1950
50415880339272,14:00:15.880,29.4100,1500
50415880382571,14:00:15.880,29.4100,650
50415880383099,14:00:15.880,29.4100,1500
50415880399579,14:00:15.880,29.4100,500
50416360305851,14:00:16.360,29.4100,650
50416360305851,14:00:16.360,29.4100,1500
50416819080542,14:00:16.819,29.4200,1000
50416821643220,14:00:16.821,29.4200,1100
50416821643220,14:00:16.821,29.4200,200
50416868904533,14:00:16.868,29.4200,1400
50417069244473,14:00:17.069,29.4200,1100
50417139349552,14:00:17.139,29.4200,1100
50417589194063,14:00:17.589,29.4200,1100
50418207179606,14:00:18.207,29.4300,700
50418207179606,14:00:18.207,29.4300,2100
50419063602960,14:00:19.063,29.4300,700
50419531908069,14:00:19.531,29.4200,800
50419531908069,14:00:19.531,29.4200,1800
50420965489039,14:00:20.965,29.4100,2150
50421593232686,14:00:21.593,29.4100,500
50421593232686,14:00:21.593,29.4100,2150
50422753641349,14:00:22.753,29.4100,900
50422753641349,14:00:22.753,29.4100,100
50423320898129,14:00:23.320,29.4300,4000
50423320999261,14:00:23.320,29.4300,10000
50423321795673,14:00:23.321,29.4400,300
50423323097222,14:00:23.323,29.4400,200
50423326758765,14:00:23.326,29.4500,200
50423331171385,14:00:23.331,29.4500,1329
50423331822368,14:00:23.331,29.4500,900
50423332032353,14:00:23.332,29.4500,200
50423332095372,14:00:23.332,29.4500,200
50423332757085,14:00:23.332,29.4500,1750
50423332757085,14:00:23.332,29.4500,1500
50423333721008,14:00:23.333,29.4500,2150
50423333721008,14:00:23.333,29.4500,6900
50423333721008,14:00:23.333,29.4500,950
50423336298609,14:00:23.336,29.4500,300
50423341867350,14:00:23.341,29.4500,900
50423341867350,14:00:23.341,29.4500,1250
50423345144517,14:00:23.345,29.4500,1350
50423857934671,14:00:23.857,29.4500,100
50423857934671,14:00:23.857,29.4500,600
50423857934671,14:00:23.857,29.4500,700
50423857934671,14:00:23.857,29.4500,950
50425606185899,14:00:25.606,29.4600,2
50425641365503,14:00:25.641,29.4600,1200
50425641401603,14:00:25.641,29.4600,8798
50425770181343,14:00:25.770,29.4500,300
50437624197290,14:00:37.624,29.4500,3700
50438517823880,14:00:38.517,29.4500,200
50438517823880,14:00:38.517,29.4500,100
50439879376645,14:00:39.879,29.4500,700
50441014353933,14:00:41.014,29.4500,600
50443328165051,14:00:43.328,29.4400,600
50445180249244,14:00:45.180,29.4500,2000
50451051133861,14:00:51.051,29.4500,400
50451051133861,14:00:51.051,29.4500,500
50451051315485,14:00:51.051,29.4500,975
50451053948389,14:00:51.053,29.4500,525
50451837211514,14:00:51.837,29.4400,2000
50454607130750,14:00:54.607,29.4600,600
50459206573285,14:00:59.206,29.4400,2000
50459458988460,14:00:59.458,29.4400,600
50459458988460,14:00:59.458,29.4400,300
50464161451229,14:01:04.161,29.4200,500
50464167134609,14:01:04.167,29.4200,100
50464167134609,14:01:04.167,29.4200,300
50464167134609,14:01:04.167,29.4200,2000
50465670277344,14:01:05.670,29.4200,100
50465670277344,14:01:05.670,29.4200,2000
50466702374830,14:01:06.702,29.4200,100
50466702374830,14:01:06.702,29.4200,500
50466702374830,14:01:06.702,29.4200,1000
50466702374830,14:01:06.702,29.4200,700
50466702374830,14:01:06.702,29.4200,600
50466702374830,14:01:06.702,29.4200,1700
50466709052547,14:01:06.709,29.4300,500
50471393435566,14:01:11.393,29.4700,400
50471406610688,14:01:11.406,29.4700,6700
50471406610688,14:01:11.406,29.4700,200
50471406610688,14:01:11.406,29.4700,200
50471406610688,14:01:11.406,29.4700,1546
50471406610688,14:01:11.406,29.4700,500
50471406610688,14:01:11.406,29.4700,500
50471406610688,14:01:11.406,29.4700,300
50471406610688,14:01:11.406,29.4700,900
50471953606896,14:01:11.953,29.4600,500
50471955144264,14:01:11.955,29.4500,400
50471955144264,14:01:11.955,29.4500,200
50471959262755,14:01:11.959,29.4400,400
50471959262755,14:01:11.959,29.4400,200
50471973664005,14:01:11.973,29.4400,2000
50471973664005,14:01:11.973,29.4400,2400
50471973664005,14:01:11.973,29.4400,2300
50471973664005,14:01:11.973,29.4400,2400
50472024237752,14:01:12.024,29.4400,701
50472024281510,14:01:12.024,29.4400,299
50472024281510,14:01:12.024,29.4400,1901
50472024727678,14:01:12.024,29.4400,99
50472024727678,14:01:12.024,29.4400,101
50472024791712,14:01:12.024,29.4400,600
50472024803304,14:01:12.024,29.4400,100
50472024863303,14:01:12.024,29.4400,200
50472025465703,14:01:12.025,29.4400,500
50472025502076,14:01:12.025,29.4400,899
50472025502076,14:01:12.025,29.4400,1
50472070927304,14:01:12.070,29.4400,199
50472070927304,14:01:12.070,29.4400,700
50472070927304,14:01:12.070,29.4400,738
50472210739986,14:01:12.210,29.4400,1662
50472895353763,14:01:12.895,29.4400,100
50472895390830,14:01:12.895,29.4400,100
50472895433496,14:01:12.895,29.4400,200
50472895515809,14:01:12.895,29.4400,100
50472895551468,14:01:12.895,29.4400,100
50472895587038,14:01:12.895,29.4400,200
50472895598659,14:01:12.895,29.4400,100
50472895866480,14:01:12.895,29.4400,300
50472896274066,14:01:12.896,29.4400,200
50472922728115,14:01:12.922,29.4400,1900
50529742354631,14:02:09.742,29.4400,2400
50537827480783,14:02:17.827,29.4800,92
50537828326797,14:02:17.828,29.4800,108
50537828326797,14:02:17.828,29.4800,400
50537907306555,14:02:17.907,29.4800,200
50537907381286,14:02:17.907,29.4800,100
50550091231262,14:02:30.091,29.4600,1
50550091691252,14:02:30.091,29.4600,1699
50551145894942,14:02:31.145,29.4600,1699
50551145894942,14:02:31.145,29.4600,1
50577404844473,14:02:57.404,29.4400,200
50577609413293,14:02:57.609,29.4400,200
50593168102498,14:03:13.168,29.4300,100
50612608664783,14:03:32.608,29.4100,4400
50613027994493,14:03:33.027,29.4100,100
50621626551377,14:03:41.626,29.4100,1600
50626154474026,14:03:46.154,29.4000,10
50631554405608,14:03:51.554,29.4000,3700
50691082777182,14:04:51.082,29.3600,20
50691121649445,14:04:51.121,29.3500,200
50691153733169,14:04:51.153,29.3500,100
50691153733169,14:04:51.153,29.3500,10
50691153733169,14:04:51.153,29.3500,60
50711144947883,14:05:11.144,29.3400,30
50759236225276,14:05:59.236,29.3700,1900
50817583957069,14:06:57.583,29.3700,100
50839313905693,14:07:19.313,29.3700,900
50863532667171,14:07:43.532,29.3800,200
50904694376845,14:08:24.694,29.3800,200
50943585788569,14:09:03.585,29.3600,1600
50943586372137,14:09:03.586,29.3600,1600
50947836483645,14:09:07.836,29.3600,100
50954553889018,14:09:14.553,29.3600,4400
50990633265845,14:09:50.633,29.3800,100
51006043497666,14:10:06.043,29.3800,100
51007831362393,14:10:07.831,29.3800,481
51007831386881,14:10:07.831,29.3800,19
51014761665023,14:10:14.761,29.3800,20
51014762407406,14:10:14.762,29.3800,800
51059662004761,14:10:59.662,29.3800,397
51059662698141,14:10:59.662,29.3800,1100
51059662785591,14:10:59.662,29.3800,224
51059662997443,14:10:59.662,29.3800,279
51102326002268,14:11:42.326,29.3550,700
51103828996433,14:11:43.828,29.3550,400
51116156378031,14:11:56.156,29.3500,100
51130960399889,14:12:10.960,29.3500,100
51147490005150,14:12:27.490,29.3450,1200
51147990002090,14:12:27.990,29.3450,200
51150747002859,14:12:30.747,29.3450,500
51155024017620,14:12:35.024,29.3450,500
51176939096915,14:12:56.939,29.3400,100
51176939096915,14:12:56.939,29.3400,500
51182190331770,14:13:02.190,29.3400,500
51182190331770,14:13:02.190,29.3400,1100
51182190357524,14:13:02.190,29.3400,3300
51204292876457,14:13:24.292,29.3400,100
51215907817450,14:13:35.907,29.3400,100
51228259005521,14:13:48.259,29.3400,500
51231950095764,14:13:51.950,29.3400,500
51231950095764,14:13:51.950,29.3400,3500
51242044281592,14:14:02.044,29.3300,100
51262124999074,14:14:22.124,29.3200,200
51300161387232,14:15:00.161,29.3200,900
51300161387232,14:15:00.161,29.3200,1900
51300161450700,14:15:00.161,29.3200,2500
51300161450700,14:15:00.161,29.3200,1000
51300161450700,14:15:00.161,29.3200,100
51300173831203,14:15:00.173,29.3300,500
51300173831203,14:15:00.173,29.3300,4800
51300180538927,14:15:00.180,29.3300,3600
51300180538927,14:15:00.180,29.3300,300
51300180538927,14:15:00.180,29.3300,100
51300180538927,14:15:00.180,29.3300,100
51300228342140,14:15:00.228,29.3400,900
51300228342140,14:15:00.228,29.3400,3500
51300228427226,14:15:00.228,29.3400,100
51300273768490,14:15:00.273,29.3400,200
51302856116699,14:15:02.856,29.3450,100
51302856116699,14:15:02.856,29.3400,700
51302856164759,14:15:02.856,29.3400,800
51302856194334,14:15:02.856,29.3400,800
51302861407474,14:15:02.861,29.3400,800
51303571085129,14:15:03.571,29.3400,100
51303694331209,14:15:03.694,29.3400,2
51304377339999,14:15:04.377,29.3400,398
51306580114911,14:15:06.580,29.3300,101
51308601838782,14:15:08.601,29.3300,1000
51400207267940,14:16:40.207,29.3200,300
51432559769183,14:17:12.559,29.3100,500
51432559769183,14:17:12.559,29.3100,1000
51476051889950,14:17:56.051,29.3300,400
51593432321555,14:19:53.432,29.3100,100
51593432321555,14:19:53.432,29.3100,1000
51635660492674,14:20:35.660,29.3200,5300
51635660778587,14:20:35.660,29.3200,900
51635660778587,14:20:35.660,29.3200,500
51635660778587,14:20:35.660,29.3200,3900
51654697030334,14:20:54.697,29.3000,10
51656672496474,14:20:56.672,29.2900,100
51658597152737,14:20:58.597,29.3000,500
51664836900785,14:21:04.836,29.2900,500
51670968458116,14:21:10.968,29.3000,100
51670968714235,14:21:10.968,29.3000,100
51670968998332,14:21:10.968,29.3000,100
51723089578766,14:22:03.089,29.2700,500
51723124114449,14:22:03.124,29.2700,199
51725378828836,14:22:05.378,29.2700,335
51750377032885,14:22:30.377,29.2700,500
51750377032885,14:22:30.377,29.2700,2000
51750377032885,14:22:30.377,29.2700,3600
51750377125010,14:22:30.377,29.2700,6200
51750377125010,14:22:30.377,29.2700,100
51750392320540,14:22:30.392,29.2700,100
51750396539894,14:22:30.396,29.2700,100
51759074980482,14:22:39.074,29.2700,1600
51759075129741,14:22:39.075,29.2700,9000
51759075129741,14:22:39.075,29.2700,9900
51759075129741,14:22:39.075,29.2700,400
51780950221064,14:23:00.950,29.2700,100
51803807148147,14:23:23.807,29.2600,20
51803807148147,14:23:23.807,29.2600,500
51803807148147,14:23:23.807,29.2600,199
51856723915775,14:24:16.723,29.2700,100
51856725114799,14:24:16.725,29.2700,300
51856727091290,14:24:16.727,29.2700,400
51856728330305,14:24:16.728,29.2700,100
51856728330305,14:24:16.728,29.2700,200
51856729403760,14:24:16.729,29.2700,400
51856730323591,14:24:16.730,29.2700,400
51856731057099,14:24:16.731,29.2700,400
51856731838104,14:24:16.731,29.2700,300
51856732608715,14:24:16.732,29.2700,100
51856733197626,14:24:16.733,29.2700,100
51856733808313,14:24:16.733,29.2700,100
51856734789111,14:24:16.734,29.2700,100
51856735851085,14:24:16.735,29.2700,100
51856737535640,14:24:16.737,29.2700,100
51856738177736,14:24:16.738,29.2700,832
51856738863738,14:24:16.738,29.2700,300
51856739820321,14:24:16.739,29.2700,100
51856740778502,14:24:16.740,29.2700,100
51897178367123,14:24:57.178,29.2800,100
51906968527120,14:25:06.968,29.2800,500
52055353896855,14:27:35.353,29.3100,100
52055353896855,14:27:35.353,29.3100,100
52090245667021,14:28:10.245,29.3100,500
52090245667021,14:28:10.245,29.3100,4400
52090245667021,14:28:10.245,29.3100,700
52146152514814,14:29:06.152,29.3100,500
52202763605690,14:30:02.763,29.3200,100
52204772834783,14:30:04.772,29.3250,100
52204772834783,14:30:04.772,29.3300,400
52204772834783,14:30:04.772,29.3300,300
52204772834783,14:30:04.772,29.3300,500
52204784699223,14:30:04.784,29.3300,1000
52204790832781,14:30:04.790,29.3300,3650
52204791124615,14:30:04.791,29.3300,750
52242043687281,14:30:42.043,29.3100,100
52289157999241,14:31:29.157,29.3200,400
52289177447948,14:31:29.177,29.3200,1900
52343921895326,14:32:23.921,29.3300,500
52343921895326,14:32:23.921,29.3300,1300
52343922598536,14:32:23.922,29.3300,700
52343922598536,14:32:23.922,29.3300,1100
52368597361106,14:32:48.597,29.3300,13
52428013812509,14:33:48.013,29.3300,300
52428014261582,14:33:48.014,29.3300,187
52499713021584,14:34:59.713,29.3050,1200
52558123911307,14:35:58.123,29.3200,100
52579101176351,14:36:19.101,29.3300,400
52579101176351,14:36:19.101,29.3300,2000
52579314452620,14:36:19.314,29.3300,500
52579314452620,14:36:19.314,29.3300,5600
52579314839332,14:36:19.314,29.3300,4700
52579314839332,14:36:19.314,29.3300,1400
52579315091351,14:36:19.315,29.3300,6100
52579318156275,14:36:19.318,29.3300,100
52579318156275,14:36:19.318,29.3300,300
52709727531757,14:38:29.727,29.3100,4400
52731204714726,14:38:51.204,29.2900,100
52755508481570,14:39:15.508,29.3100,100
52755510576695,14:39:15.510,29.3100,100
52763284005464,14:39:23.284,29.3200,400
52872390004763,14:41:12.390,29.3200,500
52872390004763,14:41:12.390,29.3200,1000
52892243157364,14:41:32.243,29.3200,100
52975183026673,14:42:55.183,29.3150,600
52981068476414,14:43:01.068,29.3200,200
52981068476414,14:43:01.068,29.3200,100
52981068476414,14:43:01.068,29.3200,200
52981068476414,14:43:01.068,29.3200,100
52996002438373,14:43:16.002,29.3400,40
52996002438373,14:43:16.002,29.3400,100
53005705017862,14:43:25.705,29.3350,400
53005705019361,14:43:25.705,29.3350,400
53006281011665,14:43:26.281,29.3350,100
53078740885181,14:44:38.740,29.3100,400
53189253733146,14:46:29.253,29.2900,8300
53189254021061,14:46:29.254,29.2900,2200
53189254021061,14:46:29.254,29.2900,500
53189254021061,14:46:29.254,29.2900,400
53189254021061,14:46:29.254,29.2900,1000
53189254021061,14:46:29.254,29.2900,600
53191521753945,14:46:31.521,29.2900,600
53215936312807,14:46:55.936,29.2800,200
53230386586984,14:47:10.386,29.2700,100
53244959526308,14:47:24.959,29.2700,100
53244959526308,14:47:24.959,29.2700,100
53299298615185,14:48:19.298,29.2800,100
53353562997488,14:49:13.562,29.2650,270
53375765308373,14:49:35.765,29.2700,500
53375765308373,14:49:35.765,29.2700,200
53408570961269,14:50:08.570,29.2700,300
53408570961269,14:50:08.570,29.2700,121
53468270745722,14:51:08.270,29.2900,1800
53468270765639,14:51:08.270,29.2900,500
53468518635719,14:51:08.518,29.2900,300
53468518679331,14:51:08.518,29.2900,200
53468519192616,14:51:08.519,29.2900,500
53470328969688,14:51:10.328,29.2900,800
53470328969688,14:51:10.328,29.2900,2100
53470328969688,14:51:10.328,29.2900,500
53540740541140,14:52:20.740,29.2600,100
53542004985787,14:52:22.004,29.2500,10
53542004985787,14:52:22.004,29.2500,500
53542004985787,14:52:22.004,29.2500,1000
53542004985787,14:52:22.004,29.2500,175
53542004985787,14:52:22.004,29.2500,200
53542004985787,14:52:22.004,29.2500,700
53542004985787,14:52:22.004,29.2500,700
53542064077112,14:52:22.064,29.2400,400
53542068150709,14:52:22.068,29.2400,500
53542068150709,14:52:22.068,29.2400,500
53542070646132,14:52:22.070,29.2400,4
53557642676084,14:52:37.642,29.2400,700
53557642676084,14:52:37.642,29.2400,500
53557642676084,14:52:37.642,29.2400,1000
53557642787872,14:52:37.642,29.2400,4400
53575516510485,14:52:55.516,29.2300,27
53587650295189,14:53:07.650,29.2300,170
53627231013937,14:53:47.231,29.2200,500
53630274037286,14:53:50.274,29.2200,8000
53630274037286,14:53:50.274,29.2200,400
53730800980210,14:55:30.800,29.2200,10
53749515496622,14:55:49.515,29.2200,1000
53784866097575,14:56:24.866,29.2300,200
53784866839301,14:56:24.866,29.2300,100
53800998987137,14:56:40.998,29.2000,100
53801001226757,14:56:41.001,29.2000,30
53804577410616,14:56:44.577,29.2100,400
53804577503860,14:56:44.577,29.2100,100
53804577503860,14:56:44.577,29.2100,10300
53804577503860,14:56:44.577,29.2100,400
53863641303456,14:57:43.641,29.2100,500
53863641303456,14:57:43.641,29.2100,1500
53863641303456,14:57:43.641,29.2100,400
53908094419966,14:58:28.094,29.2000,10
53923899266043,14:58:43.899,29.2000,500
53923899266043,14:58:43.899,29.2000,1300
53923899291951,14:58:43.899,29.2000,9000
54007033109141,15:00:07.033,29.2000,100
54011327015003,15:00:11.327,29.2050,1400
54011827010673,15:00:11.827,29.2050,1300
54020263022635,15:00:20.263,29.2050,1400
54048181017017,15:00:48.181,29.2050,1400
54051744017398,15:00:51.744,29.2050,600
54072826022692,15:01:12.826,29.2050,600
54072826024063,15:01:12.826,29.2050,800
54120447857410,15:02:00.447,29.2100,500
54120448252872,15:02:00.448,29.2100,100
54168566035090,15:02:48.566,29.2150,900
54168566036571,15:02:48.566,29.2150,500
54169100032656,15:02:49.100,29.2150,700
54188955468347,15:03:08.955,29.2200,2000
54188955468347,15:03:08.955,29.2200,100
54188955468347,15:03:08.955,29.2200,100
54188960419613,15:03:08.960,29.2200,100
54245122032763,15:04:05.122,29.2350,1200
54255615710371,15:04:15.615,29.2400,100
54306453374015,15:05:06.453,29.2500,500
54306453374015,15:05:06.453,29.2500,10800
54306453374015,15:05:06.453,29.2500,800
54306453374015,15:05:06.453,29.2500,400
54326318635729,15:05:26.318,29.2500,500
54326318635729,15:05:26.318,29.2500,2200
54326318635729,15:05:26.318,29.2500,1900
54326318955840,15:05:26.318,29.2500,2700
54333310856426,15:05:33.310,29.2600,300
54333310856426,15:05:33.310,29.2600,700
54375358587997,15:06:15.358,29.2700,6
54424296585741,15:07:04.296,29.2700,100
54466023594225,15:07:46.023,29.2700,200
54480345859452,15:08:00.345,29.2700,500
54489130032583,15:08:09.130,29.2600,800
54489130032583,15:08:09.130,29.2600,500
54544779997041,15:09:04.779,29.2700,300
54632720944168,15:10:32.720,29.3000,1300
54691282425864,15:11:31.282,29.3200,500
54691282425864,15:11:31.282,29.3200,1300
54691283128445,15:11:31.283,29.3200,3100
54719071090343,15:11:59.071,29.3150,700
54719071095867,15:11:59.071,29.3150,300
54719071096496,15:11:59.071,29.3150,1100
54721820050493,15:12:01.820,29.3150,400
54721820051949,15:12:01.820,29.3150,300
54721820052574,15:12:01.820,29.3150,500
54754502209270,15:12:34.502,29.3100,12
54768574053343,15:12:48.574,29.3050,300
54772487042861,15:12:52.487,29.3050,700
54772487043444,15:12:52.487,29.3050,300
54806920942755,15:13:26.920,29.3000,1
54811546409451,15:13:31.546,29.3000,400
54811546409451,15:13:31.546,29.3000,700
54811546409451,15:13:31.546,29.3000,100
54814238955666,15:13:34.238,29.2950,700
54814246644332,15:13:34.246,29.2950,700
54821664996335,15:13:41.664,29.3000,500
54821664996335,15:13:41.664,29.3000,1200
54821664996335,15:13:41.664,29.3000,1000
54946783414574,15:15:46.783,29.2900,884
54947268946863,15:15:47.268,29.2900,316
54973720396323,15:16:13.720,29.2800,800
54973720396323,15:16:13.720,29.2800,500
54973720396323,15:16:13.720,29.2800,2500
54973720396323,15:16:13.720,29.2800,100
54973720396323,15:16:13.720,29.2800,100
54992781386160,15:16:32.781,29.2900,500
54992781386160,15:16:32.781,29.2900,4400
54997425989501,15:16:37.425,29.2950,1400
54997431982967,15:16:37.431,29.2950,300
55038009774261,15:17:18.009,29.2900,400
55046930976612,15:17:26.930,29.2950,700
55046954981990,15:17:26.954,29.2950,1100
55081808979089,15:18:01.808,29.3050,700
55081809983842,15:18:01.809,29.3050,300
55081809984565,15:18:01.809,29.3050,500
55081809985123,15:18:01.809,29.3050,100
55089458001259,15:18:09.458,29.3050,700
55089458002028,15:18:09.458,29.3050,700
55089477975234,15:18:09.477,29.3050,200
55098133805440,15:18:18.133,29.3100,100
55098136985152,15:18:18.136,29.3100,100
55098139909136,15:18:18.139,29.3100,100
55098142184520,15:18:18.142,29.3100,100
55098143219739,15:18:18.143,29.3100,100
55098143774447,15:18:18.143,29.3100,125
55098144400072,15:18:18.144,29.3100,100
55098145004478,15:18:18.145,29.3100,100
55098146121673,15:18:18.146,29.3100,100
55098146658930,15:18:18.146,29.3100,100
55098148286307,15:18:18.148,29.3100,100
55098149148281,15:18:18.149,29.3100,100
55113030380809,15:18:33.030,29.3000,500
55202657408285,15:20:02.657,29.2900,3
55202659554385,15:20:02.659,29.2900,200
55202662600695,15:20:02.662,29.2900,197
55226553085299,15:20:26.553,29.2800,1700
55296668080255,15:21:36.668,29.2900,1000
55296670365451,15:21:36.670,29.2900,100
55381931391499,15:23:01.931,29.3000,7
55382249329475,15:23:02.249,29.3000,900
55382249329475,15:23:02.249,29.3000,500
55382249329475,15:23:02.249,29.3000,10300
55382249329475,15:23:02.249,29.3000,7356
55382249396873,15:23:02.249,29.3000,4744
55382249396873,15:23:02.249,29.3000,100
55382249396873,15:23:02.249,29.3000,100
55412791019721,15:23:32.791,29.3150,700
55412791021226,15:23:32.791,29.3150,300
55421577022842,15:23:41.577,29.3150,1400
55460438796329,15:24:20.438,29.3100,300
55528246883209,15:25:28.246,29.3200,100
55568938307264,15:26:08.938,29.3200,182
55568938743433,15:26:08.938,29.3200,500
55600577006485,15:26:40.577,29.3150,1300
55699004019870,15:28:19.004,29.2950,1400
55723394074733,15:28:43.394,29.2900,100
55728745020809,15:28:48.745,29.2950,1300
55755809012970,15:29:15.809,29.3050,1400
55756267012483,15:29:16.267,29.3050,300
55780363875331,15:29:40.363,29.3100,500
55780363875331,15:29:40.363,29.3100,86
55789135222684,15:29:49.135,29.3100,523
55789135363480,15:29:49.135,29.3100,100
55789135428398,15:29:49.135,29.3100,100
55789136028513,15:29:49.136,29.3100,200
55789136903441,15:29:49.136,29.3100,177
55792254018814,15:29:52.254,29.3150,1200
55830658769920,15:30:30.658,29.3300,4000
55856724018284,15:30:56.724,29.3250,800
55882080014660,15:31:22.080,29.3150,900
55942576019104,15:32:22.576,29.3150,400
55978196021023,15:32:58.196,29.3250,1000
55980300013899,15:33:00.300,29.3250,500
55982528015562,15:33:02.528,29.3250,500
55989506016135,15:33:09.506,29.3250,300
55990006010328,15:33:10.006,29.3250,400
56029140003751,15:33:49.140,29.3250,500
56135006673505,15:35:35.006,29.3200,500
56249987577523,15:37:29.987,29.3300,100
56254262020001,15:37:34.262,29.3250,700
56254262020609,15:37:34.262,29.3250,200
56322899014457,15:38:42.899,29.3250,1100
56323466976089,15:38:43.466,29.3200,800
56323466976089,15:38:43.466,29.3200,500
56323466976089,15:38:43.466,29.3200,400
56323466976089,15:38:43.466,29.3200,4400
56323466976089,15:38:43.466,29.3200,1700
56323466976089,15:38:43.466,29.3200,100
56323466976089,15:38:43.466,29.3200,900
56323466976089,15:38:43.466,29.3200,7000
56323468279162,15:38:43.468,29.3200,100
56323468279162,15:38:43.468,29.3200,3599
56323524543147,15:38:43.524,29.3200,4100
56427138032218,15:40:27.138,29.3350,500
56427138033680,15:40:27.138,29.3350,300
56454974038885,15:40:54.974,29.3350,700
56454974039497,15:40:54.974,29.3350,700
56463205214291,15:41:03.205,29.3400,100
56480461415163,15:41:20.461,29.3400,300
56480461415163,15:41:20.461,29.3400,1500
56486991129729,15:41:26.991,29.3500,100
56513098041777,15:41:53.098,29.3550,700
56527526038616,15:42:07.526,29.3550,300
56527526039213,15:42:07.526,29.3550,500
56527526039892,15:42:07.526,29.3550,100
56561500727229,15:42:41.500,29.3500,500
56649620010980,15:44:09.620,29.3350,400
56649620011643,15:44:09.620,29.3350,700
56700400894016,15:45:00.400,29.3400,400
56702292321331,15:45:02.292,29.3300,200
56717632442638,15:45:17.632,29.3300,500
56731919826376,15:45:31.919,29.3200,100
56731919826376,15:45:31.919,29.3200,200
56731919826376,15:45:31.919,29.3200,100
56731919826376,15:45:31.919,29.3200,200
56746220370448,15:45:46.220,29.3100,400
56746220370448,15:45:46.220,29.3100,100
56877268761894,15:47:57.268,29.3100,30
56992560271060,15:49:52.560,29.3100,100
56999838651311,15:49:59.838,29.3100,50
57051512558702,15:50:51.512,29.3200,500
57138034005749,15:52:18.034,29.3350,800
57169710069153,15:52:49.710,29.3500,700
57169712153972,15:52:49.712,29.3500,700
57169712646937,15:52:49.712,29.3500,3000
57274450024609,15:54:34.450,29.3450,1300
57274450026786,15:54:34.450,29.3450,100
57274452019490,15:54:34.452,29.3450,700
57274950002669,15:54:34.950,29.3450,800
57276491002428,15:54:36.491,29.3450,800
57278905012239,15:54:38.905,29.3450,700
57278905013818,15:54:38.905,29.3450,900
57300100211629,15:55:00.100,29.3400,400
57300938282108,15:55:00.938,29.3350,100
57300938282108,15:55:00.938,29.3300,300
57300938282108,15:55:00.938,29.3300,1000
57300938282108,15:55:00.938,29.3300,400
57302165538710,15:55:02.165,29.3300,500
57302165538710,15:55:02.165,29.3300,400
57302165757145,15:55:02.165,29.3300,3900
57302165757145,15:55:02.165,29.3300,2900
57302165757145,15:55:02.165,29.3300,1200
57302165757145,15:55:02.165,29.3300,1000
57302165757145,15:55:02.165,29.3300,1600
57303706010964,15:55:03.706,29.3300,100
57314835008594,15:55:14.835,29.3150,1400
57315335000554,15:55:15.335,29.3150,1000
57332168013624,15:55:32.168,29.3150,500
57332168014246,15:55:32.168,29.3150,700
57332168014796,15:55:32.168,29.3150,200
57332667994032,15:55:32.667,29.3150,400
57358912000494,15:55:58.912,29.3050,1400
57438072492897,15:57:18.072,29.3100,100
57438072492897,15:57:18.072,29.3100,300
57443002994786,15:57:23.002,29.3150,800
57443002995504,15:57:23.002,29.3150,700
57468780702833,15:57:48.780,29.3200,500
57522000640403,15:58:42.000,29.3200,1300
57531994006012,15:58:51.994,29.3150,500
57533604005701,15:58:53.604,29.3150,600
57535573007149,15:58:55.573,29.3150,800
57537647010429,15:58:57.647,29.3150,600
57537647011847,15:58:57.647,29.3150,300
57554030451385,15:59:14.030,29.3100,1100
57555842265374,15:59:15.842,29.3100,250
57589665062097,15:59:49.665,29.3200,1870
57592813791037,15:59:52.813,29.3200,65
57592813821516,15:59:52.813,29.3200,935
57592813821516,15:59:52.813,29.3200,335
57600375049385,16:00:00.375,29.3100,100
57600375073093,16:00:00.375,29.3100,800
57600377257102,16:00:00.377,29.3100,100
57600377531869,16:00:00.377,29.3100,1700
57600402531387,16:00:00.402,29.3100,34
57600560890106,16:00:00.560,29.3200,100
57600603453325,16:00:00.603,29.3200,3900
57600624107583,16:00:00.624,0.0000,0
60219381247076,16:43:39.381,29.2800,400
62385964985770,17:19:45.964,29.2500,125
65923099142731,18:18:43.099,29.2500,5
70746467717604,19:39:06.467,29.2600,350
