timestamp,time,price,volume
27843864641995,07:44:03.864,67.2700,3
28305616643193,07:51:45.616,66.6700,1
32340910041068,08:59:00.910,66.9200,1
32561180398838,09:02:41.180,66.9200,1
32736628135231,09:05:36.628,66.9200,2
32801964616902,09:06:41.964,66.9200,8
32954291551279,09:09:14.291,66.9200,1
33610536738988,09:20:10.536,66.9300,1
33778427115396,09:22:58.427,66.9200,1
33808148158607,09:23:28.148,66.9200,1
34199423478696,09:29:59.423,67.1600,79
34199855142647,09:29:59.855,67.1600,69
34200021820579,09:30:00.021,67.1000,134
34200119181083,09:30:00.119,67.1100,100
34200119181083,09:30:00.119,67.1100,100
34200119181083,09:30:00.119,67.1100,108861
34200168632595,09:30:00.168,67.1200,15
34200168632595,09:30:00.168,67.1200,20
34200168632595,09:30:00.168,67.1200,15
34200168639725,09:30:00.168,67.1200,15
34200168639725,09:30:00.168,67.1300,10
34200168639725,09:30:00.168,67.1300,40
34200168642524,09:30:00.168,67.1300,39
34200168652285,09:30:00.168,67.0600,1
34200168652285,09:30:00.168,67.0400,60
34200168652285,09:30:00.168,67.0400,55
34200168652285,09:30:00.168,67.0400,20
34200168652285,09:30:00.168,67.0400,10
34200168652285,09:30:00.168,67.0400,10
34200168652285,09:30:00.168,67.0400,1
34200168652285,09:30:00.168,67.0400,96
34200168660121,09:30:00.168,67.1300,10
34200168708881,09:30:00.168,67.0800,4
34200168748335,09:30:00.168,67.0800,4
34200169053417,09:30:00.169,67.0800,92
34200169053417,09:30:00.169,67.0800,100
34200169053417,09:30:00.169,67.0800,8
34200169060370,09:30:00.169,67.0800,10
34200275936518,09:30:00.275,67.1000,4
34200342437293,09:30:00.342,67.1300,10
34200342437293,09:30:00.342,67.1400,99
34200342437293,09:30:00.342,67.1500,20
34200864206468,09:30:00.864,67.0900,600
34200864206468,09:30:00.864,67.0900,375
34200864313383,09:30:00.864,67.0900,100
34201344730733,09:30:01.344,67.0900,4
34201344730733,09:30:01.344,67.0800,85
34201368082583,09:30:01.368,67.1100,200
34201412422782,09:30:01.412,67.1400,100
34204969553062,09:30:04.969,67.0800,1
34204969564329,09:30:04.969,67.0700,78
34204969564329,09:30:04.969,67.0600,22
34204970487166,09:30:04.970,67.0600,78
34204970607532,09:30:04.970,67.0500,100
34204970607532,09:30:04.970,67.0500,100
34204970607532,09:30:04.970,67.0500,100
34204970607532,09:30:04.970,67.0500,100
34205063673498,09:30:05.063,67.0500,100
34205063673498,09:30:05.063,67.0500,100
34205063780990,09:30:05.063,67.0500,300
34205065658933,09:30:05.065,67.0500,2
34205072684679,09:30:05.072,67.0600,22
34205498965599,09:30:05.498,67.0900,200
34205499028155,09:30:05.499,67.0900,14
34205678253542,09:30:05.678,67.1100,300
34205678369692,09:30:05.678,67.1100,100
34205678534110,09:30:05.678,67.1100,100
34205727307786,09:30:05.727,67.1100,38
34206145295174,09:30:06.145,67.1100,1
34206227502876,09:30:06.227,67.1100,211
34206227502876,09:30:06.227,67.1100,100
34206811057997,09:30:06.811,67.1000,100
34206956072964,09:30:06.956,67.1000,100
34207228709719,09:30:07.228,67.1000,100
34207231276304,09:30:07.231,67.1000,100
34207234395685,09:30:07.234,67.1100,231
34207234421068,09:30:07.234,67.1100,69
34207808853401,09:30:07.808,67.1100,100
34208236124860,09:30:08.236,67.1100,300
34208243648793,09:30:08.243,67.0900,100
34208243648793,09:30:08.243,67.0900,100
34208245754496,09:30:08.245,67.1000,100
34208245809842,09:30:08.245,67.1000,100
34209238227544,09:30:09.238,67.1100,300
34209238227544,09:30:09.238,67.1100,100
34210012489446,09:30:10.012,67.1100,100
34210013413225,09:30:10.013,67.1000,100
34210013413225,09:30:10.013,67.1000,100
34210254223662,09:30:10.254,67.1100,100
34210254223662,09:30:10.254,67.1100,100
34210254223662,09:30:10.254,67.1100,70
34210254250742,09:30:10.254,67.1100,230
34212823280305,09:30:12.823,67.1000,100
34214261547052,09:30:14.261,67.1000,100
34214261547052,09:30:14.261,67.1000,100
34214261600176,09:30:14.261,67.1000,200
34214957918501,09:30:14.957,67.0900,100
34217060188105,09:30:17.060,67.1100,185
34217060215235,09:30:17.060,67.1100,115
34217060215235,09:30:17.060,67.1100,100
34217131145737,09:30:17.131,67.1100,100
34217132054081,09:30:17.132,67.1000,100
34218062656521,09:30:18.062,67.0900,100
34222065647290,09:30:22.065,67.1000,100
34222065647290,09:30:22.065,67.1100,200
34222065672574,09:30:22.065,67.1100,100
34223067725762,09:30:23.067,67.1100,187
34223067725762,09:30:23.067,67.1100,100
34228211242477,09:30:28.211,67.1400,100
34228211759319,09:30:28.211,67.1500,31
34228211787989,09:30:28.211,67.1500,1569
34228211787989,09:30:28.211,67.1500,100
34228211787989,09:30:28.211,67.1500,80
34237676367784,09:30:37.676,67.1550,100
34237676367784,09:30:37.676,67.1500,4
34237678610061,09:30:37.678,67.1500,1200
34237678658168,09:30:37.678,67.1500,100
34237688513841,09:30:37.688,67.1500,100
34237769956208,09:30:37.769,67.1400,5
34237769956208,09:30:37.769,67.1400,195
34238681597230,09:30:38.681,67.1400,100
34238682905799,09:30:38.682,67.1400,5
34238682905799,09:30:38.682,67.1400,95
34238932047588,09:30:38.932,67.1400,105
34238932047588,09:30:38.932,67.1400,200
34238932047588,09:30:38.932,67.1400,195
34238932101370,09:30:38.932,67.1400,5
34238932101370,09:30:38.932,67.1400,100
34238932101370,09:30:38.932,67.1400,2
34239009115095,09:30:39.009,67.1300,100
34239009115095,09:30:39.009,67.1300,19
34239494002655,09:30:39.494,67.1400,100
34239494002655,09:30:39.494,67.1400,100
34239494061939,09:30:39.494,67.1400,3
34239848934319,09:30:39.848,67.1500,889
34239863640270,09:30:39.863,67.1700,100
34239864735511,09:30:39.864,67.1800,100
34240225755983,09:30:40.225,67.1800,100
34240225755983,09:30:40.225,67.1800,70
34240225812885,09:30:40.225,67.1800,30
34240607709818,09:30:40.607,67.1800,100
34240607709818,09:30:40.607,67.1800,100
34240607737710,09:30:40.607,67.1800,100
34240608575872,09:30:40.608,67.1900,100
34241504534932,09:30:41.504,67.2000,30
34241504534932,09:30:41.504,67.2000,100
34242698214714,09:30:42.698,67.2200,100
34242698239826,09:30:42.698,67.2200,100
34242704131938,09:30:42.704,67.2300,25
34243130446729,09:30:43.130,67.2300,16
34243855439173,09:30:43.855,67.2300,11
34245132484652,09:30:45.132,67.2200,17
34249372874482,09:30:49.372,67.2300,100
34249383874561,09:30:49.383,67.2300,100
34249385316812,09:30:49.385,67.2300,48
34251487583983,09:30:51.487,67.2300,100
34251488108337,09:30:51.488,67.2300,200
34251597148214,09:30:51.597,67.2500,100
34251597148214,09:30:51.597,67.2500,150
34251597148214,09:30:51.597,67.2500,100
34252061737569,09:30:52.061,67.2700,100
34255858833030,09:30:55.858,67.3000,20
34255858833030,09:30:55.858,67.3000,100
34255858833030,09:30:55.858,67.3000,80
34255858862118,09:30:55.858,67.3000,20
34255858863340,09:30:55.858,67.3000,20
34255858893638,09:30:55.858,67.3000,80
34255859411701,09:30:55.859,67.3000,275
34255859411701,09:30:55.859,67.3000,25
34255859470656,09:30:55.859,67.3000,75
34256070548872,09:30:56.070,67.3000,100
34256677460745,09:30:56.677,67.3000,100
34256677460745,09:30:56.677,67.3000,100
34256679503000,09:30:56.679,67.2900,100
34256679503000,09:30:56.679,67.2900,100
34256679541794,09:30:56.679,67.2900,311
34256679543084,09:30:56.679,67.2900,89
34256679543084,09:30:56.679,67.2900,51
34256679552050,09:30:56.679,67.2900,49
34258445294768,09:30:58.445,67.2700,100
34258446693931,09:30:58.446,67.2600,200
34258446864927,09:30:58.446,67.2600,100
34258448357164,09:30:58.448,67.2500,100
34258448399294,09:30:58.448,67.2500,4
34261590421805,09:31:01.590,67.2500,1
34263065942775,09:31:03.065,67.2500,99
34263065942775,09:31:03.065,67.2500,1
34263065942775,09:31:03.065,67.2500,100
34274182895036,09:31:14.182,67.2800,100
34274182982329,09:31:14.182,67.2900,200
34274183219309,09:31:14.183,67.3000,250
34274183240202,09:31:14.183,67.3000,275
34274183310353,09:31:14.183,67.3000,575
34274183310353,09:31:14.183,67.3000,100
34274205390330,09:31:14.205,67.3300,15
34274205390330,09:31:14.205,67.3300,100
34274205390330,09:31:14.205,67.3300,29
34274205390330,09:31:14.205,67.3300,56
34274205418640,09:31:14.205,67.3300,44
34274230099714,09:31:14.230,67.3400,100
34274230099714,09:31:14.230,67.3400,37
34274230099714,09:31:14.230,67.3400,215
34274231010262,09:31:14.231,67.3400,100
34274236301525,09:31:14.236,67.3400,100
34274261474518,09:31:14.261,67.3400,100
34275184930724,09:31:15.184,67.3200,62
34275184930724,09:31:15.184,67.3200,38
34275242184847,09:31:15.242,67.3400,100
34275242184847,09:31:15.242,67.3400,100
34276666049453,09:31:16.666,67.3300,200
34277680288463,09:31:17.680,67.3400,1600
34277680288463,09:31:17.680,67.3400,100
34277680849299,09:31:17.680,67.3500,174
34277680874455,09:31:17.680,67.3500,326
34277680874455,09:31:17.680,67.3500,100
34278682873353,09:31:18.682,67.3600,12
34278682873353,09:31:18.682,67.3500,204
34278682873353,09:31:18.682,67.3500,100
34278683623994,09:31:18.683,67.3400,100
34278683623994,09:31:18.683,67.3400,100
34279210621884,09:31:19.210,67.3400,884
34279210621884,09:31:19.210,67.3400,16
34279210650255,09:31:19.210,67.3400,84
34280212257157,09:31:20.212,67.3500,100
34282151262704,09:31:22.151,67.3800,100
34284146689309,09:31:24.146,67.3900,100
34284146716660,09:31:24.146,67.3900,100
34284146716660,09:31:24.146,67.3900,100
34284146716660,09:31:24.146,67.3900,38
34284147376819,09:31:24.147,67.4000,8
34284147376819,09:31:24.147,67.4000,1
34290742127487,09:31:30.742,67.4300,100
34290742415537,09:31:30.742,67.4400,200
34290742443766,09:31:30.742,67.4400,274
34290758445293,09:31:30.758,67.4400,38
34295279163637,09:31:35.279,67.4300,8
34295280652449,09:31:35.280,67.4300,100
34295280675915,09:31:35.280,67.4300,1700
34295280705777,09:31:35.280,67.4300,100
34295281946002,09:31:35.281,67.4500,221
34295281946002,09:31:35.281,67.4500,26
34296282302830,09:31:36.282,67.4500,100
34296282302830,09:31:36.282,67.4500,2
34296282302830,09:31:36.282,67.4500,1
34296283264718,09:31:36.283,67.4400,100
34296283264718,09:31:36.283,67.4400,100
34297287506136,09:31:37.287,67.4300,1342
34297287506136,09:31:37.287,67.4300,58
34297303845137,09:31:37.303,67.4300,38
34299138782383,09:31:39.138,67.4300,100
34299138782383,09:31:39.138,67.4300,100
34299139822228,09:31:39.139,67.4200,100
34299139822228,09:31:39.139,67.4200,300
34299139822228,09:31:39.139,67.4200,500
34299139822228,09:31:39.139,67.4200,1
34299139822228,09:31:39.139,67.4200,100
34299140843520,09:31:39.140,67.4100,100
34299141933089,09:31:39.141,67.4000,100
34299142228563,09:31:39.142,67.4000,100
34299682726695,09:31:39.682,67.4000,300
34299682726695,09:31:39.682,67.4000,200
34303061146384,09:31:43.061,67.4000,100
34303061172140,09:31:43.061,67.4000,300
34309529174351,09:31:49.529,67.4000,15
34320048951780,09:32:00.048,67.4200,100
34320049007426,09:32:00.049,67.4300,26
34320049769238,09:32:00.049,67.4400,100
34320049794619,09:32:00.049,67.4400,100
34320056893005,09:32:00.056,67.4400,100
34320061957587,09:32:00.061,67.4400,100
34320128729377,09:32:00.128,67.4400,100
34320128769980,09:32:00.128,67.4400,100
34320129452599,09:32:00.129,67.4500,73
34320502655762,09:32:00.502,67.4500,100
34321574895868,09:32:01.574,67.4600,3
34321574920282,09:32:01.574,67.4600,97
34321574920282,09:32:01.574,67.4600,100
34321971202110,09:32:01.971,67.4500,100
34321971202110,09:32:01.971,67.4500,100
34321971252388,09:32:01.971,67.4500,2
34322825938699,09:32:02.825,67.4600,100
34323063213257,09:32:03.063,67.4800,300
34323063260304,09:32:03.063,67.4900,150
34323063260304,09:32:03.063,67.4900,100
34323063625290,09:32:03.063,67.4900,100
34323063633597,09:32:03.063,67.4900,100
34323063740293,09:32:03.063,67.4900,100
34323063740293,09:32:03.063,67.4900,200
34323063740293,09:32:03.063,67.4900,100
34323131586323,09:32:03.131,67.4900,100
34323502992280,09:32:03.502,67.4900,100
34323527742596,09:32:03.527,67.4900,200
34323528187483,09:32:03.528,67.4900,100
34323529579027,09:32:03.529,67.4900,200
34323529579027,09:32:03.529,67.4900,100
34323529579027,09:32:03.529,67.4900,100
34323554257667,09:32:03.554,67.4900,100
34323627690339,09:32:03.627,67.4900,100
34325145873748,09:32:05.145,67.5000,100
34325145873748,09:32:05.145,67.5000,900
34325145873748,09:32:05.145,67.5000,77
34325145873748,09:32:05.145,67.5000,5
34325145873748,09:32:05.145,67.5000,30
34325145873748,09:32:05.145,67.5000,50
34325145873748,09:32:05.145,67.5000,14
34325145873748,09:32:05.145,67.5000,15
34325145873748,09:32:05.145,67.5000,28
34325145873748,09:32:05.145,67.5000,101
34325145873748,09:32:05.145,67.5000,30
34325145873748,09:32:05.145,67.5000,8
34325145873748,09:32:05.145,67.5000,10
34325145873748,09:32:05.145,67.5000,60
34325145873748,09:32:05.145,67.5000,1000
34325145873748,09:32:05.145,67.5000,57
34325145873748,09:32:05.145,67.5000,500
34325145873748,09:32:05.145,67.5000,140
34325145873748,09:32:05.145,67.5000,200
34325145873748,09:32:05.145,67.5000,100
34325145873748,09:32:05.145,67.5000,7
34325145873748,09:32:05.145,67.5000,23
34325145873748,09:32:05.145,67.5000,200
34325145873748,09:32:05.145,67.5000,500
34325145873748,09:32:05.145,67.5000,300
34325145873748,09:32:05.145,67.5000,459
34325145873748,09:32:05.145,67.5000,105
34325145873748,09:32:05.145,67.5000,42
34325145873748,09:32:05.145,67.5000,28
34325145873748,09:32:05.145,67.5000,100
34325145873748,09:32:05.145,67.5000,300
34325145873748,09:32:05.145,67.5000,391
34325145873748,09:32:05.145,67.5000,100
34325145873748,09:32:05.145,67.5000,35
34325145873748,09:32:05.145,67.5000,100
34325145873748,09:32:05.145,67.5000,50
34325145873748,09:32:05.145,67.5000,16
34325145873748,09:32:05.145,67.5000,1
34325145873748,09:32:05.145,67.5000,2
34325145873748,09:32:05.145,67.5000,100
34325145873748,09:32:05.145,67.5000,100
34325145873748,09:32:05.145,67.5000,200
34325145873748,09:32:05.145,67.5000,14
34325145873748,09:32:05.145,67.5000,21
34325145873748,09:32:05.145,67.5000,2
34325145873748,09:32:05.145,67.5000,1
34325145873748,09:32:05.145,67.5000,50
34325145873748,09:32:05.145,67.5000,5
34325145873748,09:32:05.145,67.5000,445
34325145873748,09:32:05.145,67.5000,250
34325145873748,09:32:05.145,67.5000,5
34325145873748,09:32:05.145,67.5000,100
34325146624290,09:32:05.146,67.5100,30
34325146624290,09:32:05.146,67.5100,21
34325146660721,09:32:05.146,67.5100,314
34325146668924,09:32:05.146,67.5100,365
34325146750851,09:32:05.146,67.5200,11
34325147218104,09:32:05.147,67.5200,89
34325147218104,09:32:05.147,67.5300,11
34325147610824,09:32:05.147,67.5300,74
34325147646193,09:32:05.147,67.5300,15
34325147734572,09:32:05.147,67.5400,26
34325147774159,09:32:05.147,67.5400,48
34325152128508,09:32:05.152,67.5400,100
34325225895975,09:32:05.225,67.5500,50
34325225895975,09:32:05.225,67.5600,98
34325225973679,09:32:05.225,67.5600,100
34325290756023,09:32:05.290,67.5600,177
34325298344667,09:32:05.298,67.5600,193
34325374202372,09:32:05.374,67.5700,60
34325374532737,09:32:05.374,67.5700,100
34325374532737,09:32:05.374,67.5700,100
34325936507943,09:32:05.936,67.5600,100
34325936759187,09:32:05.936,67.5600,52
34325937321431,09:32:05.937,67.5500,100
34325938292837,09:32:05.938,67.5400,100
34325944635989,09:32:05.944,67.5300,100
34325945200683,09:32:05.945,67.5200,417
34325945615208,09:32:05.945,67.5200,47
34325945670068,09:32:05.945,67.5200,36
34325946171835,09:32:05.946,67.5100,29
34325946171835,09:32:05.946,67.5100,71
34325958757371,09:32:05.958,67.5100,151
34326024213939,09:32:06.024,67.5100,100
34326024238377,09:32:06.024,67.5100,100
34326024238377,09:32:06.024,67.5100,100
34326024551312,09:32:06.024,67.5100,100
34326025627712,09:32:06.025,67.5100,100
34326025627712,09:32:06.025,67.5100,100
34326025627712,09:32:06.025,67.5100,100
34326026090085,09:32:06.026,67.5100,200
34326061211976,09:32:06.061,67.5200,100
34326061294569,09:32:06.061,67.5100,100
34335735727843,09:32:15.735,67.5200,100
34335819367363,09:32:15.819,67.5300,100
34335819393386,09:32:15.819,67.5300,100
34335819393386,09:32:15.819,67.5300,100
34335819393386,09:32:15.819,67.5300,100
34335819393386,09:32:15.819,67.5300,100
34335819393386,09:32:15.819,67.5300,100
34335819426813,09:32:15.819,67.5300,500
34335819499290,09:32:15.819,67.5300,100
34335819666554,09:32:15.819,67.5300,100
34335828789073,09:32:15.828,67.5500,100
34335828789073,09:32:15.828,67.5500,100
34335919275737,09:32:15.919,67.5600,100
34335919333290,09:32:15.919,67.5500,82
34335919386060,09:32:15.919,67.5500,18
34335919799583,09:32:15.919,67.5500,82
34335919799583,09:32:15.919,67.5500,18
34336061704457,09:32:16.061,67.5600,300
34336061918475,09:32:16.061,67.5600,100
34337132033423,09:32:17.132,67.5500,1300
34337132065014,09:32:17.132,67.5500,100
34337202569239,09:32:17.202,67.5500,100
34337203003675,09:32:17.203,67.5600,100
34337203043729,09:32:17.203,67.5600,100
34337203449739,09:32:17.203,67.5600,100
34337210694175,09:32:17.210,67.5700,100
34337210694175,09:32:17.210,67.5700,100
34337211632345,09:32:17.211,67.5700,100
34337237923435,09:32:17.237,67.5600,100
34339318826174,09:32:19.318,67.5500,100
34339320431584,09:32:19.320,67.5400,400
34339320431584,09:32:19.320,67.5400,100
34339320431584,09:32:19.320,67.5400,100
34339337184917,09:32:19.337,67.5300,100
34339418608620,09:32:19.418,67.5300,100
34339418633273,09:32:19.418,67.5300,100
34342134050586,09:32:22.134,67.5400,100
34345132158072,09:32:25.132,67.5500,100
34345132181630,09:32:25.132,67.5500,87
34345132435283,09:32:25.132,67.5500,13
34345132435283,09:32:25.132,67.5500,1000
34345133173087,09:32:25.133,67.5600,100
34345133173087,09:32:25.133,67.5600,100
34345133173087,09:32:25.133,67.5600,100
34345154770339,09:32:25.154,67.5600,100
34345155704367,09:32:25.155,67.5600,1300
34345162348687,09:32:25.162,67.5500,2
34345213612104,09:32:25.213,67.5500,100
34347172307077,09:32:27.172,67.5500,100
34348756877977,09:32:28.756,67.5500,100
34349893090194,09:32:29.893,67.5600,100
34349907058947,09:32:29.907,67.5800,99
34351063596456,09:32:31.063,67.5800,15
34351131272525,09:32:31.131,67.5800,38
34351131336303,09:32:31.131,67.5800,362
34351132195087,09:32:31.132,67.5800,100
34351132195087,09:32:31.132,67.5800,100
34351132315146,09:32:31.132,67.5800,100
34351133780952,09:32:31.133,67.5900,100
34351235968450,09:32:31.235,67.5900,22
34351235992319,09:32:31.235,67.5900,178
34351235992319,09:32:31.235,67.5900,22
34353131290118,09:32:33.131,67.5900,14
34353131354801,09:32:33.131,67.5900,1086
34353131383688,09:32:33.131,67.5900,100
34353131394006,09:32:33.131,67.5900,100
34353131742883,09:32:33.131,67.5900,100
34353131742883,09:32:33.131,67.5900,100
34353131742883,09:32:33.131,67.6000,10
34353131742883,09:32:33.131,67.6000,25
34353131742883,09:32:33.131,67.6000,10
34353131742883,09:32:33.131,67.6000,150
34353131742883,09:32:33.131,67.6000,500
34353131742883,09:32:33.131,67.6000,1000
34353131742883,09:32:33.131,67.6000,200
34353131742883,09:32:33.131,67.6000,100
34353131742883,09:32:33.131,67.6000,100
34353131742883,09:32:33.131,67.6000,9
34353132249592,09:32:33.132,67.6000,100
34353132249592,09:32:33.132,67.6000,100
34353134899447,09:32:33.134,67.6000,29
34354629400943,09:32:34.629,67.6300,200
34356131755344,09:32:36.131,67.6400,10
34356147408980,09:32:36.147,67.6400,1
34356658899939,09:32:36.658,67.6300,172
34356659131629,09:32:36.659,67.6300,228
34356659153245,09:32:36.659,67.6200,200
34356659153245,09:32:36.659,67.6200,100
34356659153245,09:32:36.659,67.6200,100
34357278280625,09:32:37.278,67.6200,21
34357278280625,09:32:37.278,67.6300,79
34358102960505,09:32:38.102,67.6300,200
34358104598782,09:32:38.104,67.6200,100
34358104598782,09:32:38.104,67.6200,100
34358143577929,09:32:38.143,67.6000,100
34358144194429,09:32:38.144,67.6000,24
34361581355539,09:32:41.581,67.6300,25
34362060994345,09:32:42.060,67.6400,100
34362060994345,09:32:42.060,67.6400,100
34362061711058,09:32:42.061,67.6500,15
34362061711058,09:32:42.061,67.6500,185
34362204573841,09:32:42.204,67.6400,25
34362204573841,09:32:42.204,67.6500,75
34362204610641,09:32:42.204,67.6500,240
34362204726764,09:32:42.204,67.6600,80
34362204726764,09:32:42.204,67.6600,100
34362304365432,09:32:42.304,67.6700,11
34362304365432,09:32:42.304,67.6700,89
34362304401896,09:32:42.304,67.6700,911
34364901567735,09:32:44.901,67.6700,16
34364901567735,09:32:44.901,67.6800,84
34364901599177,09:32:44.901,67.6800,16
34364901599177,09:32:44.901,67.6800,100
34364901599177,09:32:44.901,67.6800,27
34364901937214,09:32:44.901,67.6800,53
34364902199436,09:32:44.902,67.6900,3
34364902199436,09:32:44.902,67.6900,547
34364902207553,09:32:44.902,67.6900,207
34364902313219,09:32:44.902,67.6900,246
34364902397960,09:32:44.902,67.6900,100
34364905002662,09:32:44.905,67.7000,100
34364906042486,09:32:44.906,67.7000,45
34364907175271,09:32:44.907,67.7000,40
34364917186737,09:32:44.917,67.6900,26
34364947607992,09:32:44.947,67.7000,15
34364947607992,09:32:44.947,67.7000,100
34364955279195,09:32:44.955,67.7200,29
34364956871177,09:32:44.956,67.7300,11
34364961768292,09:32:44.961,67.7400,100
34364961768292,09:32:44.961,67.7400,100
34364961768292,09:32:44.961,67.7400,17
34365001968791,09:32:45.001,67.7400,130
34365001968791,09:32:45.001,67.7400,100
34365032564445,09:32:45.032,67.7400,100
34365032597757,09:32:45.032,67.7400,70
34365032597757,09:32:45.032,67.7300,30
34365062289064,09:32:45.062,67.7300,70
34365063812159,09:32:45.063,67.7300,10
34365249990244,09:32:45.249,67.7300,300
34365269000801,09:32:45.269,67.7200,2
34365269000801,09:32:45.269,67.7200,200
34365269000801,09:32:45.269,67.7200,198
34365269038425,09:32:45.269,67.7200,102
34365331562511,09:32:45.331,67.7200,100
34366358361040,09:32:46.358,67.6900,1
34366970704459,09:32:46.970,67.6800,15
34366970704459,09:32:46.970,67.6900,200
34366970704459,09:32:46.970,67.6900,100
34366970704459,09:32:46.970,67.6900,66
34366970704459,09:32:46.970,67.6900,100
34366970704459,09:32:46.970,67.6900,500
34366970704459,09:32:46.970,67.6900,419
34366970779292,09:32:46.970,67.6900,81
34366970788231,09:32:46.970,67.6900,81
34366970862507,09:32:46.970,67.6800,100
34366994650699,09:32:46.994,67.6900,100
34367038050875,09:32:47.038,67.7300,29
34367059865689,09:32:47.059,67.7400,200
34367061139056,09:32:47.061,67.7400,100
34367101431925,09:32:47.101,67.7300,10
34367101431925,09:32:47.101,67.7400,100
34367101431925,09:32:47.101,67.7400,90
34368061844653,09:32:48.061,67.7300,100
34368306519224,09:32:48.306,67.7500,1500
34368306519224,09:32:48.306,67.7500,21
34368306519224,09:32:48.306,67.7500,100
34368306519224,09:32:48.306,67.7500,200
34368306519224,09:32:48.306,67.7500,951
34368306569169,09:32:48.306,67.7500,49
34368306569169,09:32:48.306,67.7500,50
34368306569169,09:32:48.306,67.7500,100
34368307398923,09:32:48.307,67.7600,70
34368309792422,09:32:48.309,67.7600,1230
34368309792422,09:32:48.309,67.7500,100
34368309792422,09:32:48.309,67.7500,100
34368338505723,09:32:48.338,67.7400,100
34368799778844,09:32:48.799,67.7500,100
34368801936367,09:32:48.801,67.7600,1300
34368801936367,09:32:48.801,67.7600,100
34368801936367,09:32:48.801,67.7600,100
34368801936367,09:32:48.801,67.7500,100
34368801936367,09:32:48.801,67.7500,100
34368801936367,09:32:48.801,67.7500,100
34368801936367,09:32:48.801,67.7500,70
34368845835828,09:32:48.845,67.7400,100
34368845835828,09:32:48.845,67.7400,100
34368845835828,09:32:48.845,67.7400,100
34368872910974,09:32:48.872,67.7400,100
34369006448820,09:32:49.006,67.7300,100
34369098683802,09:32:49.098,67.7300,100
34370708128828,09:32:50.708,67.7100,100
34370708128828,09:32:50.708,67.7100,100
34370708128828,09:32:50.708,67.7100,500
34370708128828,09:32:50.708,67.7100,100
34370709299035,09:32:50.709,67.7100,100
34370709957639,09:32:50.709,67.7100,100
34370885268437,09:32:50.885,67.6900,100
34370885268437,09:32:50.885,67.6900,100
34370885268437,09:32:50.885,67.6900,100
34370885268437,09:32:50.885,67.6900,100
34371062532679,09:32:51.062,67.6900,100
34371063301661,09:32:51.063,67.6800,200
34371063301661,09:32:51.063,67.6800,100
34371064313450,09:32:51.064,67.6800,100
34371064364120,09:32:51.064,67.6800,100
34371239891375,09:32:51.239,67.6800,100
34371239891375,09:32:51.239,67.6800,100
34371239972985,09:32:51.239,67.6700,100
34371591157279,09:32:51.591,67.6650,100
34371591157279,09:32:51.591,67.6500,100
34371591157279,09:32:51.591,67.6500,100
34371943749975,09:32:51.943,67.6300,100
34371943749975,09:32:51.943,67.6300,100
34371943749975,09:32:51.943,67.6300,100
34371943749975,09:32:51.943,67.6300,100
34371943749975,09:32:51.943,67.6300,100
34371960702803,09:32:51.960,67.6100,100
34371960702803,09:32:51.960,67.6100,100
34372011254852,09:32:52.011,67.6300,100
34372108609557,09:32:52.108,67.6600,29
34372110268504,09:32:52.110,67.6700,28
34372120911628,09:32:52.120,67.6500,100
34372122796973,09:32:52.122,67.6200,200
34372122796973,09:32:52.122,67.6200,100
34372175533392,09:32:52.175,67.6400,29
34372175591053,09:32:52.175,67.6400,71
34372176413589,09:32:52.176,67.6500,100
34372176545378,09:32:52.176,67.6500,100
34372177435309,09:32:52.177,67.6800,19
34372194275092,09:32:52.194,67.6800,10
34372194275092,09:32:52.194,67.6800,90
34372242653058,09:32:52.242,67.6900,163
34372242653058,09:32:52.242,67.6900,100
34372243750179,09:32:52.243,67.6500,47
34372294074819,09:32:52.294,67.6800,100
34380090400014,09:33:00.090,67.6800,1
34380094422043,09:33:00.094,67.6800,100
34380094509471,09:33:00.094,67.6800,100
34380094509471,09:33:00.094,67.6800,100
34380094509471,09:33:00.094,67.6800,25
34380095640129,09:33:00.095,67.6800,75
34380666875712,09:33:00.666,67.6700,200
34380667037868,09:33:00.667,67.6700,100
34380667091345,09:33:00.667,67.6700,200
34380667091345,09:33:00.667,67.6700,2
34382344077143,09:33:02.344,67.6700,100
34383065451316,09:33:03.065,67.6700,22
34385397757040,09:33:05.397,67.6900,200
34385398244492,09:33:05.398,67.7000,2
34387450634339,09:33:07.450,67.7100,31
34387450634339,09:33:07.450,67.7200,148
34387451032682,09:33:07.451,67.7200,75
34388206241454,09:33:08.206,67.7000,100
34388223866909,09:33:08.223,67.7000,100
34388223866909,09:33:08.223,67.7000,100
34388293555978,09:33:08.293,67.7100,100
34388562268374,09:33:08.562,67.7000,3
34396661798878,09:33:16.661,67.6500,100
34396661798878,09:33:16.661,67.6500,100
34396661798878,09:33:16.661,67.6500,100
34396968667078,09:33:16.968,67.6400,12
34397428242030,09:33:17.428,67.6300,88
34397571558794,09:33:17.571,67.6000,100
34397572123621,09:33:17.572,67.6000,100
34397572905807,09:33:17.572,67.6000,100
34397764750785,09:33:17.764,67.6100,100
34397764750785,09:33:17.764,67.6100,100
34400844951509,09:33:20.844,67.6200,100
34400857711249,09:33:20.857,67.6200,100
34400857957123,09:33:20.857,67.6200,100
34400858066206,09:33:20.858,67.6200,100
34403150126832,09:33:23.150,67.6600,100
34406149645728,09:33:26.149,67.6700,150
34406149645728,09:33:26.149,67.6700,50
34406149674594,09:33:26.149,67.6700,106
34409178498795,09:33:29.178,67.6800,100
34410026177922,09:33:30.026,67.6800,100
34410026177922,09:33:30.026,67.6800,100
34410031490646,09:33:30.031,67.6800,100
34410031490646,09:33:30.031,67.6900,100
34410031490646,09:33:30.031,67.6900,100
34410031550177,09:33:30.031,67.6900,100
34410031550177,09:33:30.031,67.6900,100
34410031550177,09:33:30.031,67.6900,100
34410033243458,09:33:30.033,67.7000,2
34410033243458,09:33:30.033,67.7000,100
34412110457853,09:33:32.110,67.7200,120
34412110457853,09:33:32.110,67.7200,1
34412110457853,09:33:32.110,67.7200,100
34412110457853,09:33:32.110,67.7200,179
34412527629362,09:33:32.527,67.7200,21
34412527629362,09:33:32.527,67.7200,100
34422296840236,09:33:42.296,67.7400,100
34422296868568,09:33:42.296,67.7400,26
34422299879170,09:33:42.299,67.7500,100
34422299879170,09:33:42.299,67.7500,100
34424541937629,09:33:44.541,67.7700,100
34424541937629,09:33:44.541,67.7700,25
34424541937629,09:33:44.541,67.7700,100
34424542101732,09:33:44.542,67.7800,10
34424552294643,09:33:44.552,67.7900,10
34424552294643,09:33:44.552,67.7900,200
34425026468995,09:33:45.026,67.7900,100
34425026468995,09:33:45.026,67.7900,100
34425098571567,09:33:45.098,67.8000,2000
34425098571567,09:33:45.098,67.8000,3
34425098571567,09:33:45.098,67.8000,100
34425098571567,09:33:45.098,67.8000,180
34425098571567,09:33:45.098,67.8000,217
34425098640761,09:33:45.098,67.8000,83
34425098640761,09:33:45.098,67.8000,75
34425098640761,09:33:45.098,67.8000,25
34425098640761,09:33:45.098,67.8000,100
34425306633168,09:33:45.306,67.8200,43
34426399414214,09:33:46.399,67.8300,5
34426399414214,09:33:46.399,67.8300,100
34426399472319,09:33:46.399,67.8300,14
34426401657547,09:33:46.401,67.8400,15
34426401657547,09:33:46.401,67.8400,30
34426401657547,09:33:46.401,67.8400,150
34426401695384,09:33:46.401,67.8400,350
34426401695384,09:33:46.401,67.8400,60
34426419293134,09:33:46.419,67.8400,200
34426419293134,09:33:46.419,67.8400,50
34426505038859,09:33:46.505,67.8300,2
34427888963328,09:33:47.888,67.8400,50
34428007833063,09:33:48.007,67.8300,1
34428007833063,09:33:48.007,67.8300,1
34428007833063,09:33:48.007,67.8300,100
34430756925454,09:33:50.756,67.8300,100
34431206848555,09:33:51.206,67.8200,100
34431207950169,09:33:51.207,67.8200,100
34431207950169,09:33:51.207,67.8200,300
34431207950169,09:33:51.207,67.8200,300
34431207950169,09:33:51.207,67.8200,1
34431207950169,09:33:51.207,67.8200,100
34431207950169,09:33:51.207,67.8200,100
34431207950169,09:33:51.207,67.8200,100
34431207996403,09:33:51.207,67.8100,100
34431387238789,09:33:51.387,67.8000,100
34431390812834,09:33:51.390,67.8000,100
34431406302015,09:33:51.406,67.8000,100
34431524320760,09:33:51.524,67.8000,100
34432900883219,09:33:52.900,67.8000,100
34432900883219,09:33:52.900,67.8000,100
34434093191290,09:33:54.093,67.8100,79
34436067378957,09:33:56.067,67.7900,200
34436067420251,09:33:56.067,67.7900,100
34438724942803,09:33:58.724,67.8100,38
34438724942803,09:33:58.724,67.8100,100
34441057396083,09:34:01.057,67.8450,100
34441063010150,09:34:01.063,67.8450,100
34441183362664,09:34:01.183,67.8400,200
34441247488913,09:34:01.247,67.8400,100
34441262735208,09:34:01.262,67.8400,100
34441262735208,09:34:01.262,67.8400,100
34445046558088,09:34:05.046,67.8500,50
34445046558088,09:34:05.046,67.8500,2895
34445046558088,09:34:05.046,67.8500,50
34445046558088,09:34:05.046,67.8500,100
34445046604719,09:34:05.046,67.8500,100
34445046604719,09:34:05.046,67.8500,100
34445046618708,09:34:05.046,67.8450,22
34445047099028,09:34:05.047,67.8500,100
34445048246098,09:34:05.048,67.8500,100
34445322412443,09:34:05.322,67.8400,100
34445322412443,09:34:05.322,67.8400,2
34445322412443,09:34:05.322,67.8400,100
34445322412443,09:34:05.322,67.8400,100
34445322412443,09:34:05.322,67.8400,200
34445323296419,09:34:05.323,67.8300,400
34445323296419,09:34:05.323,67.8300,1100
34445323296419,09:34:05.323,67.8300,100
34445323296419,09:34:05.323,67.8300,1
34445323296419,09:34:05.323,67.8300,100
34445323296419,09:34:05.323,67.8300,100
34445336327034,09:34:05.336,67.8200,100
34445458608652,09:34:05.458,67.8200,100
34447521092840,09:34:07.521,67.8100,200
34447521624377,09:34:07.521,67.8000,100
34447521652270,09:34:07.521,67.8000,100
34448790651668,09:34:08.790,67.7900,400
34448790651668,09:34:08.790,67.7900,100
34448790651668,09:34:08.790,67.7900,100
34450655644022,09:34:10.655,67.7700,100
34450655670187,09:34:10.655,67.7700,100
34450655670187,09:34:10.655,67.7700,100
34451418403278,09:34:11.418,67.7500,100
34451418403278,09:34:11.418,67.7500,100
34452989934935,09:34:12.989,67.7200,100
34452989934935,09:34:12.989,67.7200,100
34452994157616,09:34:12.994,67.7200,100
34452994157616,09:34:12.994,67.7200,100
34452994244956,09:34:12.994,67.7200,100
34456588044986,09:34:16.588,67.7500,100
34456588119387,09:34:16.588,67.7500,100
34458308684544,09:34:18.308,67.7500,129
34458309978512,09:34:18.309,67.7600,200
34459869249572,09:34:19.869,67.7500,100
34459869548424,09:34:19.869,67.7500,2
34464353131499,09:34:24.353,67.7500,78
34464353177778,09:34:24.353,67.7500,22
34468041117336,09:34:28.041,67.7600,100
34469984749380,09:34:29.984,67.7800,100
34470028508127,09:34:30.028,67.7900,120
34470422880534,09:34:30.422,67.8000,100
34470422880534,09:34:30.422,67.8000,100
34477351966561,09:34:37.351,67.8300,336
34477351966561,09:34:37.351,67.8300,100
34477574883302,09:34:37.574,67.8300,42
34477576563509,09:34:37.576,67.8300,58
34478317398234,09:34:38.317,67.8300,70
34482893029083,09:34:42.893,67.8400,100
34484162216258,09:34:44.162,67.8400,100
34484452029163,09:34:44.452,67.8400,2
34484766633403,09:34:44.766,67.8300,200
34484766633403,09:34:44.766,67.8300,1
34484767432305,09:34:44.767,67.8200,20
34484767470422,09:34:44.767,67.8200,80
34484767470422,09:34:44.767,67.8200,98
34484767542671,09:34:44.767,67.8200,2
34484767542671,09:34:44.767,67.8200,100
34484767542671,09:34:44.767,67.8200,98
34484767852426,09:34:44.767,67.8200,2
34484767852426,09:34:44.767,67.8200,100
34484767852426,09:34:44.767,67.8200,100
34484767855953,09:34:44.767,67.8200,121
34484767883417,09:34:44.767,67.8200,202
34484767889909,09:34:44.767,67.8200,5
34484768563551,09:34:44.768,67.8200,200
34488204141137,09:34:48.204,67.8400,38
34488204141137,09:34:48.204,67.8400,2
34488952123877,09:34:48.952,67.8400,100
34494252024979,09:34:54.252,67.8300,150
34494272139662,09:34:54.272,67.8300,50
34494272139662,09:34:54.272,67.8300,50
34495274213931,09:34:55.274,67.8300,250
34495431128215,09:34:55.431,67.8200,100
34495431128215,09:34:55.431,67.8200,100
34495431128215,09:34:55.431,67.8200,400
34495431128215,09:34:55.431,67.8200,100
34495431224454,09:34:55.431,67.8200,72
34495510530025,09:34:55.510,67.8100,100
34496105602677,09:34:56.105,67.8000,100
34498877389727,09:34:58.877,67.8000,100
34498877389727,09:34:58.877,67.8000,157
34498877421902,09:34:58.877,67.8000,43
34498877421902,09:34:58.877,67.8000,200
34498877421902,09:34:58.877,67.8000,1
34501164016970,09:35:01.164,67.7900,2
34501164016970,09:35:01.164,67.7900,98
34501164384702,09:35:01.164,67.7900,2
34501341309076,09:35:01.341,67.7800,400
34501341472271,09:35:01.341,67.7800,100
34502438694956,09:35:02.438,67.7800,10
34502438694956,09:35:02.438,67.7800,90
34502438769459,09:35:02.438,67.7800,10
34506707850958,09:35:06.707,67.8000,200
34506708478273,09:35:06.708,67.7900,100
34506708795659,09:35:06.708,67.7900,100
34515540505130,09:35:15.540,67.7700,100
34515540505130,09:35:15.540,67.7700,100
34517085916594,09:35:17.085,67.7800,100
34517085916594,09:35:17.085,67.7800,100
34517086064307,09:35:17.086,67.7800,200
34519495888295,09:35:19.495,67.7700,100
34519498173994,09:35:19.498,67.7600,1
34525038905060,09:35:25.038,67.7600,99
34525038905060,09:35:25.038,67.7600,69
34525038937186,09:35:25.038,67.7600,31
34525038937186,09:35:25.038,67.7600,100
34525038937186,09:35:25.038,67.7600,2
34525039969885,09:35:25.039,67.7500,100
34525040007024,09:35:25.040,67.7500,100
34525040007024,09:35:25.040,67.7500,48
34525040018596,09:35:25.040,67.7500,52
34525060353002,09:35:25.060,67.7500,52
34525130371834,09:35:25.130,67.7500,100
34525131303128,09:35:25.131,67.7600,100
34525190037177,09:35:25.190,67.7600,1
34525744017409,09:35:25.744,67.7700,100
34525744017409,09:35:25.744,67.7700,100
34526470521103,09:35:26.470,67.7500,100
34527893507396,09:35:27.893,67.7500,100
34528854920760,09:35:28.854,67.7500,100
34528857328406,09:35:28.857,67.7400,100
34528857694805,09:35:28.857,67.7400,200
34530061013807,09:35:30.061,67.7500,200
34530102876972,09:35:30.102,67.7500,100
34531462060766,09:35:31.462,67.7500,200
34531462060766,09:35:31.462,67.7500,100
34533555316771,09:35:33.555,67.7500,100
34533559407502,09:35:33.559,67.7600,100
34533559576638,09:35:33.559,67.7600,100
34533768196788,09:35:33.768,67.7600,100
34533769151230,09:35:33.769,67.7600,100
34533769151230,09:35:33.769,67.7600,100
34533769481445,09:35:33.769,67.7600,100
34533896746438,09:35:33.896,67.7700,100
34534594898445,09:35:34.594,67.7900,100
34534849968323,09:35:34.849,67.7800,100
34535130707357,09:35:35.130,67.7800,200
34535130707357,09:35:35.130,67.7800,100
34535130774927,09:35:35.130,67.7800,500
34535909274470,09:35:35.909,67.7800,100
34535909274470,09:35:35.909,67.7800,100
34536748558940,09:35:36.748,67.7700,100
34536748617893,09:35:36.748,67.7700,100
34539233122825,09:35:39.233,67.7800,100
34539233122825,09:35:39.233,67.7800,1
34542488739862,09:35:42.488,67.7800,100
34542488739862,09:35:42.488,67.7800,100
34542488772839,09:35:42.488,67.7800,100
34542513657137,09:35:42.513,67.8000,100
34542513694226,09:35:42.513,67.8000,30
34542513696760,09:35:42.513,67.8000,100
34544809582212,09:35:44.809,67.8000,100
34544912645642,09:35:44.912,67.8000,100
34545398159745,09:35:45.398,67.8100,100
34545398159745,09:35:45.398,67.8100,100
34545398159745,09:35:45.398,67.8100,100
34545765022539,09:35:45.765,67.8100,100
34545765022539,09:35:45.765,67.8100,100
34545765022539,09:35:45.765,67.8100,100
34545765410535,09:35:45.765,67.8100,2
34545765410535,09:35:45.765,67.8100,100
34545766281806,09:35:45.766,67.8100,100
34545766686727,09:35:45.766,67.8000,100
34545766686727,09:35:45.766,67.8000,100
34545766686727,09:35:45.766,67.8000,1
34545766686727,09:35:45.766,67.8000,100
34547075768620,09:35:47.075,67.8000,100
34547075960928,09:35:47.075,67.8000,100
34547076013358,09:35:47.076,67.8000,200
34547076687311,09:35:47.076,67.8000,100
34547076809151,09:35:47.076,67.8000,100
34547076809151,09:35:47.076,67.8000,100
34547076809151,09:35:47.076,67.8000,100
34548213712549,09:35:48.213,67.7800,1
34548213738097,09:35:48.213,67.7800,99
34548218799225,09:35:48.218,67.7700,100
34548765097923,09:35:48.765,67.7600,100
34550060442360,09:35:50.060,67.7600,100
34550060442360,09:35:50.060,67.7600,100
34550060442360,09:35:50.060,67.7600,500
34551548588330,09:35:51.548,67.7600,100
34555049997393,09:35:55.049,67.7600,100
34555532325276,09:35:55.532,67.7600,100
34555914649919,09:35:55.914,67.7500,100
34557361692456,09:35:57.361,67.7400,100
34557361692456,09:35:57.361,67.7400,100
34557361692456,09:35:57.361,67.7400,100
34557362260599,09:35:57.362,67.7300,100
34557362260599,09:35:57.362,67.7300,3
34558255422781,09:35:58.255,67.7200,100
34558255422781,09:35:58.255,67.7200,2
34558276153839,09:35:58.276,67.7100,100
34558280885177,09:35:58.280,67.7100,100
34558280885177,09:35:58.280,67.7100,100
34558295298716,09:35:58.295,67.7200,100
34558295346671,09:35:58.295,67.7200,100
34558299762382,09:35:58.299,67.7300,100
34561513426119,09:36:01.513,67.7300,100
34561513426119,09:36:01.513,67.7300,100
34565716944181,09:36:05.716,67.7300,100
34565716944181,09:36:05.716,67.7300,100
34566131245819,09:36:06.131,67.7400,100
34566819349494,09:36:06.819,67.7500,200
34567622253435,09:36:07.622,67.7500,120
34567622253435,09:36:07.622,67.7500,80
34567622504537,09:36:07.622,67.7500,20
34567622504537,09:36:07.622,67.7500,1
34569136010493,09:36:09.136,67.7500,100
34569136010493,09:36:09.136,67.7500,100
34572769325403,09:36:12.769,67.7400,100
34572771517365,09:36:12.771,67.7400,100
34572771517365,09:36:12.771,67.7400,100
34572771517365,09:36:12.771,67.7400,100
34572902850561,09:36:12.902,67.7300,100
34576609855156,09:36:16.609,67.7300,100
34576863295320,09:36:16.863,67.7200,200
34576863295320,09:36:16.863,67.7200,100
34576877971922,09:36:16.877,67.7200,100
34576878689500,09:36:16.878,67.7200,100
34576878689500,09:36:16.878,67.7200,100
34576878689500,09:36:16.878,67.7200,100
34576878689500,09:36:16.878,67.7200,100
34576879782419,09:36:16.879,67.7100,200
34576879782419,09:36:16.879,67.7100,100
34576879782419,09:36:16.879,67.7100,200
34577075599317,09:36:17.075,67.7200,100
34577133110620,09:36:17.133,67.7200,187
34579627561740,09:36:19.627,67.7300,100
34579627625002,09:36:19.627,67.7300,200
34579628262449,09:36:19.628,67.7300,100
34579628262449,09:36:19.628,67.7300,100
34579628262449,09:36:19.628,67.7300,100
34579628262449,09:36:19.628,67.7300,100
34579628295852,09:36:19.628,67.7300,100
34579678561788,09:36:19.678,67.7300,100
34586196399668,09:36:26.196,67.7300,100
34586196442027,09:36:26.196,67.7300,100
34586196442027,09:36:26.196,67.7300,200
34586197013359,09:36:26.197,67.7300,100
34587206867464,09:36:27.206,67.7400,100
34587206867464,09:36:27.206,67.7400,100
34587206867464,09:36:27.206,67.7400,100
34587690925899,09:36:27.690,67.7400,100
34589135635449,09:36:29.135,67.7500,200
34589135635449,09:36:29.135,67.7500,600
34589172139878,09:36:29.172,67.7700,100
34590491454095,09:36:30.491,67.7700,500
34590491454095,09:36:30.491,67.7700,100
34590491454095,09:36:30.491,67.7700,100
34592782196483,09:36:32.782,67.7700,100
34592782196483,09:36:32.782,67.7700,7
34592782196483,09:36:32.782,67.7700,100
34592782196483,09:36:32.782,67.7700,93
34592782382241,09:36:32.782,67.7700,7
34594013084181,09:36:34.013,67.7600,100
34594915673652,09:36:34.915,67.7700,100
34594915733676,09:36:34.915,67.7700,100
34595850348033,09:36:35.850,67.7800,100
34595850348033,09:36:35.850,67.7800,200
34595850348033,09:36:35.850,67.7800,100
34595850348033,09:36:35.850,67.7800,200
34597060320495,09:36:37.060,67.7900,100
34597060320495,09:36:37.060,67.7900,100
34597060320495,09:36:37.060,67.7900,100
34597063382059,09:36:37.063,67.8000,500
34598877463610,09:36:38.877,67.8000,100
34598877463610,09:36:38.877,67.8000,100
34598877463610,09:36:38.877,67.8000,100
34598877463610,09:36:38.877,67.8000,100
34598882864663,09:36:38.882,67.7900,4
34598885441187,09:36:38.885,67.7800,8
34599251189862,09:36:39.251,67.7800,200
34599382286219,09:36:39.382,67.7800,100
34599382286219,09:36:39.382,67.7800,100
34600060570449,09:36:40.060,67.7800,100
34601251684404,09:36:41.251,67.7700,200
34601251684404,09:36:41.251,67.7700,100
34602979586920,09:36:42.979,67.7700,200
34602984979412,09:36:42.984,67.7700,200
34604337486273,09:36:44.337,67.7700,100
34604788528488,09:36:44.788,67.7700,100
34606413318451,09:36:46.413,67.7600,100
34606413318451,09:36:46.413,67.7600,100
34606413318451,09:36:46.413,67.7600,1
34606413318451,09:36:46.413,67.7600,100
34606413318451,09:36:46.413,67.7600,99
34606413435149,09:36:46.413,67.7600,1
34607131058258,09:36:47.131,67.7500,100
34616658073499,09:36:56.658,67.7400,100
34616658073499,09:36:56.658,67.7400,100
34616658073499,09:36:56.658,67.7400,100
34616658073499,09:36:56.658,67.7400,42
34616658073499,09:36:56.658,67.7400,100
34617019687493,09:36:57.019,67.7200,100
34617019687493,09:36:57.019,67.7200,100
34617019687493,09:36:57.019,67.7200,200
34617030581808,09:36:57.030,67.7100,100
34617059923727,09:36:57.059,67.7100,100
34618978113206,09:36:58.978,67.7000,100
34619351324518,09:36:59.351,67.6800,100
34619351366049,09:36:59.351,67.6800,100
34620063587503,09:37:00.063,67.6700,100
34620063587503,09:37:00.063,67.6700,200
34620063661883,09:37:00.063,67.6700,100
34622590324095,09:37:02.590,67.6900,2
34623063129043,09:37:03.063,67.6900,100
34623063272605,09:37:03.063,67.6900,98
34623063297037,09:37:03.063,67.6900,98
34623063487832,09:37:03.063,67.6900,2
34624811821402,09:37:04.811,67.6900,100
34624822765945,09:37:04.822,67.6900,100
34626919810633,09:37:06.919,67.6800,100
34626919810633,09:37:06.919,67.6800,100
34627500160170,09:37:07.500,67.6600,100
34627500160170,09:37:07.500,67.6600,75
34627500190481,09:37:07.500,67.6600,25
34628694754890,09:37:08.694,67.6700,100
34628694754890,09:37:08.694,67.6700,100
34633060057952,09:37:13.060,67.6700,100
34633060057952,09:37:13.060,67.6700,100
34633060138637,09:37:13.060,67.6700,100
34633060347664,09:37:13.060,67.6700,100
34633060411701,09:37:13.060,67.6700,100
34635152135523,09:37:15.152,67.6800,100
34635152135523,09:37:15.152,67.6800,8
34635163701493,09:37:15.163,67.6900,100
34637130353129,09:37:17.130,67.7000,100
34641598198072,09:37:21.598,67.7000,100
34642791642341,09:37:22.791,67.7200,100
34644568672933,09:37:24.568,67.7300,200
34644568672933,09:37:24.568,67.7300,100
34644913425870,09:37:24.913,67.7300,100
34644913425870,09:37:24.913,67.7300,100
34644933471176,09:37:24.933,67.7200,99
34644933488132,09:37:24.933,67.7200,101
34644933488132,09:37:24.933,67.7200,99
34644933530072,09:37:24.933,67.7200,1
34644934161493,09:37:24.934,67.7200,200
34644934161493,09:37:24.934,67.7200,200
34644934161493,09:37:24.934,67.7200,100
34644934161493,09:37:24.934,67.7200,100
34644934161493,09:37:24.934,67.7200,200
34644934161493,09:37:24.934,67.7200,100
34644934161493,09:37:24.934,67.7200,100
34644934161493,09:37:24.934,67.7200,100
34644934161493,09:37:24.934,67.7300,100
34644934161493,09:37:24.934,67.7300,100
34644934161493,09:37:24.934,67.7300,100
34644934161493,09:37:24.934,67.7300,100
34644934161493,09:37:24.934,67.7300,18
34644934316529,09:37:24.934,67.7200,98
34644934340859,09:37:24.934,67.7200,2
34644934500963,09:37:24.934,67.7200,200
34644934623499,09:37:24.934,67.7200,100
34644935728018,09:37:24.935,67.7200,2
34645889025576,09:37:25.889,67.7200,4
34647202274505,09:37:27.202,67.7300,82
34647202457547,09:37:27.202,67.7400,100
34647202457547,09:37:27.202,67.7400,51
34647202792215,09:37:27.202,67.7400,49
34647202792215,09:37:27.202,67.7400,100
34647202792215,09:37:27.202,67.7400,100
34647209636088,09:37:27.209,67.7400,100
34648061899101,09:37:28.061,67.7500,100
34648061899101,09:37:28.061,67.7500,100
34648061899101,09:37:28.061,67.7500,100
34648131721427,09:37:28.131,67.7500,100
34648251105858,09:37:28.251,67.7400,100
34648251105858,09:37:28.251,67.7400,100
34651132161341,09:37:31.132,67.7400,99
34651156186947,09:37:31.156,67.7500,100
34659656293776,09:37:39.656,67.7400,200
34659658650245,09:37:39.658,67.7400,200
34659658650245,09:37:39.658,67.7400,100
34659658650245,09:37:39.658,67.7400,100
34659658650245,09:37:39.658,67.7400,100
34661130922427,09:37:41.130,67.7400,100
34662775261623,09:37:42.775,67.7400,100
34663122314837,09:37:43.122,67.7500,100
34663122823513,09:37:43.122,67.7500,100
34663122823513,09:37:43.122,67.7500,100
34663127886758,09:37:43.127,67.7400,100
34666249189906,09:37:46.249,67.7400,100
34666249189906,09:37:46.249,67.7400,100
34667401448774,09:37:47.401,67.7300,100
34667401459789,09:37:47.401,67.7300,100
34667401461094,09:37:47.401,67.7300,96
34667401483807,09:37:47.401,67.7300,4
34667401483807,09:37:47.401,67.7300,96
34667401491139,09:37:47.401,67.7300,104
34667402053629,09:37:47.402,67.7200,69
34667402062045,09:37:47.402,67.7200,127
34667402062045,09:37:47.402,67.7200,100
34668934872899,09:37:48.934,67.7200,100
34668934872899,09:37:48.934,67.7200,100
34670016828601,09:37:50.016,67.7000,100
34670016962302,09:37:50.016,67.7000,100
34670017219045,09:37:50.017,67.7000,100
34670435761916,09:37:50.435,67.6900,2
34671125068432,09:37:51.125,67.7100,100
34672162928403,09:37:52.162,67.7100,100
34672162928403,09:37:52.162,67.7100,100
34672162928403,09:37:52.162,67.7100,100
34672162928403,09:37:52.162,67.7100,100
34676005135656,09:37:56.005,67.7200,114
34676005147310,09:37:56.005,67.7200,8
34676005147310,09:37:56.005,67.7200,100
34676005147310,09:37:56.005,67.7200,100
34676005279528,09:37:56.005,67.7200,100
34676005367327,09:37:56.005,67.7200,100
34677181106828,09:37:57.181,67.7300,25
34677181106828,09:37:57.181,67.7300,100
34678132513400,09:37:58.132,67.7300,10
34678931319412,09:37:58.931,67.7300,100
34678931319412,09:37:58.931,67.7300,290
34678931852507,09:37:58.931,67.7300,100
34681032398064,09:38:01.032,67.7200,100
34681075186721,09:38:01.075,67.7100,100
34681075417421,09:38:01.075,67.7100,92
34681075471546,09:38:01.075,67.7100,8
34685753606430,09:38:05.753,67.7200,1
34685753606430,09:38:05.753,67.7200,99
34686612870382,09:38:06.612,67.7100,100
34686612870382,09:38:06.612,67.7100,100
34686634582626,09:38:06.634,67.7200,10
34687614308032,09:38:07.614,67.7200,100
34692072596339,09:38:12.072,67.7100,100
34703061517630,09:38:23.061,67.7200,100
34703068118761,09:38:23.068,67.7300,100
34703068118761,09:38:23.068,67.7300,100
34703085404292,09:38:23.085,67.7300,100
34703516865109,09:38:23.516,67.7200,100
34703516865109,09:38:23.516,67.7200,100
34704012156848,09:38:24.012,67.7200,2
34713142786589,09:38:33.142,67.7200,100
34713145364233,09:38:33.145,67.7200,100
34715745996338,09:38:35.745,67.7200,1
34715745996338,09:38:35.745,67.7200,100
34715745996338,09:38:35.745,67.7200,100
34715745996338,09:38:35.745,67.7200,99
34715747205708,09:38:35.747,67.7200,1
34715750156819,09:38:35.750,67.7100,100
34715750156819,09:38:35.750,67.7100,99
34719337916382,09:38:39.337,67.7300,100
34719337916382,09:38:39.337,67.7300,100
34719337916382,09:38:39.337,67.7300,100
34719337916382,09:38:39.337,67.7300,100
34719338618246,09:38:39.338,67.7300,100
34719979027340,09:38:39.979,67.7400,200
34719979027340,09:38:39.979,67.7400,100
34719979027340,09:38:39.979,67.7400,100
34719979027340,09:38:39.979,67.7400,100
34719979027340,09:38:39.979,67.7400,100
34719979112245,09:38:39.979,67.7400,100
34719979157268,09:38:39.979,67.7400,100
34720060179657,09:38:40.060,67.7400,100
34720060179657,09:38:40.060,67.7400,100
34720060179657,09:38:40.060,67.7400,100
34724016698150,09:38:44.016,67.7300,100
34724016698150,09:38:44.016,67.7300,100
34727385599105,09:38:47.385,67.7300,300
34729111801245,09:38:49.111,67.7300,100
34730737049352,09:38:50.737,67.7200,100
34730737049352,09:38:50.737,67.7200,100
34730737049352,09:38:50.737,67.7200,100
34730737049352,09:38:50.737,67.7200,2
34731061557689,09:38:51.061,67.7200,100
34731128599422,09:38:51.128,67.7100,79
34732340658012,09:38:52.340,67.7000,100
34732340658012,09:38:52.340,67.7000,100
34732340668591,09:38:52.340,67.7000,100
34732340668591,09:38:52.340,67.7000,15
34732340668591,09:38:52.340,67.7000,100
34732341212025,09:38:52.341,67.6900,100
34732341914122,09:38:52.341,67.6800,100
34733132735734,09:38:53.132,67.6800,100
34737437181795,09:38:57.437,67.6800,100
34737437181795,09:38:57.437,67.6800,100
34737437181795,09:38:57.437,67.6800,100
34737497335080,09:38:57.497,67.6800,100
34742528717471,09:39:02.528,67.6700,170
34742528722735,09:39:02.528,67.6700,30
34742528722735,09:39:02.528,67.6700,1
34746394550266,09:39:06.394,67.6700,100
34746394721618,09:39:06.394,67.6700,2
34746643000223,09:39:06.643,67.6800,100
34746643000223,09:39:06.643,67.6800,100
34747131542693,09:39:07.131,67.6800,200
34747347070414,09:39:07.347,67.7100,200
34747347070414,09:39:07.347,67.7100,100
34747347950271,09:39:07.347,67.7100,100
34747347950271,09:39:07.347,67.7100,100
34755581371655,09:39:15.581,67.7200,100
34755581375695,09:39:15.581,67.7200,100
34758932601638,09:39:18.932,67.7300,100
34759127142609,09:39:19.127,67.7200,100
34759127142609,09:39:19.127,67.7200,200
34762678237042,09:39:22.678,67.7200,100
34762678237042,09:39:22.678,67.7200,134
34762679005572,09:39:22.679,67.7200,100
34762679005572,09:39:22.679,67.7200,100
34762679005572,09:39:22.679,67.7200,100
34762679005572,09:39:22.679,67.7200,100
34762681994797,09:39:22.681,67.7200,100
34762681994797,09:39:22.681,67.7200,100
34762681994797,09:39:22.681,67.7200,100
34762681994797,09:39:22.681,67.7200,100
34762681994797,09:39:22.681,67.7200,100
34762681994797,09:39:22.681,67.7200,100
34762681994797,09:39:22.681,67.7200,100
34762932003063,09:39:22.932,67.7300,100
34762932003063,09:39:22.932,67.7300,100
34762962429474,09:39:22.962,67.7300,200
34763870504629,09:39:23.870,67.7300,200
34763870504629,09:39:23.870,67.7300,100
34763870504629,09:39:23.870,67.7300,100
34763870504629,09:39:23.870,67.7300,100
34764187432007,09:39:24.187,67.7300,100
34764187432007,09:39:24.187,67.7300,100
34764187432007,09:39:24.187,67.7300,100
34764187432007,09:39:24.187,67.7300,100
34767497289965,09:39:27.497,67.7300,2
34767497289965,09:39:27.497,67.7300,98
34767497459785,09:39:27.497,67.7300,2
34767502340497,09:39:27.502,67.7200,100
34767502340497,09:39:27.502,67.7200,200
34767502340497,09:39:27.502,67.7200,100
34767502340497,09:39:27.502,67.7200,100
34783060452026,09:39:43.060,67.7400,100
34783060452026,09:39:43.060,67.7400,100
34783060452026,09:39:43.060,67.7400,100
34784761151061,09:39:44.761,67.7400,100
34784761151061,09:39:44.761,67.7400,1
34784761151061,09:39:44.761,67.7400,99
34784761657997,09:39:44.761,67.7400,1
34786085586180,09:39:46.085,67.7400,100
34786085586180,09:39:46.085,67.7400,100
34786085586180,09:39:46.085,67.7400,100
34791180341053,09:39:51.180,67.7400,100
34791849302036,09:39:51.849,67.7400,12
34792160223583,09:39:52.160,67.7400,88
34792160223583,09:39:52.160,67.7400,12
34792160480941,09:39:52.160,67.7400,88
34792160480941,09:39:52.160,67.7400,100
34792257856102,09:39:52.257,67.7400,100
34792257856102,09:39:52.257,67.7400,100
34794251630446,09:39:54.251,67.7400,1
34794251630446,09:39:54.251,67.7400,100
34795202188310,09:39:55.202,67.7400,100
34795898940449,09:39:55.898,67.7400,100
34795898940449,09:39:55.898,67.7400,100
34797250844287,09:39:57.250,67.7400,100
34798245730013,09:39:58.245,67.7500,100
34798245730013,09:39:58.245,67.7500,300
34800572974678,09:40:00.572,67.7400,100
34800572974678,09:40:00.572,67.7400,100
34800572974678,09:40:00.572,67.7400,100
34800696685494,09:40:00.696,67.7500,15
34800696685494,09:40:00.696,67.7500,100
34800697104228,09:40:00.697,67.7500,100
34800950598858,09:40:00.950,67.7600,100
34800950598858,09:40:00.950,67.7600,5
34800950598858,09:40:00.950,67.7600,95
34800950854495,09:40:00.950,67.7600,1
34800951811580,09:40:00.951,67.7600,4
34800951811580,09:40:00.951,67.7600,100
34802251510863,09:40:02.251,67.7500,100
34805995068381,09:40:05.995,67.7400,18
34806608974255,09:40:06.608,67.7400,82
34806608974255,09:40:06.608,67.7400,400
34806608974255,09:40:06.608,67.7400,100
34806608974255,09:40:06.608,67.7400,100
34806609407012,09:40:06.609,67.7500,36
34806609421678,09:40:06.609,67.7500,64
34806609421678,09:40:06.609,67.7500,100
34806622424143,09:40:06.622,67.7600,100
34806622424143,09:40:06.622,67.7600,100
34807119639822,09:40:07.119,67.7700,90
34807641752038,09:40:07.641,67.7700,100
34807871562487,09:40:07.871,67.7700,100
34809250989812,09:40:09.250,67.7700,100
34809252059490,09:40:09.252,67.7600,200
34809252059490,09:40:09.252,67.7600,100
34809252059490,09:40:09.252,67.7600,100
34809252833188,09:40:09.252,67.7600,29
34809837022932,09:40:09.837,67.7600,4
34810983785463,09:40:10.983,67.7500,3
34810983785463,09:40:10.983,67.7500,97
34810983908019,09:40:10.983,67.7500,3
34810983908019,09:40:10.983,67.7500,100
34813169104871,09:40:13.169,67.7500,100
34813169272326,09:40:13.169,67.7500,2
34813169337175,09:40:13.169,67.7500,2
34813169538782,09:40:13.169,67.7500,100
34813223014706,09:40:13.223,67.7500,1100
34813243451290,09:40:13.243,67.7400,100
34813834921471,09:40:13.834,67.7400,100
34814831640053,09:40:14.831,67.7400,500
34814831640053,09:40:14.831,67.7400,100
34816005277497,09:40:16.005,67.7500,100
34816005277497,09:40:16.005,67.7500,100
34816005277497,09:40:16.005,67.7500,100
34817130574193,09:40:17.130,67.7500,100
34820189346006,09:40:20.189,67.7400,100
34820189346006,09:40:20.189,67.7400,100
34820189346006,09:40:20.189,67.7400,100
34820189346006,09:40:20.189,67.7400,348
34820189403443,09:40:20.189,67.7400,357
34820189877709,09:40:20.189,67.7400,195
34820190899026,09:40:20.190,67.7400,100
34820232100207,09:40:20.232,67.7300,100
34820232100207,09:40:20.232,67.7300,25
34820232142449,09:40:20.232,67.7300,75
34820232142449,09:40:20.232,67.7300,100
34820232142449,09:40:20.232,67.7300,1
34820232142449,09:40:20.232,67.7300,52
34820232158114,09:40:20.232,67.7300,48
34820762421844,09:40:20.762,67.7300,200
34820762421844,09:40:20.762,67.7300,100
34820762421844,09:40:20.762,67.7300,300
34821263924691,09:40:21.263,67.7400,100
34821263924691,09:40:21.263,67.7400,100
34826131664387,09:40:26.131,67.7400,100
34826165980247,09:40:26.165,67.7400,100
34826165980247,09:40:26.165,67.7400,100
34826165980247,09:40:26.165,67.7400,100
34826166060617,09:40:26.166,67.7400,100
34827454716610,09:40:27.454,67.7300,100
34827454716610,09:40:27.454,67.7300,100
34827454716610,09:40:27.454,67.7300,100
34827454716610,09:40:27.454,67.7300,100
34827454716610,09:40:27.454,67.7300,100
34827454716610,09:40:27.454,67.7300,100
34832076910734,09:40:32.076,67.7200,100
34832076952324,09:40:32.076,67.7200,100
34832077257098,09:40:32.077,67.7200,200
34832088925376,09:40:32.088,67.7100,100
34837146795722,09:40:37.146,67.7000,200
34837146795722,09:40:37.146,67.7000,100
34837146795722,09:40:37.146,67.7000,200
34837146795722,09:40:37.146,67.7000,100
34837146872281,09:40:37.146,67.7000,100
34837146878168,09:40:37.146,67.7000,98
34837147118275,09:40:37.147,67.7000,100
34838024058294,09:40:38.024,67.7000,94
34838061712843,09:40:38.061,67.7000,6
34838061712843,09:40:38.061,67.7000,94
34839014303168,09:40:39.014,67.7000,100
34839014325542,09:40:39.014,67.7000,100
34839014325542,09:40:39.014,67.7000,2
34839028225098,09:40:39.028,67.7100,87
34840263381893,09:40:40.263,67.7150,100
34840263381893,09:40:40.263,67.7200,100
34840263381893,09:40:40.263,67.7200,100
34840460144858,09:40:40.460,67.7100,100
34840460144858,09:40:40.460,67.7100,100
34840460144858,09:40:40.460,67.7100,100
34840460313490,09:40:40.460,67.7100,100
34845131831305,09:40:45.131,67.7200,100
34845245683490,09:40:45.245,67.7200,100
34849071492845,09:40:49.071,67.7100,100
34849071492845,09:40:49.071,67.7100,100
34849131479943,09:40:49.131,67.7100,100
34849273700788,09:40:49.273,67.7000,100
34854132344582,09:40:54.132,67.7100,100
34854132411930,09:40:54.132,67.7100,100
34854132411930,09:40:54.132,67.7100,100
34854139987872,09:40:54.139,67.7200,100
34854139987872,09:40:54.139,67.7200,100
34854139987872,09:40:54.139,67.7200,100
34855662469889,09:40:55.662,67.7200,17
34855662469889,09:40:55.662,67.7200,100
34855662469889,09:40:55.662,67.7200,83
34855663070324,09:40:55.663,67.7200,17
34861893281762,09:41:01.893,67.7200,100
34861893281762,09:41:01.893,67.7200,1
34861893281762,09:41:01.893,67.7200,100
34861893281762,09:41:01.893,67.7200,199
34861893495292,09:41:01.893,67.7200,1
34862428658877,09:41:02.428,67.7200,100
34871327705244,09:41:11.327,67.7100,100
34871328048660,09:41:11.328,67.7100,100
34871958479125,09:41:11.958,67.7100,100
34871958479125,09:41:11.958,67.7100,100
34875369080103,09:41:15.369,67.7100,87
34875369108889,09:41:15.369,67.7100,13
34875369108889,09:41:15.369,67.7100,200
34876157728886,09:41:16.157,67.7200,100
34876157728886,09:41:16.157,67.7200,100
34876163492225,09:41:16.163,67.7300,100
34876163492225,09:41:16.163,67.7300,100
34876273055778,09:41:16.273,67.7300,100
34877958639215,09:41:17.958,67.7200,100
34877958639215,09:41:17.958,67.7200,100
34878272199945,09:41:18.272,67.7100,100
34878272199945,09:41:18.272,67.7100,200
34878274145880,09:41:18.274,67.7100,100
34878810835658,09:41:18.810,67.7200,100
34878810835658,09:41:18.810,67.7200,100
34879183103257,09:41:19.183,67.7300,93
34879183133231,09:41:19.183,67.7300,7
34880930781219,09:41:20.930,67.7300,7
34880930781219,09:41:20.930,67.7300,93
34881273031710,09:41:21.273,67.7300,7
34881273031710,09:41:21.273,67.7300,100
34882160446199,09:41:22.160,67.7300,200
34882161217254,09:41:22.161,67.7300,100
34882161287564,09:41:22.161,67.7300,100
34882161287564,09:41:22.161,67.7300,244
34882161368433,09:41:22.161,67.7300,156
34883640786075,09:41:23.640,67.7300,100
34883859904819,09:41:23.859,67.7300,100
34886775874425,09:41:26.775,67.7300,200
34886784142727,09:41:26.784,67.7300,100
34891060148724,09:41:31.060,67.7400,100
34891060173762,09:41:31.060,67.7400,100
34891225017731,09:41:31.225,67.7400,64
34891225357714,09:41:31.225,67.7400,100
34891273863633,09:41:31.273,67.7400,100
34892971950243,09:41:32.971,67.7300,100
34896421041561,09:41:36.421,67.7400,100
34896513844414,09:41:36.513,67.7400,100
34896716982708,09:41:36.716,67.7450,100
34896716982708,09:41:36.716,67.7500,100
34896716982708,09:41:36.716,67.7500,100
34896716982708,09:41:36.716,67.7500,10
34896718428552,09:41:36.718,67.7400,50
34896718571541,09:41:36.718,67.7400,50
34896718571541,09:41:36.718,67.7400,100
34897912825650,09:41:37.912,67.7300,100
34903210675483,09:41:43.210,67.7400,200
34903210675483,09:41:43.210,67.7400,100
34903210675483,09:41:43.210,67.7400,100
34903211783225,09:41:43.211,67.7500,100
34903228027047,09:41:43.228,67.7500,100
34905090121013,09:41:45.090,67.7400,100
34906768032107,09:41:46.768,67.7400,100
34907274967519,09:41:47.274,67.7300,200
34907274967519,09:41:47.274,67.7300,100
34907274967519,09:41:47.274,67.7300,100
34907377205853,09:41:47.377,67.7300,100
34911832047087,09:41:51.832,67.7300,1
34911832047087,09:41:51.832,67.7300,100
34911832047087,09:41:51.832,67.7300,200
34911832047087,09:41:51.832,67.7300,100
34911832047087,09:41:51.832,67.7300,100
34911855293968,09:41:51.855,67.7200,100
34911856443959,09:41:51.856,67.7200,100
34911856443959,09:41:51.856,67.7200,100
34911939860485,09:41:51.939,67.7200,100
34912488516164,09:41:52.488,67.7300,200
34912488861697,09:41:52.488,67.7300,100
34914102852949,09:41:54.102,67.7300,100
34914102852949,09:41:54.102,67.7300,100
34914131215859,09:41:54.131,67.7300,200
34914492189145,09:41:54.492,67.7300,200
34914492189145,09:41:54.492,67.7300,400
34914492344577,09:41:54.492,67.7400,100
34914492344577,09:41:54.492,67.7400,100
34914492344577,09:41:54.492,67.7400,300
34914494584417,09:41:54.494,67.7400,200
34915057974431,09:41:55.057,67.7500,100
34915057974431,09:41:55.057,67.7500,300
34915057974431,09:41:55.057,67.7500,29
34915058016217,09:41:55.058,67.7500,71
34915089933925,09:41:55.089,67.7500,100
34915089933925,09:41:55.089,67.7500,100
34915089933925,09:41:55.089,67.7500,100
34915089933925,09:41:55.089,67.7500,100
34915601720222,09:41:55.601,67.7400,100
34915601720222,09:41:55.601,67.7400,100
34915601720222,09:41:55.601,67.7400,100
34915601720222,09:41:55.601,67.7400,500
34916255294105,09:41:56.255,67.7400,100
34917727907093,09:41:57.727,67.7500,200
34917727932633,09:41:57.727,67.7500,100
34917737433141,09:41:57.737,67.7600,100
34917737433141,09:41:57.737,67.7600,100
34917737433141,09:41:57.737,67.7600,300
34917856050647,09:41:57.856,67.7600,100
34917856050647,09:41:57.856,67.7600,100
34917856525953,09:41:57.856,67.7600,100
34917856574744,09:41:57.856,67.7600,100
34917929987044,09:41:57.929,67.7600,100
34918845365715,09:41:58.845,67.7700,100
34918845365715,09:41:58.845,67.7700,100
34918863225289,09:41:58.863,67.7700,100
34919002571819,09:41:59.002,67.7700,10
34919002571819,09:41:59.002,67.7700,54
34919002917445,09:41:59.002,67.7700,100
34919097230146,09:41:59.097,67.7700,100
34919782464860,09:41:59.782,67.7800,5
34919782464860,09:41:59.782,67.7800,100
34920008221182,09:42:00.008,67.7900,100
34920008418487,09:42:00.008,67.7900,100
34920118163850,09:42:00.118,67.8000,100
34920118163850,09:42:00.118,67.8000,100
34920118163850,09:42:00.118,67.8000,100
34922220597785,09:42:02.220,67.8100,100
34922220638471,09:42:02.220,67.8100,100
34922220638471,09:42:02.220,67.8100,100
34922220638471,09:42:02.220,67.8100,100
34922220638471,09:42:02.220,67.8100,26
34923203648762,09:42:03.203,67.8200,100
34924981518259,09:42:04.981,67.8300,100
34924981518259,09:42:04.981,67.8300,100
34926450338748,09:42:06.450,67.8300,100
34931039093756,09:42:11.039,67.8200,200
34931039093756,09:42:11.039,67.8200,100
34931039093756,09:42:11.039,67.8200,100
34931039093756,09:42:11.039,67.8200,100
34931086325473,09:42:11.086,67.7900,100
34931086325473,09:42:11.086,67.7900,100
34931086325473,09:42:11.086,67.7900,100
34933808696232,09:42:13.808,67.7900,49
34935078095446,09:42:15.078,67.7900,51
34935078095446,09:42:15.078,67.7900,100
34935838484215,09:42:15.838,67.7800,100
34935838484215,09:42:15.838,67.7800,100
34937480130636,09:42:17.480,67.7600,100
34937480130636,09:42:17.480,67.7600,100
34939086577449,09:42:19.086,67.7500,100
34939086577449,09:42:19.086,67.7500,100
34939086577449,09:42:19.086,67.7500,100
34939978421664,09:42:19.978,67.7500,100
34939980628492,09:42:19.980,67.7500,100
34939980628492,09:42:19.980,67.7500,100
34942356129705,09:42:22.356,67.7600,100
34942356129705,09:42:22.356,67.7600,100
34942356129705,09:42:22.356,67.7600,100
34942356129705,09:42:22.356,67.7600,300
34942356129705,09:42:22.356,67.7600,100
34942356224794,09:42:22.356,67.7600,100
34943630569283,09:42:23.630,67.7700,100
34943630569283,09:42:23.630,67.7700,200
34943630569283,09:42:23.630,67.7700,100
34943630651087,09:42:23.630,67.7700,100
34943630670908,09:42:23.630,67.7700,100
34945543644368,09:42:25.543,67.7750,400
34946061678672,09:42:26.061,67.7800,100
34946061678672,09:42:26.061,67.7800,200
34946061877958,09:42:26.061,67.7800,100
34946452235455,09:42:26.452,67.7800,2
34948205615630,09:42:28.205,67.7900,100
34949061119114,09:42:29.061,67.8000,100
34949061119114,09:42:29.061,67.8000,100
34949337690686,09:42:29.337,67.8100,200
34949337771436,09:42:29.337,67.8100,100
34949337829664,09:42:29.337,67.8100,100
34949338363212,09:42:29.338,67.8100,100
34950500088703,09:42:30.500,67.8200,100
34950500466152,09:42:30.500,67.8200,100
34952227347305,09:42:32.227,67.8300,100
34953074616785,09:42:33.074,67.8250,100
34953084161929,09:42:33.084,67.8250,100
34953084202225,09:42:33.084,67.8250,100
34953087539457,09:42:33.087,67.8250,100
34954062749522,09:42:34.062,67.8200,100
34954062749522,09:42:34.062,67.8200,50
34954062804639,09:42:34.062,67.8200,11
34954062808259,09:42:34.062,67.8200,75
34954062845856,09:42:34.062,67.8200,83
34954062859779,09:42:34.062,67.8200,250
34954062951669,09:42:34.062,67.8200,31
34954062951669,09:42:34.062,67.8200,69
34954063112559,09:42:34.063,67.8200,100
34954063158047,09:42:34.063,67.8200,31
34954063158047,09:42:34.063,67.8200,69
34954063192545,09:42:34.063,67.8200,31
34955241674940,09:42:35.241,67.8200,100
34958173670971,09:42:38.173,67.8300,100
34958173670971,09:42:38.173,67.8300,100
34958173670971,09:42:38.173,67.8300,110
34958173670971,09:42:38.173,67.8300,100
34958174245438,09:42:38.174,67.8400,200
34958174245438,09:42:38.174,67.8400,100
34958285403725,09:42:38.285,67.8500,10
34958285403725,09:42:38.285,67.8500,150
34958285403725,09:42:38.285,67.8500,200
34958285403725,09:42:38.285,67.8500,1
34958285403725,09:42:38.285,67.8500,100
34958536913861,09:42:38.536,67.8500,100
34958536913861,09:42:38.536,67.8500,100
34958536913861,09:42:38.536,67.8500,69
34958537186887,09:42:38.537,67.8500,31
34958537186887,09:42:38.537,67.8500,500
34958537186887,09:42:38.537,67.8500,100
34958539942159,09:42:38.539,67.8500,100
34958539942159,09:42:38.539,67.8500,100
34958539942159,09:42:38.539,67.8500,100
34958539942159,09:42:38.539,67.8500,400
34958539942159,09:42:38.539,67.8500,400
34958540841587,09:42:38.540,67.8500,100
34958540841587,09:42:38.540,67.8500,30
34958540985387,09:42:38.540,67.8500,37
34958541952386,09:42:38.541,67.8500,33
34958541952386,09:42:38.541,67.8500,100
34958564057806,09:42:38.564,67.8400,100
34958564057806,09:42:38.564,67.8400,100
34958564057806,09:42:38.564,67.8400,100
34958564701489,09:42:38.564,67.8400,100
34958564701489,09:42:38.564,67.8400,100
34958564701489,09:42:38.564,67.8400,100
34958564701489,09:42:38.564,67.8400,100
34958564701489,09:42:38.564,67.8400,100
34958564930626,09:42:38.564,67.8300,100
34958564930626,09:42:38.564,67.8300,100
34958564930626,09:42:38.564,67.8300,100
34958564930626,09:42:38.564,67.8300,100
34958564930626,09:42:38.564,67.8300,178
34958565095605,09:42:38.565,67.8400,100
34958565095605,09:42:38.565,67.8400,100
34958565095605,09:42:38.565,67.8400,100
34958688117214,09:42:38.688,67.8300,100
34958688534757,09:42:38.688,67.8200,100
34958689283813,09:42:38.689,67.8200,100
34958689283813,09:42:38.689,67.8200,100
34958689283813,09:42:38.689,67.8200,428
34958689320429,09:42:38.689,67.8200,72
34959563811468,09:42:39.563,67.8200,100
34959563811468,09:42:39.563,67.8200,100
34959563811468,09:42:39.563,67.8200,100
34959563811468,09:42:39.563,67.8200,100
34959563811468,09:42:39.563,67.8200,100
34959571746648,09:42:39.571,67.8200,40
34960183952016,09:42:40.183,67.8200,100
34960733325063,09:42:40.733,67.8400,100
34961385966840,09:42:41.385,67.8400,100
34961386583672,09:42:41.386,67.8500,100
34961386583672,09:42:41.386,67.8500,100
34961387150962,09:42:41.387,67.8500,100
34962732288956,09:42:42.732,67.8400,200
34962732288956,09:42:42.732,67.8400,100
34963276763430,09:42:43.276,67.8500,74
34963276805787,09:42:43.276,67.8500,26
34970611478670,09:42:50.611,67.8500,100
34971273764294,09:42:51.273,67.8500,100
34971462844476,09:42:51.462,67.8500,100
34971462844476,09:42:51.462,67.8500,75
34971462921293,09:42:51.462,67.8500,25
34972272986424,09:42:52.272,67.8500,1
34972272986424,09:42:52.272,67.8500,300
34973357584680,09:42:53.357,67.8500,100
34973357584680,09:42:53.357,67.8500,100
34973357584680,09:42:53.357,67.8500,50
34973357584680,09:42:53.357,67.8500,100
34973357584680,09:42:53.357,67.8500,200
34973541783507,09:42:53.541,67.8500,200
34973541783507,09:42:53.541,67.8500,100
34973541783507,09:42:53.541,67.8500,100
34973541783507,09:42:53.541,67.8500,15
34978426468421,09:42:58.426,67.8500,400
34978426534162,09:42:58.426,67.8500,100
34978426789278,09:42:58.426,67.8500,100
34978437009632,09:42:58.437,67.8500,100
34980569478992,09:43:00.569,67.8400,100
34980569478992,09:43:00.569,67.8400,100
34980569478992,09:43:00.569,67.8400,100
34980569478992,09:43:00.569,67.8400,100
34980569478992,09:43:00.569,67.8400,200
34980569478992,09:43:00.569,67.8400,100
34980569478992,09:43:00.569,67.8400,100
34980569478992,09:43:00.569,67.8400,100
34980569478992,09:43:00.569,67.8400,100
34980569478992,09:43:00.569,67.8400,100
34980660994917,09:43:00.660,67.8400,100
34980660994917,09:43:00.660,67.8400,100
34984060716199,09:43:04.060,67.8400,100
34984078824478,09:43:04.078,67.8500,100
34984538740678,09:43:04.538,67.8500,100
34984538740678,09:43:04.538,67.8500,100
34984538740678,09:43:04.538,67.8500,200
34984538740678,09:43:04.538,67.8500,100
34984538740678,09:43:04.538,67.8500,100
34987061036771,09:43:07.061,67.8500,200
34987061036771,09:43:07.061,67.8500,100
34987081520803,09:43:07.081,67.8500,100
34989630001906,09:43:09.630,67.8500,200
34989630001906,09:43:09.630,67.8500,100
34989630001906,09:43:09.630,67.8500,200
34989632607637,09:43:09.632,67.8500,100
34989632663984,09:43:09.632,67.8500,200
34989642020240,09:43:09.642,67.8600,100
34989642020240,09:43:09.642,67.8600,100
34989642020240,09:43:09.642,67.8600,100
34989642034800,09:43:09.642,67.8600,100
34989642596924,09:43:09.642,67.8600,15
34989677537757,09:43:09.677,67.8600,100
34989941283936,09:43:09.941,67.8700,100
34989941283936,09:43:09.941,67.8700,100
34989941283936,09:43:09.941,67.8700,100
34989941798362,09:43:09.941,67.8700,100
34990538466568,09:43:10.538,67.8700,68
34990538466568,09:43:10.538,67.8700,200
34991537920909,09:43:11.537,67.8600,100
34992181317292,09:43:12.181,67.8600,100
34992183371058,09:43:12.183,67.8700,100
34992183371058,09:43:12.183,67.8700,100
34992538515345,09:43:12.538,67.8600,100
34992538515345,09:43:12.538,67.8600,100
34992538515345,09:43:12.538,67.8600,100
34992538515345,09:43:12.538,67.8600,100
34992654912045,09:43:12.654,67.8600,100
34992654912045,09:43:12.654,67.8600,100
34992908531302,09:43:12.908,67.8600,100
34993436324089,09:43:13.436,67.8800,100
34993436324089,09:43:13.436,67.8800,200
34993437534680,09:43:13.437,67.8800,100
34994133734539,09:43:14.133,67.8900,25
34994133734539,09:43:14.133,67.8900,100
34994133734539,09:43:14.133,67.8900,100
34994163586630,09:43:14.163,67.8900,100
34994163593946,09:43:14.163,67.8900,100
34994164101166,09:43:14.164,67.8900,100
34994164101166,09:43:14.164,67.8900,100
34994164101166,09:43:14.164,67.8900,100
34994164101166,09:43:14.164,67.8900,100
34994164101166,09:43:14.164,67.8900,200
34994164101166,09:43:14.164,67.8900,100
34994164101166,09:43:14.164,67.9000,2112
34994164101166,09:43:14.164,67.9000,268
34994164101166,09:43:14.164,67.9000,200
34994164101166,09:43:14.164,67.9000,1427
34994164101166,09:43:14.164,67.9000,506
34994164101166,09:43:14.164,67.9000,372
34994164137211,09:43:14.164,67.9000,330
34994164137211,09:43:14.164,67.9000,100
34994164137211,09:43:14.164,67.9000,15
34994164137211,09:43:14.164,67.9000,40
34994164137211,09:43:14.164,67.9000,5
34994164137211,09:43:14.164,67.9000,100
34994164137211,09:43:14.164,67.9000,10
34994164137211,09:43:14.164,67.9000,100
34994164137211,09:43:14.164,67.9000,100
34994164137211,09:43:14.164,67.9000,100
34994164137211,09:43:14.164,67.9000,20
34994164137211,09:43:14.164,67.9000,1000
34994164867063,09:43:14.164,67.9000,100
34994164867063,09:43:14.164,67.9000,100
34994164908731,09:43:14.164,67.9000,30
34994164913458,09:43:14.164,67.8900,100
34994164913458,09:43:14.164,67.8900,100
34994164913458,09:43:14.164,67.8900,5
34994164913458,09:43:14.164,67.8900,100
34994165116191,09:43:14.165,67.9000,200
34994165116191,09:43:14.165,67.9000,200
34994165116191,09:43:14.165,67.9000,100
34994168790321,09:43:14.168,67.9000,100
34994168790321,09:43:14.168,67.9000,100
34994194374967,09:43:14.194,67.8900,100
34994194374967,09:43:14.194,67.8900,100
34994214376007,09:43:14.214,67.8900,9
34994231152884,09:43:14.231,67.8900,100
34994690609261,09:43:14.690,67.8800,100
34994690609261,09:43:14.690,67.8800,100
34995576116880,09:43:15.576,67.8750,100
34995577378101,09:43:15.577,67.8700,100
34995577597114,09:43:15.577,67.8700,100
34995578168092,09:43:15.578,67.8700,100
34996626053933,09:43:16.626,67.8800,75
34996626058987,09:43:16.626,67.8800,125
34997855508175,09:43:17.855,67.9000,100
34999776843538,09:43:19.776,67.9000,100
34999776897608,09:43:19.776,67.9000,84
34999776897608,09:43:19.776,67.9000,100
34999875519456,09:43:19.875,67.8900,100
34999875519456,09:43:19.875,67.8900,100
34999875879460,09:43:19.875,67.8900,100
34999875879460,09:43:19.875,67.8900,100
35000285392145,09:43:20.285,67.8800,100
35000302680112,09:43:20.302,67.8600,100
35000435196724,09:43:20.435,67.8600,100
35000435196724,09:43:20.435,67.8600,100
35000442311636,09:43:20.442,67.8700,100
35000442311636,09:43:20.442,67.8700,100
35000444017003,09:43:20.444,67.8700,100
35000450283336,09:43:20.450,67.8700,100
35000453286950,09:43:20.453,67.8700,100
35000713009193,09:43:20.713,67.8700,100
35000717570064,09:43:20.717,67.8700,100
35000722727829,09:43:20.722,67.8700,100
35001689925848,09:43:21.689,67.8900,100
35003067371480,09:43:23.067,67.9000,200
35006085829044,09:43:26.085,67.9050,200
35006085829044,09:43:26.085,67.9100,501
35006085829044,09:43:26.085,67.9100,100
35006085893919,09:43:26.085,67.9100,100
35006085893919,09:43:26.085,67.9100,100
35006085974898,09:43:26.085,67.9100,100
35006086185167,09:43:26.086,67.9100,100
35006086201534,09:43:26.086,67.9100,100
35006086312456,09:43:26.086,67.9100,100
35006087393338,09:43:26.087,67.9100,100
35006113021525,09:43:26.113,67.9150,12
35007640133011,09:43:27.640,67.9200,10
35007640133011,09:43:27.640,67.9200,100
35007640133011,09:43:27.640,67.9200,100
35007640133011,09:43:27.640,67.9300,100
35007640133011,09:43:27.640,67.9300,100
35007640133011,09:43:27.640,67.9400,100
35007640133011,09:43:27.640,67.9400,100
35007640133011,09:43:27.640,67.9400,100
35007640133011,09:43:27.640,67.9500,300
35007640133011,09:43:27.640,67.9500,1543
35007640293700,09:43:27.640,67.9200,100
35007640297001,09:43:27.640,67.9200,100
35007640731757,09:43:27.640,67.9400,100
35007640731757,09:43:27.640,67.9500,510
35007640731757,09:43:27.640,67.9500,200
35007640731757,09:43:27.640,67.9500,200
35007640731757,09:43:27.640,67.9500,4
35007640731757,09:43:27.640,67.9500,100
35007640731757,09:43:27.640,67.9500,100
35007640731757,09:43:27.640,67.9500,100
35007640799757,09:43:27.640,67.9500,100
35007640873528,09:43:27.640,67.9500,100
35007643325473,09:43:27.643,67.9400,100
35007643325473,09:43:27.643,67.9400,20
35007784646703,09:43:27.784,67.9300,100
35012796301256,09:43:32.796,67.9200,1
35012796301256,09:43:32.796,67.9200,100
35012796301256,09:43:32.796,67.9200,100
35012796301256,09:43:32.796,67.9200,100
35012799186169,09:43:32.799,67.9100,100
35012802352675,09:43:32.802,67.9100,100
35021014832948,09:43:41.014,67.9100,75
35021014838198,09:43:41.014,67.9100,25
35021014838198,09:43:41.014,67.9100,100
35021015093285,09:43:41.015,67.9100,100
35021015319507,09:43:41.015,67.9100,100
35021275791589,09:43:41.275,67.9100,100
35021275791589,09:43:41.275,67.9100,100
35021275791589,09:43:41.275,67.9100,500
35022131412189,09:43:42.131,67.9100,100
35022480422285,09:43:42.480,67.9100,100
35022480422285,09:43:42.480,67.9100,100
35023608691612,09:43:43.608,67.9100,500
35025132830641,09:43:45.132,67.9100,100
35025132830641,09:43:45.132,67.9100,100
35025148150478,09:43:45.148,67.9100,97
35030211438283,09:43:50.211,67.9100,100
35030211438283,09:43:50.211,67.9100,100
35030218398768,09:43:50.218,67.9000,100
35030218398768,09:43:50.218,67.9000,100
35030218398768,09:43:50.218,67.9000,100
35030218398768,09:43:50.218,67.9000,100
35032062027627,09:43:52.062,67.8900,100
35032062027627,09:43:52.062,67.8900,100
35032062027627,09:43:52.062,67.8900,100
35034131068672,09:43:54.131,67.8900,100
35037312137838,09:43:57.312,67.8900,100
35037312211046,09:43:57.312,67.8900,100
35037312211046,09:43:57.312,67.8900,100
35037312580634,09:43:57.312,67.8900,100
35037312580634,09:43:57.312,67.8900,100
35037312580634,09:43:57.312,67.8900,100
35037312580634,09:43:57.312,67.8900,100
35037313079808,09:43:57.313,67.8900,100
35041962279115,09:44:01.962,67.9100,100
35041962279115,09:44:01.962,67.9100,100
35043854882988,09:44:03.854,67.9200,100
35047309250804,09:44:07.309,67.9300,100
35047309250804,09:44:07.309,67.9300,100
35047309581117,09:44:07.309,67.9300,100
35047486941026,09:44:07.486,67.9300,100
35047486941026,09:44:07.486,67.9300,100
35047486941026,09:44:07.486,67.9300,500
35047486941026,09:44:07.486,67.9300,100
35047487409639,09:44:07.487,67.9300,100
35047487409639,09:44:07.487,67.9300,100
35047487409639,09:44:07.487,67.9300,100
35047487409639,09:44:07.487,67.9300,100
35047487409639,09:44:07.487,67.9300,100
35047487767380,09:44:07.487,67.9300,100
35047487767380,09:44:07.487,67.9300,100
35047487767380,09:44:07.487,67.9300,100
35047487778224,09:44:07.487,67.9300,200
35047512530073,09:44:07.512,67.9400,100
35047513452211,09:44:07.513,67.9400,100
35047513935460,09:44:07.513,67.9400,100
35047801887183,09:44:07.801,67.9400,100
35047801887183,09:44:07.801,67.9400,100
35047801887183,09:44:07.801,67.9400,100
35047801887183,09:44:07.801,67.9400,100
35048588903295,09:44:08.588,67.9300,100
35048589741972,09:44:08.589,67.9300,100
35048600090586,09:44:08.600,67.9400,100
35048803278071,09:44:08.803,67.9400,100
35049061708642,09:44:09.061,67.9300,58
35049104497548,09:44:09.104,67.9400,100
35049104497548,09:44:09.104,67.9400,100
35049105685827,09:44:09.105,67.9400,100
35051005480185,09:44:11.005,67.9500,100
35051005510823,09:44:11.005,67.9500,100
35051005891303,09:44:11.005,67.9500,100
35051036155947,09:44:11.036,67.9500,100
35051036155947,09:44:11.036,67.9500,300
35051271068614,09:44:11.271,67.9500,100
35051271068614,09:44:11.271,67.9500,100
35051271068614,09:44:11.271,67.9500,600
35051422306614,09:44:11.422,67.9400,100
35051422306614,09:44:11.422,67.9400,100
35051422411913,09:44:11.422,67.9400,45
35051422815965,09:44:11.422,67.9400,455
35051422815965,09:44:11.422,67.9400,100
35051422815965,09:44:11.422,67.9400,100
35051422815965,09:44:11.422,67.9400,100
35051423204769,09:44:11.423,67.9400,100
35051423204769,09:44:11.423,67.9400,100
35051423204769,09:44:11.423,67.9400,100
35051423204769,09:44:11.423,67.9400,100
35051423284959,09:44:11.423,67.9400,100
35051423355966,09:44:11.423,67.9400,100
35051423355966,09:44:11.423,67.9400,100
35051423404007,09:44:11.423,67.9400,100
35051423404007,09:44:11.423,67.9400,100
35051423785445,09:44:11.423,67.9400,100
35053467970236,09:44:13.467,67.9300,195
35053569528373,09:44:13.569,67.9300,5
35053569528373,09:44:13.569,67.9300,4
35057964687361,09:44:17.964,67.9300,96
35057964687361,09:44:17.964,67.9300,200
35057964687361,09:44:17.964,67.9300,1
35057964687361,09:44:17.964,67.9300,3
35057964738014,09:44:17.964,67.9300,97
35057964833500,09:44:17.964,67.9300,200
35057964833500,09:44:17.964,67.9300,100
35057964945939,09:44:17.964,67.9300,200
35057964945939,09:44:17.964,67.9300,197
35059611691794,09:44:19.611,67.9400,600
35059611691794,09:44:19.611,67.9400,192
35059612653556,09:44:19.612,67.9400,100
35062131483324,09:44:22.131,67.9350,100
35062131483324,09:44:22.131,67.9400,15
35062431167179,09:44:22.431,67.9350,100
35063131491307,09:44:23.131,67.9350,18
35063131491307,09:44:23.131,67.9350,67
35066773692182,09:44:26.773,67.9300,200
35066773718603,09:44:26.773,67.9300,100
35066773718603,09:44:26.773,67.9300,100
35066773718603,09:44:26.773,67.9300,100
35066774660898,09:44:26.774,67.9300,200
35066774660898,09:44:26.774,67.9300,100
35066775240576,09:44:26.775,67.9300,200
35066775404213,09:44:26.775,67.9300,100
35066804459322,09:44:26.804,67.9300,200
35067426109720,09:44:27.426,67.9300,85
35067460119277,09:44:27.460,67.9350,200
35068861064381,09:44:28.861,67.9400,100
35068877856355,09:44:28.877,67.9400,100
35068877856355,09:44:28.877,67.9400,100
35068877856355,09:44:28.877,67.9400,100
35068877856355,09:44:28.877,67.9400,100
35068877856355,09:44:28.877,67.9400,100
35068877856355,09:44:28.877,67.9400,500
35069226001015,09:44:29.226,67.9350,100
35069227437301,09:44:29.227,67.9350,100
35069571246579,09:44:29.571,67.9350,300
35069573251543,09:44:29.573,67.9350,200
35069750822088,09:44:29.750,67.9350,200
35069754214353,09:44:29.754,67.9350,135
35070010599980,09:44:30.010,67.9400,200
35070010599980,09:44:30.010,67.9400,100
35070010599980,09:44:30.010,67.9400,100
35071131058579,09:44:31.131,67.9400,200
35071131545126,09:44:31.131,67.9400,100
35071561975586,09:44:31.561,67.9400,100
35071563798867,09:44:31.563,67.9400,200
35071563798867,09:44:31.563,67.9450,200
35071605523011,09:44:31.605,67.9450,100
35071644724519,09:44:31.644,67.9450,87
35071784053286,09:44:31.784,67.9450,113
35074228856378,09:44:34.228,67.9450,75
35074228859213,09:44:34.228,67.9450,112
35074228859213,09:44:34.228,67.9450,113
35074228859213,09:44:34.228,67.9450,50
35074229109384,09:44:34.229,67.9450,50
35074229109384,09:44:34.229,67.9500,41
35074229116856,09:44:34.229,67.9500,35
35074229217373,09:44:34.229,67.9500,35
35074238514041,09:44:34.238,67.9450,300
35078504608796,09:44:38.504,67.9400,100
35078504608796,09:44:38.504,67.9400,100
35078504608796,09:44:38.504,67.9400,500
35078504608796,09:44:38.504,67.9400,100
35078514385913,09:44:38.514,67.9300,200
35078514385913,09:44:38.514,67.9300,100
35078514385913,09:44:38.514,67.9300,100
35078514647605,09:44:38.514,67.9300,200
35078514655129,09:44:38.514,67.9300,100
35078514738518,09:44:38.514,67.9300,3
35078517562598,09:44:38.517,67.9200,100
35078517562598,09:44:38.517,67.9200,100
35078517562598,09:44:38.517,67.9200,200
35078517562598,09:44:38.517,67.9200,100
35078518640066,09:44:38.518,67.9100,200
35078518640066,09:44:38.518,67.9100,100
35078518640066,09:44:38.518,67.9100,100
35078518640066,09:44:38.518,67.9100,100
35078519143351,09:44:38.519,67.9100,100
35078519143351,09:44:38.519,67.9100,100
35078519143351,09:44:38.519,67.9100,100
35078519143351,09:44:38.519,67.9100,100
35078519143351,09:44:38.519,67.9100,100
35078519143351,09:44:38.519,67.9100,100
35078519143351,09:44:38.519,67.9100,200
35078519143351,09:44:38.519,67.9100,100
35078519143351,09:44:38.519,67.9100,100
35078519582402,09:44:38.519,67.9100,68
35078540328881,09:44:38.540,67.9100,100
35078544760273,09:44:38.544,67.9050,100
35078563390310,09:44:38.563,67.9050,100
35078587498580,09:44:38.587,67.9050,100
35078589933132,09:44:38.589,67.9100,100
35081542430607,09:44:41.542,67.9150,326
35081542798710,09:44:41.542,67.9150,326
35081695415821,09:44:41.695,67.9100,100
35081695415821,09:44:41.695,67.9100,100
35081695415821,09:44:41.695,67.9100,100
35081695583999,09:44:41.695,67.9100,100
35081695910961,09:44:41.695,67.9100,100
35081696238308,09:44:41.696,67.9100,100
35081696312704,09:44:41.696,67.9100,100
35081696620735,09:44:41.696,67.9100,100
35081721902598,09:44:41.721,67.9050,1
35081742117818,09:44:41.742,67.9050,100
35084969800561,09:44:44.969,67.9000,184
35084969843124,09:44:44.969,67.9000,500
35084969870961,09:44:44.969,67.9000,316
35084972241433,09:44:44.972,67.8800,100
35084972299802,09:44:44.972,67.8800,100
35084972299802,09:44:44.972,67.8800,100
35084972299802,09:44:44.972,67.8800,800
35084987563175,09:44:44.987,67.8700,100
35084987563175,09:44:44.987,67.8700,100
35085004414718,09:44:45.004,67.8650,300
35085048638018,09:44:45.048,67.8650,100
35085053185757,09:44:45.053,67.8650,99
35085053185757,09:44:45.053,67.8650,1
35085065878870,09:44:45.065,67.8650,100
35085090769741,09:44:45.090,67.8650,100
35086263300717,09:44:46.263,67.8600,100
35086263300717,09:44:46.263,67.8600,100
35086972970240,09:44:46.972,67.8500,100
35086986014809,09:44:46.986,67.8400,100
35087176572039,09:44:47.176,67.8350,100
35088178435772,09:44:48.178,67.8300,100
35088178481070,09:44:48.178,67.8300,100
35090192168497,09:44:50.192,67.8100,100
35090611017048,09:44:50.611,67.8000,100
35090611017048,09:44:50.611,67.8000,100
35091332709521,09:44:51.332,67.7950,100
35092131322966,09:44:52.131,67.7950,100
35092782226547,09:44:52.782,67.7900,100
35094364799716,09:44:54.364,67.7950,300
35094364904838,09:44:54.364,67.7950,100
35094364960810,09:44:54.364,67.7950,300
35096845348059,09:44:56.845,67.7900,100
35096845348059,09:44:56.845,67.7900,100
35096845348059,09:44:56.845,67.7900,100
35096845348059,09:44:56.845,67.7900,100
35096845348059,09:44:56.845,67.7900,100
35096845992298,09:44:56.845,67.7800,100
35096866856865,09:44:56.866,67.7700,100
35097131494704,09:44:57.131,67.7650,100
35100009100461,09:45:00.009,67.7650,38
35101126527418,09:45:01.126,67.7650,400
35101600667582,09:45:01.600,67.7650,162
35101600667582,09:45:01.600,67.7650,238
35101600667582,09:45:01.600,67.7650,26
35101600757591,09:45:01.600,67.7650,274
35101600757591,09:45:01.600,67.7700,126
35101600757591,09:45:01.600,67.7700,26
35101601383237,09:45:01.601,67.7650,100
35102235614458,09:45:02.235,67.7600,100
35102235614458,09:45:02.235,67.7600,100
35102235614458,09:45:02.235,67.7600,100
35102235614458,09:45:02.235,67.7600,100
35102235614458,09:45:02.235,67.7600,200
35102261972471,09:45:02.261,67.7500,100
35103397668206,09:45:03.397,67.7500,100
35104419314822,09:45:04.419,67.7400,100
35104435861725,09:45:04.435,67.7300,100
35105881645625,09:45:05.881,67.7450,324
35105881796814,09:45:05.881,67.7450,276
35105881796814,09:45:05.881,67.7500,24
35105881796814,09:45:05.881,67.7500,24
35105881950412,09:45:05.881,67.7500,276
35105881950412,09:45:05.881,67.7500,48
35105882031076,09:45:05.882,67.7500,4
35107254733761,09:45:07.254,67.7600,100
35108422030603,09:45:08.422,67.7700,100
35109014665731,09:45:09.014,67.7700,107
35109281361643,09:45:09.281,67.7600,100
35109281361643,09:45:09.281,67.7600,100
35109359296900,09:45:09.359,67.7500,100
35111060403266,09:45:11.060,67.7550,100
35112546921690,09:45:12.546,67.7550,36
35112546924569,09:45:12.546,67.7550,100
35112546930935,09:45:12.546,67.7550,100
35112547008121,09:45:12.547,67.7550,100
35113991089034,09:45:13.991,67.7500,100
35113991089034,09:45:13.991,67.7500,100
35113991089034,09:45:13.991,67.7500,100
35113991089034,09:45:13.991,67.7500,100
35113991155642,09:45:13.991,67.7400,100
35113991155642,09:45:13.991,67.7400,90
35113991166935,09:45:13.991,67.7400,100
35113991166935,09:45:13.991,67.7400,100
35113991166935,09:45:13.991,67.7400,75
35113991167989,09:45:13.991,67.7400,25
35114095972944,09:45:14.095,67.7350,33
35114095972944,09:45:14.095,67.7350,67
35116006190080,09:45:16.006,67.7350,15
35116988526780,09:45:16.988,67.7350,187
35116989049569,09:45:16.989,67.7350,165
35116989049569,09:45:16.989,67.7350,48
35116994886645,09:45:16.994,67.7400,100
35116994886645,09:45:16.994,67.7400,187
35116994886645,09:45:16.994,67.7400,200
35116995976380,09:45:16.995,67.7400,10
35116996382632,09:45:16.996,67.7400,100
35116996408042,09:45:16.996,67.7400,100
35116999479325,09:45:16.999,67.7300,100
35116999479325,09:45:16.999,67.7300,100
35116999479325,09:45:16.999,67.7300,100
35116999479325,09:45:16.999,67.7300,100
35116999479325,09:45:16.999,67.7300,100
35116999479325,09:45:16.999,67.7300,100
35117028417441,09:45:17.028,67.7300,100
35117028417441,09:45:17.028,67.7300,41
35117028417441,09:45:17.028,67.7300,300
35117028612269,09:45:17.028,67.7300,300
35117030698388,09:45:17.030,67.7300,100
35117736561422,09:45:17.736,67.7300,100
35117736561422,09:45:17.736,67.7300,100
35117748023298,09:45:17.748,67.7400,100
35117748023298,09:45:17.748,67.7400,100
35117749230548,09:45:17.749,67.7400,100
35117749230548,09:45:17.749,67.7400,15
35119213250719,09:45:19.213,67.7650,200
35119213250719,09:45:19.213,67.7700,200
35119213282320,09:45:19.213,67.7700,32
35119213293711,09:45:19.213,67.7700,68
35119213293711,09:45:19.213,67.7700,100
35119213293711,09:45:19.213,67.7700,32
35119213347877,09:45:19.213,67.7700,168
35119213350860,09:45:19.213,67.7700,100
35119715020146,09:45:19.715,67.7900,100
35120774980459,09:45:20.774,67.8000,100
35122666686203,09:45:22.666,67.8100,100
35122666686203,09:45:22.666,67.8100,100
35125319558901,09:45:25.319,67.8000,100
35128248069238,09:45:28.248,67.8150,300
35132035679400,09:45:32.035,67.8200,300
35132042653935,09:45:32.042,67.8250,100
35132042653935,09:45:32.042,67.8300,100
35132042798022,09:45:32.042,67.8300,100
35138654512203,09:45:38.654,67.8400,100
35138654512203,09:45:38.654,67.8400,100
35138654512203,09:45:38.654,67.8400,100
35138654512203,09:45:38.654,67.8400,200
35138660285653,09:45:38.660,67.8300,100
35138660285653,09:45:38.660,67.8300,100
35139863728061,09:45:39.863,67.8200,100
35139863728061,09:45:39.863,67.8200,100
35143635639216,09:45:43.635,67.8100,100
35143635639216,09:45:43.635,67.8100,100
35143635639216,09:45:43.635,67.8100,1
35143635639216,09:45:43.635,67.8100,96
35143635816660,09:45:43.635,67.8100,100
35143636094266,09:45:43.636,67.8000,100
35144850973952,09:45:44.850,67.7900,100
35144873739430,09:45:44.873,67.7800,100
35144877536977,09:45:44.877,67.7700,100
35144877536977,09:45:44.877,67.7700,297
35146621085297,09:45:46.621,67.7600,100
35146631543494,09:45:46.631,67.7700,100
35146631543494,09:45:46.631,67.7700,100
35146631543494,09:45:46.631,67.7700,100
35146646368736,09:45:46.646,67.7700,100
35147958071620,09:45:47.958,67.7700,100
35147964518133,09:45:47.964,67.7700,100
35147964518133,09:45:47.964,67.7700,100
35151426687106,09:45:51.426,67.7600,100
35154271094757,09:45:54.271,67.7600,100
35156858517711,09:45:56.858,67.7750,100
35156858576833,09:45:56.858,67.7800,100
35156899659570,09:45:56.899,67.7800,100
35157694485298,09:45:57.694,67.7800,100
35157694485298,09:45:57.694,67.7800,100
35157694485298,09:45:57.694,67.7800,100
35157694485298,09:45:57.694,67.7800,100
35157703000901,09:45:57.703,67.7900,100
35157706305668,09:45:57.706,67.8000,100
35157706305668,09:45:57.706,67.8000,100
35157706305668,09:45:57.706,67.8000,44
35157706346943,09:45:57.706,67.8000,56
35157711514415,09:45:57.711,67.7900,100
35157711514415,09:45:57.711,67.7900,100
35157722762573,09:45:57.722,67.7800,100
35157727727247,09:45:57.727,67.7800,100
35157727727247,09:45:57.727,67.7800,100
35157728177663,09:45:57.728,67.7800,100
35157728177663,09:45:57.728,67.7800,100
35157728177663,09:45:57.728,67.7800,100
35157728177663,09:45:57.728,67.7800,100
35157728177663,09:45:57.728,67.7900,100
35157728177663,09:45:57.728,67.7900,100
35157728177663,09:45:57.728,67.7900,100
35157728177663,09:45:57.728,67.7900,100
35163129101180,09:46:03.129,67.7800,1
35163131265742,09:46:03.131,67.7800,100
35164318679216,09:46:04.318,67.7700,83
35164318679216,09:46:04.318,67.7700,1
35165016561084,09:46:05.016,67.7600,100
35165016588864,09:46:05.016,67.7600,100
35165615902814,09:46:05.615,67.7500,265
35165615902814,09:46:05.615,67.7500,50
35165615902814,09:46:05.615,67.7500,100
35168479969234,09:46:08.479,67.7400,100
35168479994689,09:46:08.479,67.7400,100
35168479994689,09:46:08.479,67.7400,100
35169131568536,09:46:09.131,67.7300,100
35169131620909,09:46:09.131,67.7300,100
35169133242777,09:46:09.133,67.7300,100
35169133326344,09:46:09.133,67.7300,100
35169147930316,09:46:09.147,67.7300,100
35169147930316,09:46:09.147,67.7300,100
35169148249009,09:46:09.148,67.7300,13
35169151798880,09:46:09.151,67.7300,187
35169773680253,09:46:09.773,67.7400,100
35177196542490,09:46:17.196,67.7600,100
35180209324907,09:46:20.209,67.7600,1
35180209324907,09:46:20.209,67.7600,2
35180209324907,09:46:20.209,67.7600,100
35181244223347,09:46:21.244,67.7500,100
35181244223347,09:46:21.244,67.7500,100
35183067692290,09:46:23.067,67.7500,100
35183081666415,09:46:23.081,67.7400,100
35183081666415,09:46:23.081,67.7400,100
35183081666415,09:46:23.081,67.7400,100
35184234027854,09:46:24.234,67.7500,100
35185739094232,09:46:25.739,67.7600,100
35186060926435,09:46:26.060,67.7600,100
35187672143647,09:46:27.672,67.7600,100
35190878043125,09:46:30.878,67.7600,100
35190878591070,09:46:30.878,67.7600,100
35190878591070,09:46:30.878,67.7600,100
35190878591070,09:46:30.878,67.7600,100
35190878591070,09:46:30.878,67.7600,100
35190878627033,09:46:30.878,67.7600,31
35190878768436,09:46:30.878,67.7600,100
35195583007673,09:46:35.583,67.7700,26
35195583050811,09:46:35.583,67.7700,58
35195583050811,09:46:35.583,67.7700,100
35195583388098,09:46:35.583,67.7700,100
35202918735368,09:46:42.918,67.8000,1
35204446789200,09:46:44.446,67.8000,2
35205626947042,09:46:45.626,67.7900,100
35209132296542,09:46:49.132,67.7900,100
35209652846362,09:46:49.652,67.7900,100
35214620531740,09:46:54.620,67.8100,100
35215601848394,09:46:55.601,67.8200,100
35215629883789,09:46:55.629,67.8400,100
35215629883789,09:46:55.629,67.8400,1142
35215631774746,09:46:55.631,67.8400,100
35215631810412,09:46:55.631,67.8400,3958
35215631810412,09:46:55.631,67.8400,100
35215632912382,09:46:55.632,67.8400,100
35215638959525,09:46:55.638,67.8400,100
35215639337628,09:46:55.639,67.8400,100
35215639709925,09:46:55.639,67.8400,100
35215643014219,09:46:55.643,67.8400,100
35215643014219,09:46:55.643,67.8400,100
35215648463173,09:46:55.648,67.8400,100
35215649757011,09:46:55.649,67.8400,100
35215649757011,09:46:55.649,67.8400,100
35215999576099,09:46:55.999,67.8350,13
35217014889542,09:46:57.014,67.8400,100
35217015866944,09:46:57.015,67.8400,100
35217015866944,09:46:57.015,67.8400,100
35217016063296,09:46:57.016,67.8400,100
35217474626835,09:46:57.474,67.8300,100
35217596420844,09:46:57.596,67.8200,100
35217664711402,09:46:57.664,67.8200,100
35217664711402,09:46:57.664,67.8200,21
35217664947497,09:46:57.664,67.8200,62
35217664948775,09:46:57.664,67.8200,17
35217664948775,09:46:57.664,67.8200,200
35217664948775,09:46:57.664,67.8200,58
35217665108620,09:46:57.665,67.8200,42
35217665108620,09:46:57.665,67.8200,58
35217665344044,09:46:57.665,67.8200,42
35218130921747,09:46:58.130,67.8300,100
35218130921747,09:46:58.130,67.8300,100
35218474651817,09:46:58.474,67.8400,100
35218474651817,09:46:58.474,67.8400,100
35218474651817,09:46:58.474,67.8400,100
35218475718225,09:46:58.475,67.8500,300
35218475718225,09:46:58.475,67.8500,50
35218475718225,09:46:58.475,67.8500,100
35218476173859,09:46:58.476,67.8500,100
35218476185007,09:46:58.476,67.8500,68
35218476233146,09:46:58.476,67.8500,32
35218476233146,09:46:58.476,67.8500,100
35218476233146,09:46:58.476,67.8500,100
35223631740250,09:47:03.631,67.8500,100
35223631740250,09:47:03.631,67.8500,200
35223631798153,09:47:03.631,67.8500,100
35223641106673,09:47:03.641,67.8600,100
35224135174714,09:47:04.135,67.8650,100
35224135174714,09:47:04.135,67.8700,100
35224197475673,09:47:04.197,67.8700,100
35224197475673,09:47:04.197,67.8700,100
35224197475673,09:47:04.197,67.8700,100
35224198993652,09:47:04.198,67.8800,100
35224198993652,09:47:04.198,67.8800,100
35224198993652,09:47:04.198,67.8800,100
35224199579143,09:47:04.199,67.8800,100
35224202100300,09:47:04.202,67.8800,100
35224202100300,09:47:04.202,67.8800,100
35224202100300,09:47:04.202,67.8800,100
35224202100300,09:47:04.202,67.8800,100
35224202100300,09:47:04.202,67.8800,85
35224213498528,09:47:04.213,67.8800,100
35224218741490,09:47:04.218,67.8800,100
35224218741490,09:47:04.218,67.8800,100
35224220182005,09:47:04.220,67.8800,100
35225024072314,09:47:05.024,67.8700,100
35225024135229,09:47:05.024,67.8700,2
35225024135229,09:47:05.024,67.8700,100
35225024135229,09:47:05.024,67.8700,100
35225024135229,09:47:05.024,67.8700,100
35226032393797,09:47:06.032,67.8600,100
35226032393797,09:47:06.032,67.8600,200
35226032393797,09:47:06.032,67.8600,100
35229168358202,09:47:09.168,67.8500,1
35230061268046,09:47:10.061,67.8500,100
35233238663683,09:47:13.238,67.8500,100
35233251155338,09:47:13.251,67.8500,10
35234089505084,09:47:14.089,67.8400,100
35234089505084,09:47:14.089,67.8400,50
35234306088941,09:47:14.306,67.8350,12
35236343642934,09:47:16.343,67.8300,100
35236343642934,09:47:16.343,67.8300,100
35237098478547,09:47:17.098,67.8300,100
35237770846144,09:47:17.770,67.8150,88
35237770846144,09:47:17.770,67.8100,12
35244700677122,09:47:24.700,67.8200,200
35245127746784,09:47:25.127,67.8350,100
35245127746784,09:47:25.127,67.8400,21
35247131070103,09:47:27.131,67.8400,79
35247131070103,09:47:27.131,67.8400,21
35249112757244,09:47:29.112,67.8500,100
35249112757244,09:47:29.112,67.8500,100
35249112757244,09:47:29.112,67.8500,2
35255132024030,09:47:35.132,67.8600,200
35255132402223,09:47:35.132,67.8600,200
35257545444372,09:47:37.545,67.8700,100
35261032027045,09:47:41.032,67.8750,200
35261032027045,09:47:41.032,67.8800,100
35261032416523,09:47:41.032,67.8800,100
35261032488101,09:47:41.032,67.8800,100
35261680081165,09:47:41.680,67.8950,100
35261680081165,09:47:41.680,67.9000,300
35261680081165,09:47:41.680,67.9000,100
35267022487934,09:47:47.022,67.8900,100
35267022487934,09:47:47.022,67.8900,100
35267022487934,09:47:47.022,67.8900,300
35267022487934,09:47:47.022,67.8900,90
35267022527270,09:47:47.022,67.8900,47
35277058321205,09:47:57.058,67.8900,100
35277058321205,09:47:57.058,67.8900,300
35277058321205,09:47:57.058,67.8900,100
35277058321205,09:47:57.058,67.8900,100
35277058321205,09:47:57.058,67.8900,1
35277058321205,09:47:57.058,67.8900,2
35277224075530,09:47:57.224,67.8800,100
35277224173875,09:47:57.224,67.8800,100
35277224173875,09:47:57.224,67.8800,100
35277944820421,09:47:57.944,67.8750,60
35280532057910,09:48:00.532,67.8750,40
35288925991570,09:48:08.925,67.8800,100
35288926090790,09:48:08.926,67.8800,100
35288928329472,09:48:08.928,67.8900,100
35289024457059,09:48:09.024,67.8900,100
35289024457059,09:48:09.024,67.8900,100
35291247663865,09:48:11.247,67.8900,200
35291252355616,09:48:11.252,67.8900,11
35292167051240,09:48:12.167,67.8800,100
35295398656952,09:48:15.398,67.8800,100
35295398738227,09:48:15.398,67.8800,100
35295398753159,09:48:15.398,67.8800,100
35295398770306,09:48:15.398,67.8800,100
35295398883800,09:48:15.398,67.8800,100
35295399084192,09:48:15.399,67.8800,100
35295399084192,09:48:15.399,67.8800,100
35295399084192,09:48:15.399,67.8800,100
35295399084192,09:48:15.399,67.8800,100
35295399084192,09:48:15.399,67.8800,100
35295593072941,09:48:15.593,67.8900,79
35296826636938,09:48:16.826,67.8900,85
35296826914462,09:48:16.826,67.8900,15
35299132063581,09:48:19.132,67.8900,200
35301760113964,09:48:21.760,67.8900,2
35301760113964,09:48:21.760,67.8900,100
35301760113964,09:48:21.760,67.8900,100
35301760113964,09:48:21.760,67.8900,1
35301774490099,09:48:21.774,67.8800,100
35301774490099,09:48:21.774,67.8800,100
35301779859800,09:48:21.779,67.8700,100
35301779859800,09:48:21.779,67.8700,100
35301779859800,09:48:21.779,67.8700,100
35301788716688,09:48:21.788,67.8700,100
35301788716688,09:48:21.788,67.8700,100
35301788716688,09:48:21.788,67.8700,100
35301789071367,09:48:21.789,67.8700,100
35310039436552,09:48:30.039,67.8700,2
35310039436552,09:48:30.039,67.8700,100
35310039436552,09:48:30.039,67.8700,100
35310039436552,09:48:30.039,67.8700,82
35310039436552,09:48:30.039,67.8700,100
35310039436552,09:48:30.039,67.8700,100
35310039436552,09:48:30.039,67.8700,100
35310060168576,09:48:30.060,67.8600,100
35310060168576,09:48:30.060,67.8600,100
35310244665748,09:48:30.244,67.8500,100
35310244665748,09:48:30.244,67.8500,100
35310244665748,09:48:30.244,67.8500,100
35310755790470,09:48:30.755,67.8300,100
35311133307640,09:48:31.133,67.8300,100
35311133307640,09:48:31.133,67.8300,100
35311163231501,09:48:31.163,67.8300,100
35311950883867,09:48:31.950,67.8300,100
35314425495484,09:48:34.425,67.8200,100
35314425495484,09:48:34.425,67.8200,100
35314882620128,09:48:34.882,67.8100,100
35314882620128,09:48:34.882,67.8100,100
35317076996789,09:48:37.076,67.7900,100
35318626249425,09:48:38.626,67.7800,100
35318626249425,09:48:38.626,67.7800,100
35318626249425,09:48:38.626,67.7800,100
35319132698177,09:48:39.132,67.7800,100
35320795122633,09:48:40.795,67.7800,100
35324010494813,09:48:44.010,67.7700,10
35324010644017,09:48:44.010,67.7700,90
35324010644017,09:48:44.010,67.7700,100
35324010644017,09:48:44.010,67.7700,77
35324010645128,09:48:44.010,67.7700,23
35330060531282,09:48:50.060,67.7900,100
35330634849761,09:48:50.634,67.7900,100
35330634849761,09:48:50.634,67.7900,100
35330638463020,09:48:50.638,67.7800,100
35330638463020,09:48:50.638,67.7800,100
35330638463020,09:48:50.638,67.7800,100
35330645858813,09:48:50.645,67.7700,100
35330648084489,09:48:50.648,67.7700,100
35330655089723,09:48:50.655,67.7700,100
35330866866677,09:48:50.866,67.7600,100
35330866866677,09:48:50.866,67.7600,100
