timestamp,time,price,volume
34200886944971,09:30:00.886,11.4600,230
34200886944971,09:30:00.886,11.4600,21939
34273430678219,09:31:13.430,11.5100,100
34273430704446,09:31:13.430,11.5100,100
34273430704446,09:31:13.430,11.5100,100
34273430739880,09:31:13.430,11.5100,200
34273430816769,09:31:13.430,11.5100,100
34273430849795,09:31:13.430,11.5100,100
34273430914352,09:31:13.430,11.5100,100
34273430924419,09:31:13.430,11.5100,100
34273430941958,09:31:13.430,11.5100,100
34273430985889,09:31:13.430,11.5100,100
34273431007803,09:31:13.431,11.5100,100
34273431173275,09:31:13.431,11.5100,100
34273431268313,09:31:13.431,11.5100,100
34273436365653,09:31:13.436,11.5000,100
34273436391299,09:31:13.436,11.5000,100
34273436391299,09:31:13.436,11.5000,100
34273436391299,09:31:13.436,11.5000,100
34273436415704,09:31:13.436,11.5000,100
34273440126839,09:31:13.440,11.4900,400
34273440126839,09:31:13.440,11.5000,100
34273440126839,09:31:13.440,11.5000,300
34273446031196,09:31:13.446,11.5100,100
34273446073731,09:31:13.446,11.5100,100
34273446073731,09:31:13.446,11.5100,100
34273455590922,09:31:13.455,11.5100,100
34273669802553,09:31:13.669,11.5000,100
34273693396629,09:31:13.693,11.4600,100
34273693396629,09:31:13.693,11.4500,1
34273693396629,09:31:13.693,11.4500,199
34273693423487,09:31:13.693,11.4500,101
34274217867332,09:31:14.217,11.4400,100
34274217897144,09:31:14.217,11.4400,100
34274225736083,09:31:14.225,11.4300,100
34274225736083,09:31:14.225,11.4300,11
34274225837545,09:31:14.225,11.4300,100
34274225839094,09:31:14.225,11.4300,100
34274226011214,09:31:14.226,11.4300,100
34274226818614,09:31:14.226,11.4300,100
34274226980363,09:31:14.226,11.4300,100
34274227145137,09:31:14.227,11.4300,100
34274227145137,09:31:14.227,11.4300,100
34274227182106,09:31:14.227,11.4300,100
34274937218079,09:31:14.937,11.4400,100
34278933932797,09:31:18.933,11.4400,100
34279055473706,09:31:19.055,11.4400,100
34279055473706,09:31:19.055,11.4400,100
34279055727296,09:31:19.055,11.4500,12
34279055727296,09:31:19.055,11.4500,100
34279056666645,09:31:19.056,11.4500,100
34279056666645,09:31:19.056,11.4500,100
34279056780044,09:31:19.056,11.4500,100
34279304579368,09:31:19.304,11.4500,100
34279304579368,09:31:19.304,11.4500,100
34279312861605,09:31:19.312,11.4400,100
34279312861605,09:31:19.312,11.4400,100
34279321797049,09:31:19.321,11.4300,100
34333384379258,09:32:13.384,11.4100,100
34333384379258,09:32:13.384,11.4100,3
34333384641355,09:32:13.384,11.4200,100
34333385707853,09:32:13.385,11.4200,100
34333385707853,09:32:13.385,11.4200,100
34333385707853,09:32:13.385,11.4200,100
34333387592541,09:32:13.387,11.4100,100
34333387592541,09:32:13.387,11.4100,100
34333387592541,09:32:13.387,11.4100,100
34333387592541,09:32:13.387,11.4100,300
34333387592541,09:32:13.387,11.4100,32
34333387623347,09:32:13.387,11.4100,68
34333387900984,09:32:13.387,11.4100,100
34333390547163,09:32:13.390,11.4200,60
34333600660433,09:32:13.600,11.4200,100
34333600660433,09:32:13.600,11.4200,100
34333608992974,09:32:13.608,11.4100,100
34339078248318,09:32:19.078,11.4100,100
34339078364761,09:32:19.078,11.4100,100
34339078410580,09:32:19.078,11.4100,100
34339079499800,09:32:19.079,11.4100,100
34339079665831,09:32:19.079,11.4100,29
34339130054158,09:32:19.130,11.4000,3485
34339130054158,09:32:19.130,11.4000,50
34339131409990,09:32:19.131,11.3900,100
34339131409990,09:32:19.131,11.3900,100
34340390047760,09:32:20.390,11.3800,100
34340398859409,09:32:20.398,11.3500,400
34340399976226,09:32:20.399,11.3400,100
34340400225716,09:32:20.400,11.3400,100
34340400225716,09:32:20.400,11.3400,100
34340400225716,09:32:20.400,11.3400,100
34340400611855,09:32:20.400,11.3500,100
34340400611855,09:32:20.400,11.3500,100
34340406755397,09:32:20.406,11.3400,100
34340406755397,09:32:20.406,11.3400,100
34340407091570,09:32:20.407,11.3400,100
34340712378690,09:32:20.712,11.3400,100
34341045014994,09:32:21.045,11.3300,100
34341053516137,09:32:21.053,11.3200,200
34341053516137,09:32:21.053,11.3200,156
34341457747289,09:32:21.457,11.3400,100
34341457747289,09:32:21.457,11.3400,300
34341457747289,09:32:21.457,11.3400,100
34343883076184,09:32:23.883,11.3500,100
34343883076184,09:32:23.883,11.3500,100
34364202480579,09:32:44.202,11.3800,100
34364202480579,09:32:44.202,11.3800,100
34364217387875,09:32:44.217,11.3700,100
34364217387875,09:32:44.217,11.3700,100
34364359951191,09:32:44.359,11.3600,100
34364359951191,09:32:44.359,11.3600,300
34377382935323,09:32:57.382,11.3700,80
34377382961841,09:32:57.382,11.3700,20
34377382961841,09:32:57.382,11.3700,10
34380708605410,09:33:00.708,11.3600,100
34380708605410,09:33:00.708,11.3600,100
34380708605410,09:33:00.708,11.3600,100
34380708605410,09:33:00.708,11.3600,100
34380708802402,09:33:00.708,11.3600,100
34380708802402,09:33:00.708,11.3600,100
34380709006319,09:33:00.709,11.3600,100
34380709006319,09:33:00.709,11.3600,100
34380709006319,09:33:00.709,11.3600,100
34380709006319,09:33:00.709,11.3600,100
34380709017167,09:33:00.709,11.3600,100
34380709037843,09:33:00.709,11.3600,205
34380709165176,09:33:00.709,11.3600,95
34389541854960,09:33:09.541,11.3700,100
34389542486741,09:33:09.542,11.3700,100
34399158420989,09:33:19.158,11.3500,100
34399158594573,09:33:19.158,11.3400,100
34399158594573,09:33:19.158,11.3400,100
34408382617338,09:33:28.382,11.3100,228
34408382647343,09:33:28.382,11.3100,72
34416212806938,09:33:36.212,11.3400,100
34416212806938,09:33:36.212,11.3400,160
34440613097557,09:34:00.613,11.3400,100
34440613097557,09:34:00.613,11.3400,33
34440613127601,09:34:00.613,11.3400,67
34440613127601,09:34:00.613,11.3400,133
34440613304339,09:34:00.613,11.3400,100
34440613304339,09:34:00.613,11.3400,100
34440613652443,09:34:00.613,11.3400,200
34440613652443,09:34:00.613,11.3400,67
34461289797345,09:34:21.289,11.3300,100
34461289797345,09:34:21.289,11.3300,100
34500503374752,09:35:00.503,11.3400,100
34501960989783,09:35:01.960,11.3400,100
34502027169111,09:35:02.027,11.3500,100
34502027169111,09:35:02.027,11.3500,39
34508618789042,09:35:08.618,11.3600,46
34508618813470,09:35:08.618,11.3600,154
34520798972446,09:35:20.798,11.3700,100
34520798972446,09:35:20.798,11.3700,100
34520798972446,09:35:20.798,11.3700,100
34520799079945,09:35:20.799,11.3700,100
34520799106079,09:35:20.799,11.3700,100
34520799106629,09:35:20.799,11.3700,100
34520799161074,09:35:20.799,11.3700,100
34520799241756,09:35:20.799,11.3700,100
34520799319005,09:35:20.799,11.3700,100
34520799396891,09:35:20.799,11.3700,100
34520799474877,09:35:20.799,11.3700,100
34520799790701,09:35:20.799,11.3600,200
34520799790701,09:35:20.799,11.3600,100
34537131454984,09:35:37.131,11.3600,100
34542189246626,09:35:42.189,11.3500,200
34553712961233,09:35:53.712,11.3300,100
34553712961233,09:35:53.712,11.3300,75
34613712591919,09:36:53.712,11.3300,100
34613712591919,09:36:53.712,11.3300,75
34621115079588,09:37:01.115,11.3700,100
34631365299445,09:37:11.365,11.3800,100
34668087230330,09:37:48.087,11.3900,100
34668087230330,09:37:48.087,11.3900,140
34668087230330,09:37:48.087,11.3900,100
34668087230330,09:37:48.087,11.3900,1000
34668087230330,09:37:48.087,11.3900,100
34668087230330,09:37:48.087,11.3900,300
34668087332184,09:37:48.087,11.3900,300
34668087470761,09:37:48.087,11.3900,100
34668087470761,09:37:48.087,11.3900,25
34668087508552,09:37:48.087,11.3800,100
34668087508552,09:37:48.087,11.3800,100
34668087508552,09:37:48.087,11.3800,100
34668087508552,09:37:48.087,11.3800,100
34668087508552,09:37:48.087,11.3800,100
34668087508552,09:37:48.087,11.3800,100
34668087646540,09:37:48.087,11.3800,600
34668087646540,09:37:48.087,11.3800,600
34668088220318,09:37:48.088,11.3800,100
34668089603634,09:37:48.089,11.3800,100
34668152625543,09:37:48.152,11.3800,100
34668152625543,09:37:48.152,11.3800,300
34668152625543,09:37:48.152,11.3800,300
34668152625543,09:37:48.152,11.3800,100
34672911429512,09:37:52.911,11.3900,300
34672911429512,09:37:52.911,11.3900,100
34673227534320,09:37:53.227,11.4000,100
34673227534320,09:37:53.227,11.4000,100
34673257907829,09:37:53.257,11.4000,100
34673712804953,09:37:53.712,11.3900,175
34677255738407,09:37:57.255,11.4000,100
34681461859260,09:38:01.461,11.4000,100
34681461859260,09:38:01.461,11.4000,100
34681461859260,09:38:01.461,11.4000,100
34681462387744,09:38:01.462,11.4000,100
34681462387744,09:38:01.462,11.4000,100
34681462467913,09:38:01.462,11.4000,100
34681462467913,09:38:01.462,11.4000,100
34681462467913,09:38:01.462,11.4000,100
34681462467913,09:38:01.462,11.4000,212
34681462508253,09:38:01.462,11.4000,100
34683574146837,09:38:03.574,11.4000,100
34696443678267,09:38:16.443,11.4100,12
34722061581727,09:38:42.061,11.4400,30
34722061682171,09:38:42.061,11.4400,46
34722061682171,09:38:42.061,11.4400,100
34722061682171,09:38:42.061,11.4400,54
34722061914607,09:38:42.061,11.4400,46
34722062581521,09:38:42.062,11.4400,200
34722062581521,09:38:42.062,11.4400,100
34722072584827,09:38:42.072,11.4500,100
34722072584827,09:38:42.072,11.4500,100
34722072584827,09:38:42.072,11.4500,100
34722072584827,09:38:42.072,11.4500,100
34722072584827,09:38:42.072,11.4500,400
34722072584827,09:38:42.072,11.4500,200
34739904805373,09:38:59.904,11.4700,100
34739910908179,09:38:59.910,11.4700,100
34739910908179,09:38:59.910,11.4700,100
34739910908179,09:38:59.910,11.4700,300
34739911226049,09:38:59.911,11.4700,44
34739911310645,09:38:59.911,11.4700,30
34769468968736,09:39:29.468,11.4800,100
34769468968736,09:39:29.468,11.4800,100
34769468968736,09:39:29.468,11.4800,100
34769468968736,09:39:29.468,11.4800,100
34793713397966,09:39:53.713,11.4800,100
34793713397966,09:39:53.713,11.4800,75
34801149488926,09:40:01.149,11.4800,25
34801149488926,09:40:01.149,11.4800,75
34805032276925,09:40:05.032,11.4800,25
34805032276925,09:40:05.032,11.4800,75
34833151602269,09:40:33.151,11.4800,25
34833151602269,09:40:33.151,11.4800,75
34835001777872,09:40:35.001,11.4800,65
34835001777872,09:40:35.001,11.4800,35
34844577737800,09:40:44.577,11.4800,65
34844577737800,09:40:44.577,11.4800,100
34844577737800,09:40:44.577,11.4800,200
34844577737800,09:40:44.577,11.4800,100
34844577737800,09:40:44.577,11.4800,61
34844578110087,09:40:44.578,11.4800,100
34844578110087,09:40:44.578,11.4800,100
34844578110087,09:40:44.578,11.4800,100
34844578216856,09:40:44.578,11.4800,100
34844578408964,09:40:44.578,11.4800,66
34844578481249,09:40:44.578,11.4800,34
34844578481249,09:40:44.578,11.4800,66
34850903951195,09:40:50.903,11.4900,100
34850903951195,09:40:50.903,11.4900,100
34851770416146,09:40:51.770,11.4900,100
34853713604381,09:40:53.713,11.4800,100
34853713604381,09:40:53.713,11.4800,75
34853714128650,09:40:53.714,11.4800,25
34862706324611,09:41:02.706,11.4800,100
34862706324611,09:41:02.706,11.4800,100
34876564750141,09:41:16.564,11.4800,100
34896597632054,09:41:36.597,11.4900,100
34897098461164,09:41:37.098,11.5000,58
34897098487893,09:41:37.098,11.5000,42
34899642367796,09:41:39.642,11.4900,100
34899642801947,09:41:39.642,11.4900,100
34899642801947,09:41:39.642,11.4900,100
34899642801947,09:41:39.642,11.4900,67
34899642815166,09:41:39.642,11.4900,368
34899642882203,09:41:39.642,11.4900,665
34901190026143,09:41:41.190,11.4800,100
34901190026143,09:41:41.190,11.4800,100
34901190026143,09:41:41.190,11.4800,100
34901190089040,09:41:41.190,11.4800,100
34901190204447,09:41:41.190,11.4800,100
34901190276740,09:41:41.190,11.4800,100
34901190276740,09:41:41.190,11.4800,100
34901190276740,09:41:41.190,11.4800,100
34901190276740,09:41:41.190,11.4800,100
34904975754556,09:41:44.975,11.4800,100
34904975754556,09:41:44.975,11.4800,100
34907478673596,09:41:47.478,11.4900,114
34907478742069,09:41:47.478,11.4900,86
34907478742069,09:41:47.478,11.4900,100
34907478742069,09:41:47.478,11.4900,100
34907478790489,09:41:47.478,11.4900,300
34907478996262,09:41:47.478,11.4900,100
34907509142734,09:41:47.509,11.4900,100
34907509142734,09:41:47.509,11.4900,100
34922288803883,09:42:02.288,11.4750,2
34922288803883,09:42:02.288,11.4800,98
34922288830763,09:42:02.288,11.4800,2
34934083294416,09:42:14.083,11.4800,100
34934120934433,09:42:14.120,11.4800,100
34934120934433,09:42:14.120,11.4800,100
34934121771785,09:42:14.121,11.4800,100
34939857359319,09:42:19.857,11.4700,100
34957641355921,09:42:37.641,11.4700,100
34967389586181,09:42:47.389,11.4600,100
35009505426217,09:43:29.505,11.4500,29
35019382722959,09:43:39.382,11.4500,100
35020498796337,09:43:40.498,11.4500,100
35020498981212,09:43:40.498,11.4500,300
35032010788436,09:43:52.010,11.4500,100
35032010788436,09:43:52.010,11.4500,33
35032010816010,09:43:52.010,11.4500,67
35032511551617,09:43:52.511,11.4600,200
35032511551617,09:43:52.511,11.4600,100
35032511551617,09:43:52.511,11.4600,100
35048435706127,09:44:08.435,11.4600,100
35048436324370,09:44:08.436,11.4600,100
35048436324370,09:44:08.436,11.4600,100
35052227529160,09:44:12.227,11.4500,100
35058031488284,09:44:18.031,11.4500,100
35075416039760,09:44:35.416,11.4400,8
35075416065450,09:44:35.416,11.4400,92
35091310526465,09:44:51.310,11.4500,100
35128283453503,09:45:28.283,11.4600,100
35150053086764,09:45:50.053,11.4600,100
35171517264267,09:46:11.517,11.4600,100
35171517264267,09:46:11.517,11.4600,100
35171517264267,09:46:11.517,11.4600,100
35171517448513,09:46:11.517,11.4600,300
35244741816689,09:47:24.741,11.4500,100
35253811638376,09:47:33.811,11.4500,100
35253811733908,09:47:33.811,11.4500,100
35253811733908,09:47:33.811,11.4500,100
35253811733908,09:47:33.811,11.4500,100
35253811762573,09:47:33.811,11.4500,100
35253811792033,09:47:33.811,11.4500,100
35253811800171,09:47:33.811,11.4500,100
35253811816331,09:47:33.811,11.4500,47
35253811980881,09:47:33.811,11.4500,53
35254272253924,09:47:34.272,11.4400,100
35259462793106,09:47:39.462,11.4400,100
35264944820757,09:47:44.944,11.4400,100
35280640758106,09:48:00.640,11.4400,100
35285703858192,09:48:05.703,11.4400,100
35285703988855,09:48:05.703,11.4400,100
35285704076449,09:48:05.704,11.4400,500
35288321509765,09:48:08.321,11.4300,100
35289365073268,09:48:09.365,11.4300,100
35292086537637,09:48:12.086,11.4300,29
35294975554292,09:48:14.975,11.4300,71
35294975554292,09:48:14.975,11.4300,29
35301194941972,09:48:21.194,11.4300,71
35301194941972,09:48:21.194,11.4300,29
35301195002963,09:48:21.195,11.4300,71
35301195008795,09:48:21.195,11.4300,71
35306117444146,09:48:26.117,11.4300,100
35306117444146,09:48:26.117,11.4300,100
35330718489013,09:48:50.718,11.4200,100
35339315611203,09:48:59.315,11.4200,38
35339316497020,09:48:59.316,11.4200,62
35339323353001,09:48:59.323,11.4200,100
35339323353001,09:48:59.323,11.4200,100
35339323353001,09:48:59.323,11.4200,100
35339323353001,09:48:59.323,11.4200,100
35339323353001,09:48:59.323,11.4200,100
35339323353001,09:48:59.323,11.4200,100
35339323353001,09:48:59.323,11.4200,300
35339323353001,09:48:59.323,11.4200,100
35339323353001,09:48:59.323,11.4200,100
35339324893149,09:48:59.324,11.4200,100
35339324931207,09:48:59.324,11.4200,100
35339324964236,09:48:59.324,11.4200,100
35371954181729,09:49:31.954,11.4300,100
35371954181729,09:49:31.954,11.4300,100
35371954181729,09:49:31.954,11.4300,100
35371954181729,09:49:31.954,11.4300,300
35371954181729,09:49:31.954,11.4300,108
35371954181729,09:49:31.954,11.4300,100
35371954181729,09:49:31.954,11.4300,92
35371954218369,09:49:31.954,11.4300,308
35397528973115,09:49:57.528,11.4300,100
35397528973115,09:49:57.528,11.4300,200
35397528973115,09:49:57.528,11.4300,100
35397529109140,09:49:57.529,11.4300,100
35397529109140,09:49:57.529,11.4300,100
35397529293288,09:49:57.529,11.4300,300
35402995498154,09:50:02.995,11.4200,100
35462791729393,09:51:02.791,11.4200,100
35469455254765,09:51:09.455,11.4200,100
35495273819375,09:51:35.273,11.4200,100
35518452639722,09:51:58.452,11.4200,100
35518452786825,09:51:58.452,11.4200,100
35518452786825,09:51:58.452,11.4200,100
35518452786825,09:51:58.452,11.4200,100
35518452786825,09:51:58.452,11.4200,100
35518452988073,09:51:58.452,11.4200,500
35555249461502,09:52:35.249,11.4100,100
35559382315850,09:52:39.382,11.4100,100
35559382356977,09:52:39.382,11.4100,100
35559382356977,09:52:39.382,11.4100,100
35559382392966,09:52:39.382,11.4100,200
35559382403717,09:52:39.382,11.4100,200
35585279360879,09:53:05.279,11.4000,100
35588292119428,09:53:08.292,11.4000,100
35589226850780,09:53:09.226,11.4000,100
35589226850780,09:53:09.226,11.4000,100
35589227063263,09:53:09.227,11.4000,500
35592667413027,09:53:12.667,11.3900,25
35592667413027,09:53:12.667,11.3900,4
35609235311844,09:53:29.235,11.4000,100
35609235311844,09:53:29.235,11.4000,100
35609235311844,09:53:29.235,11.4000,116
35609235311844,09:53:29.235,11.4000,100
35612959520732,09:53:32.959,11.4100,100
35612959520732,09:53:32.959,11.4100,100
35612959520732,09:53:32.959,11.4100,100
35612959520732,09:53:32.959,11.4100,14
35612959520732,09:53:32.959,11.4100,100
35612959520732,09:53:32.959,11.4100,71
35627780114244,09:53:47.780,11.4200,200
35627780114244,09:53:47.780,11.4200,300
35640020464705,09:54:00.020,11.4300,100
35679387168217,09:54:39.387,11.4400,100
35679387168217,09:54:39.387,11.4400,100
35695841651667,09:54:55.841,11.4400,100
35696188703812,09:54:56.188,11.4400,100
35696188703812,09:54:56.188,11.4400,100
35696188752713,09:54:56.188,11.4400,200
35696188776143,09:54:56.188,11.4400,100
35696188776143,09:54:56.188,11.4400,100
35696188804676,09:54:56.188,11.4400,100
35696188804676,09:54:56.188,11.4400,100
35728548522516,09:55:28.548,11.4300,100
35739373840691,09:55:39.373,11.4300,100
35739373870706,09:55:39.373,11.4300,100
35739373870706,09:55:39.373,11.4300,100
35739373870706,09:55:39.373,11.4300,100
35739373901382,09:55:39.373,11.4300,300
35739374075835,09:55:39.374,11.4300,200
35745730771539,09:55:45.730,11.4200,100
35745731319205,09:55:45.731,11.4200,100
35745731319205,09:55:45.731,11.4200,100
35745732754009,09:55:45.732,11.4200,100
35756203535277,09:55:56.203,11.4100,200
35760711788826,09:56:00.711,11.4000,100
35769385427402,09:56:09.385,11.4000,100
35778548402431,09:56:18.548,11.4000,100
35799440208765,09:56:39.440,11.4000,100
35803485323948,09:56:43.485,11.4000,100
35822586538386,09:57:02.586,11.4000,100
35822586538386,09:57:02.586,11.4000,20
35822586571911,09:57:02.586,11.4000,80
35822586571911,09:57:02.586,11.4000,100
35822586571911,09:57:02.586,11.4000,100
35828509911161,09:57:08.509,11.4100,100
35828509911161,09:57:08.509,11.4100,100
35855971130511,09:57:35.971,11.4100,100
35855971475147,09:57:35.971,11.4100,100
35874856202210,09:57:54.856,11.4100,100
35874856202210,09:57:54.856,11.4100,100
35874856506508,09:57:54.856,11.4100,200
35882632546667,09:58:02.632,11.4000,29
35934342997299,09:58:54.342,11.4100,100
35934342997299,09:58:54.342,11.4100,74
35934343028392,09:58:54.343,11.4100,26
35951755930183,09:59:11.755,11.4200,100
36008582445281,10:00:08.582,11.4100,100
36008582471403,10:00:08.582,11.4100,100
36008582471403,10:00:08.582,11.4100,100
36008582471403,10:00:08.582,11.4100,100
36008582471403,10:00:08.582,11.4100,100
36008582672397,10:00:08.582,11.4100,300
36012784738883,10:00:12.784,11.4000,100
36012784738883,10:00:12.784,11.4000,100
36012784738883,10:00:12.784,11.4000,100
36012784738883,10:00:12.784,11.4000,100
36012784738883,10:00:12.784,11.4000,271
36012784887180,10:00:12.784,11.4000,100
36012784901146,10:00:12.784,11.4000,100
36012784980219,10:00:12.784,11.4000,100
36012785055530,10:00:12.785,11.4000,100
36077620861263,10:01:17.620,11.3900,100
36077622420893,10:01:17.622,11.3900,100
36077622420893,10:01:17.622,11.3900,300
36077622420893,10:01:17.622,11.3900,200
36077622420893,10:01:17.622,11.3900,100
36077622420893,10:01:17.622,11.3900,100
36077622621100,10:01:17.622,11.3900,500
36097513151420,10:01:37.513,11.3900,100
36097513151420,10:01:37.513,11.3900,100
36097513178190,10:01:37.513,11.3900,100
36166688000592,10:02:46.688,11.3900,100
36166688000592,10:02:46.688,11.3900,200
36166688586941,10:02:46.688,11.3900,100
36166688586941,10:02:46.688,11.3900,100
36166688586941,10:02:46.688,11.3900,100
36166689491085,10:02:46.689,11.3900,100
36166689491085,10:02:46.689,11.3900,100
36166691204321,10:02:46.691,11.3900,100
36166691204321,10:02:46.691,11.3900,100
36166694373751,10:02:46.694,11.3900,200
36166694373751,10:02:46.694,11.3900,100
36166694373751,10:02:46.694,11.3900,43
36166695865338,10:02:46.695,11.3900,57
36166695865338,10:02:46.695,11.3900,43
36172205242077,10:02:52.205,11.3800,100
36172205242077,10:02:52.205,11.3800,100
36187352376775,10:03:07.352,11.3800,100
36187352493794,10:03:07.352,11.3800,100
36188705214767,10:03:08.705,11.3800,30
36188774120844,10:03:08.774,11.3800,70
36188774120844,10:03:08.774,11.3800,30
36188775264172,10:03:08.775,11.3800,70
36188775264172,10:03:08.775,11.3800,100
36189716653342,10:03:09.716,11.3800,100
36189716653342,10:03:09.716,11.3800,100
36215805213538,10:03:35.805,11.3800,100
36218782487025,10:03:38.782,11.3800,100
36263144488977,10:04:23.144,11.3800,8
36308775401823,10:05:08.775,11.3800,92
36308775401823,10:05:08.775,11.3800,8
36308809102480,10:05:08.809,11.3800,100
36311231227496,10:05:11.231,11.3800,92
36311231227496,10:05:11.231,11.3800,8
36311551020405,10:05:11.551,11.3800,92
36311551020405,10:05:11.551,11.3800,100
36311551020405,10:05:11.551,11.3800,8
36311551078390,10:05:11.551,11.3800,92
36311560761973,10:05:11.560,11.3700,100
36313490311008,10:05:13.490,11.3700,35
36355416011357,10:05:55.416,11.3700,1
36360185288434,10:06:00.185,11.3800,100
36360185288434,10:06:00.185,11.3800,100
36360185288434,10:06:00.185,11.3800,115
36360185288434,10:06:00.185,11.3800,15
36360185288434,10:06:00.185,11.3800,70
36360185318924,10:06:00.185,11.3800,130
36361013583815,10:06:01.013,11.3900,100
36361015394425,10:06:01.015,11.3900,100
36492507141627,10:08:12.507,11.3900,612
36492507195088,10:08:12.507,11.3900,88
36510788841912,10:08:30.788,11.4000,100
36618359400767,10:10:18.359,11.4000,13
36691379024362,10:11:31.379,11.4000,7
36698717191109,10:11:38.717,11.4000,280
36698717191109,10:11:38.717,11.4000,100
36751973902125,10:12:31.973,11.4050,100
36751973902125,10:12:31.973,11.4000,91
36751973902125,10:12:31.973,11.4000,700
36751973902125,10:12:31.973,11.4000,100
36751973902125,10:12:31.973,11.4000,100
36751973902125,10:12:31.973,11.4000,100
36751973902125,10:12:31.973,11.4000,900
36751973902125,10:12:31.973,11.4000,200
36751973902125,10:12:31.973,11.4000,20
36751973902125,10:12:31.973,11.4000,149
36751973907689,10:12:31.973,11.4000,151
36751973907689,10:12:31.973,11.4000,100
36751973907689,10:12:31.973,11.4000,824
36751973937754,10:12:31.973,11.4000,776
36751973937754,10:12:31.973,11.4000,844
36751974119656,10:12:31.974,11.4000,56
36751994219791,10:12:31.994,11.3900,100
36751994219791,10:12:31.994,11.3900,100
36751994219791,10:12:31.994,11.3900,100
36751994219791,10:12:31.994,11.3900,100
36751994219791,10:12:31.994,11.3900,100
36751994219791,10:12:31.994,11.3900,100
36752052101195,10:12:32.052,11.3800,600
36752052101195,10:12:32.052,11.3800,100
36752052101195,10:12:32.052,11.3800,100
36752052101195,10:12:32.052,11.3800,100
36752052101195,10:12:32.052,11.3800,100
36752052101195,10:12:32.052,11.3800,100
36752052101195,10:12:32.052,11.3800,100
36752052158568,10:12:32.052,11.3800,357
36752052160403,10:12:32.052,11.3800,643
36752052160403,10:12:32.052,11.3800,200
36752052160403,10:12:32.052,11.3800,285
36752052223534,10:12:32.052,11.3800,100
36752052223534,10:12:32.052,11.3800,100
36752052257997,10:12:32.052,11.3800,100
36752052823267,10:12:32.052,11.3800,15
36752052823267,10:12:32.052,11.3800,100
36752053440028,10:12:32.053,11.3800,100
36752053440028,10:12:32.053,11.3800,100
36778723471965,10:12:58.723,11.3700,64
36778723471965,10:12:58.723,11.3700,100
36778723471965,10:12:58.723,11.3700,100
36778723471965,10:12:58.723,11.3700,100
36778723471965,10:12:58.723,11.3700,200
36778724922647,10:12:58.724,11.3700,100
36778724922647,10:12:58.724,11.3700,100
36778725023555,10:12:58.725,11.3700,100
36803594603238,10:13:23.594,11.3600,29
36840213857345,10:14:00.213,11.3600,100
36840213923765,10:14:00.213,11.3600,100
36840213923765,10:14:00.213,11.3600,100
36840213923765,10:14:00.213,11.3600,100
36840213923765,10:14:00.213,11.3600,100
36840213923765,10:14:00.213,11.3600,100
36840213923765,10:14:00.213,11.3600,38
36840214229461,10:14:00.214,11.3600,300
36840215547003,10:14:00.215,11.3600,100
36842989402579,10:14:02.989,11.3600,100
36842989402579,10:14:02.989,11.3600,100
36933500097210,10:15:33.500,11.3500,100
36933500097210,10:15:33.500,11.3500,100
36933500097210,10:15:33.500,11.3500,200
36933500097210,10:15:33.500,11.3500,39
36933500133946,10:15:33.500,11.3500,200
36933500153472,10:15:33.500,11.3500,200
36933500305239,10:15:33.500,11.3500,100
37061630676936,10:17:41.630,11.3400,100
37061630676936,10:17:41.630,11.3400,100
37061630676936,10:17:41.630,11.3400,100
37061630676936,10:17:41.630,11.3400,300
37061630676936,10:17:41.630,11.3400,100
37061630676936,10:17:41.630,11.3400,100
37061630676936,10:17:41.630,11.3400,300
37061630676936,10:17:41.630,11.3400,100
37061630716754,10:17:41.630,11.3400,36
37061630854072,10:17:41.630,11.3400,100
37061630927984,10:17:41.630,11.3400,36
37061630987991,10:17:41.630,11.3400,64
37061630987991,10:17:41.630,11.3400,36
37061630990154,10:17:41.630,11.3400,64
37061630990154,10:17:41.630,11.3400,100
37061631163224,10:17:41.631,11.3400,100
37086225140165,10:18:06.225,11.3300,100
37088773894318,10:18:08.773,11.3300,100
37088773971671,10:18:08.773,11.3300,100
37088774124948,10:18:08.774,11.3300,100
37088774124948,10:18:08.774,11.3300,100
37088774214848,10:18:08.774,11.3300,200
37088774302568,10:18:08.774,11.3300,200
37110534671333,10:18:30.534,11.3200,29
37118738085477,10:18:38.738,11.3200,100
37118738085477,10:18:38.738,11.3200,100
37118738085477,10:18:38.738,11.3200,100
37118738085477,10:18:38.738,11.3200,100
37118738085477,10:18:38.738,11.3200,138
37118738085477,10:18:38.738,11.3200,400
37118742927472,10:18:38.742,11.3100,100
37118742927472,10:18:38.742,11.3100,62
37148440318714,10:19:08.440,11.3200,186
37148440318714,10:19:08.440,11.3200,20
37148440318714,10:19:08.440,11.3200,200
37148440318714,10:19:08.440,11.3200,100
37148440318714,10:19:08.440,11.3200,100
37148440318714,10:19:08.440,11.3200,94
37148440350607,10:19:08.440,11.3200,6
37149764156930,10:19:09.764,11.3300,100
37149764156930,10:19:09.764,11.3300,14
37149764156930,10:19:09.764,11.3300,100
37149764156930,10:19:09.764,11.3300,100
37149764156930,10:19:09.764,11.3300,100
37149764156930,10:19:09.764,11.3300,186
37170619805793,10:19:30.619,11.3400,100
37178040067397,10:19:38.040,11.3500,100
37178040067397,10:19:38.040,11.3500,100
37178040067397,10:19:38.040,11.3500,100
37178040067397,10:19:38.040,11.3500,300
37226402886989,10:20:26.402,11.3600,113
37226402886989,10:20:26.402,11.3600,100
37272520073510,10:21:12.520,11.3650,100
37272520073510,10:21:12.520,11.3600,100
37272520073510,10:21:12.520,11.3600,100
37272520073510,10:21:12.520,11.3600,900
37272520073510,10:21:12.520,11.3600,174
37272520073510,10:21:12.520,11.3600,100
37272520073510,10:21:12.520,11.3600,500
37272520116240,10:21:12.520,11.3600,100
37272520610638,10:21:12.520,11.3600,100
37272520610638,10:21:12.520,11.3600,100
37283671030865,10:21:23.671,11.3600,100
37283671061334,10:21:23.671,11.3600,61
37283671061334,10:21:23.671,11.3600,100
37283671061334,10:21:23.671,11.3600,100
37327649476642,10:22:07.649,11.3700,100
37327649814385,10:22:07.649,11.3700,200
37327649814385,10:22:07.649,11.3700,100
37327649814385,10:22:07.649,11.3700,100
37366105924729,10:22:46.105,11.3700,100
37366105974592,10:22:46.105,11.3700,200
37366105974592,10:22:46.105,11.3700,100
37366105974592,10:22:46.105,11.3700,100
37366105981232,10:22:46.105,11.3700,400
37366106265146,10:22:46.106,11.3700,100
37366106265146,10:22:46.106,11.3700,100
37366106590404,10:22:46.106,11.3700,400
37382163713715,10:23:02.163,11.3600,100
37382163713715,10:23:02.163,11.3600,100
37382163713715,10:23:02.163,11.3600,100
37382163713715,10:23:02.163,11.3600,100
37382163713715,10:23:02.163,11.3600,100
37382163842092,10:23:02.163,11.3600,100
37382164004196,10:23:02.164,11.3600,57
37382164123798,10:23:02.164,11.3600,43
37382164123798,10:23:02.164,11.3600,100
37382164185895,10:23:02.164,11.3600,100
37389996040902,10:23:09.996,11.3500,29
37511257739024,10:25:11.257,11.3500,100
37598759879046,10:26:38.759,11.3550,100
37661233871963,10:27:41.233,11.3500,100
37661233871963,10:27:41.233,11.3500,100
37704269591582,10:28:24.269,11.3500,29
37718733884577,10:28:38.733,11.3550,100
37923471070536,10:32:03.471,11.3600,100
37923471070536,10:32:03.471,11.3600,100
37923471070536,10:32:03.471,11.3600,100
37923471070536,10:32:03.471,11.3600,100
37923471070536,10:32:03.471,11.3600,10
37923471070536,10:32:03.471,11.3600,100
37923471070536,10:32:03.471,11.3600,100
37923471070536,10:32:03.471,11.3600,100
37923471070536,10:32:03.471,11.3600,55
37923471070536,10:32:03.471,11.3600,100
37923471076118,10:32:03.471,11.3600,100
37923522611322,10:32:03.522,11.3700,100
37923522611322,10:32:03.522,11.3700,200
37923522611322,10:32:03.522,11.3700,100
37923522611322,10:32:03.522,11.3700,100
37923522611322,10:32:03.522,11.3700,100
37923522611322,10:32:03.522,11.3700,100
37942119038750,10:32:22.119,11.3750,213
37945085483612,10:32:25.085,11.3800,100
37945085483612,10:32:25.085,11.3800,100
37945085509981,10:32:25.085,11.3800,200
37945585948031,10:32:25.585,11.3900,100
37994141554016,10:33:14.141,11.3950,100
37994594445886,10:33:14.594,11.4000,100
38020142048612,10:33:40.142,11.4100,63
38020142745555,10:33:40.142,11.4100,37
38033280931724,10:33:53.280,11.4150,100
38033280931724,10:33:53.280,11.4100,100
38037122062047,10:33:57.122,11.4100,1
38052086082938,10:34:12.086,11.4100,100
38052086082938,10:34:12.086,11.4100,12
38052086082938,10:34:12.086,11.4100,82
38052086097711,10:34:12.086,11.4100,693
38052086226780,10:34:12.086,11.4100,25
38052086226780,10:34:12.086,11.4100,87
38052086226780,10:34:12.086,11.4100,400
38052086226780,10:34:12.086,11.4100,100
38052086226780,10:34:12.086,11.4100,32
38052086264189,10:34:12.086,11.4100,100
38052086282145,10:34:12.086,11.4100,900
38052086282145,10:34:12.086,11.4100,631
38052086315686,10:34:12.086,11.4100,1531
38052086508688,10:34:12.086,11.4100,100
38052086508688,10:34:12.086,11.4100,500
38052086632588,10:34:12.086,11.4100,100
38052087016209,10:34:12.087,11.4100,100
38052087016209,10:34:12.087,11.4100,300
38052087069484,10:34:12.087,11.4100,100
38052087448191,10:34:12.087,11.4100,100
38052087458125,10:34:12.087,11.4100,600
38105576549007,10:35:05.576,11.4100,100
38105576549007,10:35:05.576,11.4100,100
38105576549007,10:35:05.576,11.4100,6
38105576549007,10:35:05.576,11.4100,83
38105576591616,10:35:05.576,11.4100,17
38105576591616,10:35:05.576,11.4100,100
38105576591616,10:35:05.576,11.4100,100
38105576591616,10:35:05.576,11.4100,100
38234299568116,10:37:14.299,11.4100,600
38234299568116,10:37:14.299,11.4100,100
38234299568116,10:37:14.299,11.4100,14
38234299780822,10:37:14.299,11.4100,86
38234299780822,10:37:14.299,11.4100,400
38234299780822,10:37:14.299,11.4100,100
38234299780822,10:37:14.299,11.4100,100
38234299780822,10:37:14.299,11.4100,100
38234299780822,10:37:14.299,11.4100,53
38234299780822,10:37:14.299,11.4100,100
38234299780822,10:37:14.299,11.4100,100
38234299800228,10:37:14.299,11.4100,168
38234299933156,10:37:14.299,11.4100,100
38234300210520,10:37:14.300,11.4100,300
38234300210520,10:37:14.300,11.4100,67
38234300255094,10:37:14.300,11.4100,33
38234300255094,10:37:14.300,11.4100,67
38234300491176,10:37:14.300,11.4100,33
38234300491176,10:37:14.300,11.4100,100
38234300491176,10:37:14.300,11.4100,32
38234300491176,10:37:14.300,11.4100,100
38234300491176,10:37:14.300,11.4100,235
38234300557003,10:37:14.300,11.4100,200
38284191128558,10:38:04.191,11.4000,29
38289758904080,10:38:09.758,11.4100,592
38289758904080,10:38:09.758,11.4100,100
38289758904080,10:38:09.758,11.4100,100
38289758904080,10:38:09.758,11.4100,8
38289758936033,10:38:09.758,11.4100,92
38289758936033,10:38:09.758,11.4100,100
38309346420347,10:38:29.346,11.4200,100
38309346420347,10:38:29.346,11.4200,100
38309346590334,10:38:29.346,11.4200,12
38309346590334,10:38:29.346,11.4200,192
38309346590334,10:38:29.346,11.4200,100
38320220928370,10:38:40.220,11.4300,100
38320220928370,10:38:40.220,11.4300,100
38320220928370,10:38:40.220,11.4300,100
38320220928370,10:38:40.220,11.4300,100
38320220976772,10:38:40.220,11.4300,100
38354977339310,10:39:14.977,11.4400,100
38354977339310,10:39:14.977,11.4400,100
38354977339310,10:39:14.977,11.4400,1
38354979028073,10:39:14.979,11.4400,99
38354979028073,10:39:14.979,11.4400,100
38354979028073,10:39:14.979,11.4400,101
38354979068139,10:39:14.979,11.4400,99
38361792175978,10:39:21.792,11.4400,100
38361792175978,10:39:21.792,11.4400,900
38361792175978,10:39:21.792,11.4400,100
38361792372157,10:39:21.792,11.4400,700
38373591686129,10:39:33.591,11.4300,100
38467656800675,10:41:07.656,11.4300,100
38467656800675,10:41:07.656,11.4300,892
38467656834066,10:41:07.656,11.4300,8
38467656834066,10:41:07.656,11.4300,600
38467656834066,10:41:07.656,11.4300,100
38467656834066,10:41:07.656,11.4300,100
38467656834066,10:41:07.656,11.4300,100
38467656850619,10:41:07.656,11.4300,300
38468849116745,10:41:08.849,11.4200,100
38498767878213,10:41:38.767,11.4200,100
38499687372107,10:41:39.687,11.4200,100
38502176440372,10:41:42.176,11.4200,100
38506229948366,10:41:46.229,11.4200,100
38506229948366,10:41:46.229,11.4200,100
38506229948366,10:41:46.229,11.4200,41
38506230020813,10:41:46.230,11.4200,59
38506230505302,10:41:46.230,11.4200,100
38506230667466,10:41:46.230,11.4200,200
38583612719917,10:43:03.612,11.4100,29
38606014913618,10:43:26.014,11.4200,200
38606014913618,10:43:26.014,11.4200,100
38606014913618,10:43:26.014,11.4200,100
38606014913618,10:43:26.014,11.4200,100
38606014913618,10:43:26.014,11.4200,100
38606014913618,10:43:26.014,11.4200,100
38606014913618,10:43:26.014,11.4200,100
38606014913618,10:43:26.014,11.4200,100
38646925070188,10:44:06.925,11.4300,100
38646925070188,10:44:06.925,11.4300,100
38646925070188,10:44:06.925,11.4300,100
38646925070188,10:44:06.925,11.4300,100
38657520565882,10:44:17.520,11.4400,100
38657520565882,10:44:17.520,11.4400,100
38657520565882,10:44:17.520,11.4400,100
38738756884654,10:45:38.756,11.4450,100
38748036999535,10:45:48.036,11.4400,600
38748036999535,10:45:48.036,11.4400,100
38748036999535,10:45:48.036,11.4400,200
38748036999535,10:45:48.036,11.4400,100
38748036999535,10:45:48.036,11.4400,100
38748709888100,10:45:48.709,11.4400,200
38748709957499,10:45:48.709,11.4400,100
38748709957499,10:45:48.709,11.4400,100
38748709957499,10:45:48.709,11.4400,100
38748709957499,10:45:48.709,11.4400,100
38748709957499,10:45:48.709,11.4400,100
38748710167626,10:45:48.710,11.4400,300
38823870946172,10:47:03.870,11.4300,100
38823870946172,10:47:03.870,11.4300,200
38823870946172,10:47:03.870,11.4300,100
38823870946172,10:47:03.870,11.4300,200
38823871000141,10:47:03.871,11.4300,100
38823871000141,10:47:03.871,11.4300,100
38823871000141,10:47:03.871,11.4300,100
38823871084843,10:47:03.871,11.4300,100
38832149803139,10:47:12.149,11.4200,100
38838860475552,10:47:18.860,11.4200,100
38849272228681,10:47:29.272,11.4200,100
38869886510654,10:47:49.886,11.4200,100
38885417512514,10:48:05.417,11.4200,29
38888777004831,10:48:08.777,11.4200,71
38888777004831,10:48:08.777,11.4200,29
38923951081403,10:48:43.951,11.4200,71
38923951081403,10:48:43.951,11.4200,29
38943781209571,10:49:03.781,11.4200,71
38943781209571,10:49:03.781,11.4200,29
38944011853620,10:49:04.011,11.4200,71
38944011853620,10:49:04.011,11.4200,29
38948776841150,10:49:08.776,11.4200,71
38948776841150,10:49:08.776,11.4200,29
38976402614930,10:49:36.402,11.4200,71
38976402614930,10:49:36.402,11.4200,29
39128746443743,10:52:08.746,11.4250,100
39129509843214,10:52:09.509,11.4200,71
39129509843214,10:52:09.509,11.4200,29
39158794020961,10:52:38.794,11.4200,71
39158794020961,10:52:38.794,11.4200,46
39158794020961,10:52:38.794,11.4200,700
39158794020961,10:52:38.794,11.4200,100
39158794020961,10:52:38.794,11.4200,100
39158794020961,10:52:38.794,11.4200,600
39158794020961,10:52:38.794,11.4200,100
39158794129805,10:52:38.794,11.4200,100
39158794286401,10:52:38.794,11.4200,100
39158796082275,10:52:38.796,11.4100,100
39158796082275,10:52:38.796,11.4100,12
39166233483948,10:52:46.233,11.4100,100
39190545288535,10:53:10.545,11.4100,29
39190545333278,10:53:10.545,11.4100,71
39190545333278,10:53:10.545,11.4100,100
39190545333278,10:53:10.545,11.4100,100
39190545333278,10:53:10.545,11.4100,100
39190545336209,10:53:10.545,11.4100,371
39190545525566,10:53:10.545,11.4100,300
39190545525566,10:53:10.545,11.4100,300
39190545605796,10:53:10.545,11.4100,700
39190545605796,10:53:10.545,11.4100,429
39196112392577,10:53:16.112,11.4100,100
39196112392577,10:53:16.112,11.4100,100
39196112392577,10:53:16.112,11.4100,100
39196112392577,10:53:16.112,11.4100,100
39202869085582,10:53:22.869,11.4200,100
39202869085582,10:53:22.869,11.4200,10
39202869085582,10:53:22.869,11.4200,100
39202869085582,10:53:22.869,11.4200,100
39202869085582,10:53:22.869,11.4200,100
39202869085582,10:53:22.869,11.4200,100
39265851440136,10:54:25.851,11.4300,100
39265851440136,10:54:25.851,11.4300,100
39265851440136,10:54:25.851,11.4300,100
39265851440136,10:54:25.851,11.4300,100
39265851440136,10:54:25.851,11.4300,100
39265851440136,10:54:25.851,11.4300,27
39265851479279,10:54:25.851,11.4300,173
39265851479279,10:54:25.851,11.4300,200
39274502375549,10:54:34.502,11.4300,100
39441086331128,10:57:21.086,11.4350,100
39508909228152,10:58:28.909,11.4300,29
39514907066030,10:58:34.907,11.4300,71
39514907066030,10:58:34.907,11.4300,29
39548789265573,10:59:08.789,11.4300,69
39548789347116,10:59:08.789,11.4300,2
39548789347116,10:59:08.789,11.4300,67
39548789406745,10:59:08.789,11.4300,69
39548789471658,10:59:08.789,11.4300,64
39548789471658,10:59:08.789,11.4300,5
39548789539484,10:59:08.789,11.4300,69
39548789603956,10:59:08.789,11.4300,26
39548789603956,10:59:08.789,11.4300,43
39548789645643,10:59:08.789,11.4350,100
39548789673223,10:59:08.789,11.4300,57
39548789673223,10:59:08.789,11.4300,12
39548789700153,10:59:08.789,11.4300,188
39548789700153,10:59:08.789,11.4300,100
39548789700153,10:59:08.789,11.4300,100
39548789700153,10:59:08.789,11.4300,100
39548789904180,10:59:08.789,11.4300,200
39584664393307,10:59:44.664,11.4300,100
39584664393307,10:59:44.664,11.4300,100
39584664393307,10:59:44.664,11.4300,100
39584664393307,10:59:44.664,11.4300,100
39584664393307,10:59:44.664,11.4300,100
39584664393307,10:59:44.664,11.4300,100
39584664393307,10:59:44.664,11.4300,100
39584664393307,10:59:44.664,11.4300,100
39584664393307,10:59:44.664,11.4300,100
39584664393307,10:59:44.664,11.4300,100
39606528695647,11:00:06.528,11.4400,100
39606528879572,11:00:06.528,11.4400,100
39606528879572,11:00:06.528,11.4400,100
39606528879572,11:00:06.528,11.4400,136
39606528879572,11:00:06.528,11.4400,100
39662939515938,11:01:02.939,11.4450,182
39662939515938,11:01:02.939,11.4500,100
39662939515938,11:01:02.939,11.4500,200
39662939515938,11:01:02.939,11.4500,18
39662939611577,11:01:02.939,11.4500,9
39663413994018,11:01:03.413,11.4500,73
39663413994018,11:01:03.413,11.4500,100
39663413994018,11:01:03.413,11.4500,100
39663413994018,11:01:03.413,11.4500,100
39663413994018,11:01:03.413,11.4500,100
39663413994018,11:01:03.413,11.4500,100
39663916033051,11:01:03.916,11.4600,100
39663916033051,11:01:03.916,11.4600,100
39664188446028,11:01:04.188,11.4600,100
39677246972287,11:01:17.246,11.4600,100
39677247002130,11:01:17.247,11.4600,700
39677247002130,11:01:17.247,11.4600,100
39677247002130,11:01:17.247,11.4600,300
39677247032936,11:01:17.247,11.4600,1100
39677247109896,11:01:17.247,11.4600,300
39677247109896,11:01:17.247,11.4600,100
39677247139780,11:01:17.247,11.4600,100
39677247139780,11:01:17.247,11.4600,100
39677247494907,11:01:17.247,11.4600,100
39677247525472,11:01:17.247,11.4600,300
39691678577737,11:01:31.678,11.4600,100
39702280519672,11:01:42.280,11.4600,100
39727270489896,11:02:07.270,11.4600,12
39727270489896,11:02:07.270,11.4600,100
39727270489896,11:02:07.270,11.4600,100
39727270489896,11:02:07.270,11.4600,88
39727270533705,11:02:07.270,11.4600,12
39729693650510,11:02:09.693,11.4600,200
39729693650510,11:02:09.693,11.4600,100
39729693835216,11:02:09.693,11.4600,500
39729693913585,11:02:09.693,11.4600,100
39729693913585,11:02:09.693,11.4600,200
39793264179610,11:03:13.264,11.4500,29
39922503051447,11:05:22.503,11.4550,100
39922503051447,11:05:22.503,11.4500,20
39922503075504,11:05:22.503,11.4500,51
39922503075504,11:05:22.503,11.4500,100
39922503075504,11:05:22.503,11.4500,100
39922503075504,11:05:22.503,11.4500,85
39922503082978,11:05:22.503,11.4500,115
39922503082978,11:05:22.503,11.4500,200
39922503082978,11:05:22.503,11.4500,21
39922503119196,11:05:22.503,11.4500,79
39922503119196,11:05:22.503,11.4500,100
39922503119196,11:05:22.503,11.4500,100
39922503119196,11:05:22.503,11.4500,300
39981667919758,11:06:21.667,11.4500,100
39981667919758,11:06:21.667,11.4500,100
39981667919758,11:06:21.667,11.4500,100
39981667919758,11:06:21.667,11.4500,100
39981667948369,11:06:21.667,11.4500,100
39981667948369,11:06:21.667,11.4500,100
39981667948369,11:06:21.667,11.4500,100
40091759701245,11:08:11.759,11.4500,100
40100421521107,11:08:20.421,11.4500,29
40127124118549,11:08:47.124,11.4550,100
40258278845500,11:10:58.278,11.4550,100
40295929134731,11:11:35.929,11.4500,671
40295929134731,11:11:35.929,11.4500,329
40295929163840,11:11:35.929,11.4500,171
40295929163840,11:11:35.929,11.4500,100
40295929163840,11:11:35.929,11.4500,100
40295929163840,11:11:35.929,11.4500,200
40295929163840,11:11:35.929,11.4500,100
40295929163840,11:11:35.929,11.4500,100
40295929163840,11:11:35.929,11.4500,200
40295929163840,11:11:35.929,11.4500,100
40295929163840,11:11:35.929,11.4500,100
40295929168056,11:11:35.929,11.4500,1171
40295929185291,11:11:35.929,11.4500,729
40295929251758,11:11:35.929,11.4500,100
40295929257504,11:11:35.929,11.4500,100
40295929296128,11:11:35.929,11.4500,100
40295929308628,11:11:35.929,11.4500,100
40295978043670,11:11:35.978,11.4400,100
40296191052077,11:11:36.191,11.4400,200
40296710433207,11:11:36.710,11.4400,100
40329049221287,11:12:09.049,11.4400,100
40391166183955,11:13:11.166,11.4500,100
40391166183955,11:13:11.166,11.4500,100
40391166183955,11:13:11.166,11.4500,100
40391166183955,11:13:11.166,11.4500,100
40391166183955,11:13:11.166,11.4500,700
40391166183955,11:13:11.166,11.4500,100
40391166183955,11:13:11.166,11.4500,100
40391166183955,11:13:11.166,11.4500,100
40391166183955,11:13:11.166,11.4500,100
40401859179027,11:13:21.859,11.4500,100
40424899030901,11:13:44.899,11.4500,100
40518164510359,11:15:18.164,11.4550,100
40536836186772,11:15:36.836,11.4500,100
40581619155025,11:16:21.619,11.4500,100
40610505384102,11:16:50.505,11.4500,100
40667171723724,11:17:47.171,11.4550,100
40693796577907,11:18:13.796,11.4550,29
40766174483184,11:19:26.174,11.4500,100
40766174483184,11:19:26.174,11.4500,100
40766174483184,11:19:26.174,11.4500,192
40766174519284,11:19:26.174,11.4500,108
40766174519284,11:19:26.174,11.4500,92
40766174546523,11:19:26.174,11.4500,8
40766174546523,11:19:26.174,11.4500,200
40766174546523,11:19:26.174,11.4500,100
40766174546523,11:19:26.174,11.4500,100
40766174546523,11:19:26.174,11.4500,700
40766174546523,11:19:26.174,11.4500,100
40766174597070,11:19:26.174,11.4500,400
40766174597070,11:19:26.174,11.4500,100
40766175014208,11:19:26.175,11.4500,100
40766175014208,11:19:26.175,11.4500,100
40766175014208,11:19:26.175,11.4500,100
40766175048797,11:19:26.175,11.4500,100
40785039500429,11:19:45.039,11.4400,12
40906824982663,11:21:46.824,11.4450,100
40967120896947,11:22:47.120,11.4450,100
40988060839286,11:23:08.060,11.4400,29
41283596194369,11:28:03.596,11.4400,29
41312178502726,11:28:32.178,11.4450,100
41424107355632,11:30:24.107,11.4400,100
41441361026774,11:30:41.361,11.4400,100
41447166438900,11:30:47.166,11.4400,542
41447166438900,11:30:47.166,11.4400,700
41447166438900,11:30:47.166,11.4400,100
41447166438900,11:30:47.166,11.4400,100
41447166438900,11:30:47.166,11.4400,100
41447166438900,11:30:47.166,11.4400,100
41447166438900,11:30:47.166,11.4400,100
41447166438900,11:30:47.166,11.4400,100
41447166438900,11:30:47.166,11.4400,77
41447166477755,11:30:47.166,11.4400,23
41447166477755,11:30:47.166,11.4400,25
41447166504598,11:30:47.166,11.4400,48
41447166568764,11:30:47.166,11.4400,100
41447166606545,11:30:47.166,11.4400,100
41447166655835,11:30:47.166,11.4400,100
41447166667059,11:30:47.166,11.4400,100
41447166684179,11:30:47.166,11.4400,48
41447166810023,11:30:47.166,11.4400,100
41447170098399,11:30:47.170,11.4300,100
41447170137453,11:30:47.170,11.4300,100
41451075492336,11:30:51.075,11.4300,100
41451075492336,11:30:51.075,11.4300,100
41451075492336,11:30:51.075,11.4300,165
41451075492336,11:30:51.075,11.4300,100
41451075492336,11:30:51.075,11.4300,14
41451075492336,11:30:51.075,11.4300,7
41451075492336,11:30:51.075,11.4300,300
41451437910766,11:30:51.437,11.4400,100
41451437910766,11:30:51.437,11.4400,200
41451437910766,11:30:51.437,11.4400,100
41451437910766,11:30:51.437,11.4400,100
41451437910766,11:30:51.437,11.4400,100
41451437910766,11:30:51.437,11.4400,100
41451437910766,11:30:51.437,11.4400,300
41465002166373,11:31:05.002,11.4400,100
41469008589198,11:31:09.008,11.4400,100
41483162400012,11:31:23.162,11.4400,100
41515250983058,11:31:55.250,11.4500,100
41515250983058,11:31:55.250,11.4500,100
41515251015397,11:31:55.251,11.4500,100
41515251015397,11:31:55.251,11.4500,100
41515251015397,11:31:55.251,11.4500,100
41515251015397,11:31:55.251,11.4500,100
41515251015397,11:31:55.251,11.4500,100
41515251015397,11:31:55.251,11.4500,100
41551119258671,11:32:31.119,11.4500,100
41551119258671,11:32:31.119,11.4500,300
41551119333835,11:32:31.119,11.4500,100
41551119333835,11:32:31.119,11.4500,100
41551119497381,11:32:31.119,11.4500,100
41551119497381,11:32:31.119,11.4500,100
41559313459410,11:32:39.313,11.4500,100
41604421285255,11:33:24.421,11.4500,29
41627158430035,11:33:47.158,11.4500,100
41627158513913,11:33:47.158,11.4500,71
41627158513913,11:33:47.158,11.4500,29
41687771670931,11:34:47.771,11.4550,100
41687775695516,11:34:47.775,11.4600,100
41687775695516,11:34:47.775,11.4600,100
41687775695516,11:34:47.775,11.4600,100
41687775791597,11:34:47.775,11.4600,139
41687775791597,11:34:47.775,11.4600,161
41687775818966,11:34:47.775,11.4600,39
41687775818966,11:34:47.775,11.4600,100
41687775818966,11:34:47.775,11.4600,100
41687775818966,11:34:47.775,11.4600,40
41687775818966,11:34:47.775,11.4600,400
41687775818966,11:34:47.775,11.4600,100
41687775818966,11:34:47.775,11.4600,100
41687775818966,11:34:47.775,11.4600,100
41704645394466,11:35:04.645,11.4700,100
41704645394466,11:35:04.645,11.4700,100
41704645394466,11:35:04.645,11.4700,100
41794679314780,11:36:34.679,11.4700,715
41794679688291,11:36:34.679,11.4700,77
41794679702741,11:36:34.679,11.4700,108
41794679702741,11:36:34.679,11.4700,100
41794679702741,11:36:34.679,11.4700,100
41794679702741,11:36:34.679,11.4700,18
41794679713464,11:36:34.679,11.4700,82
41794679713464,11:36:34.679,11.4700,326
41794680209662,11:36:34.680,11.4700,45
41794680622189,11:36:34.680,11.4700,1000
41794680622189,11:36:34.680,11.4700,29
41911263545489,11:38:31.263,11.4600,100
41911263617712,11:38:31.263,11.4600,230
41911263633608,11:38:31.263,11.4600,100
41913710411978,11:38:33.710,11.4600,30
41959680195706,11:39:19.680,11.4600,200
41959680233279,11:39:19.680,11.4600,100
41967950158620,11:39:27.950,11.4600,100
41976857839965,11:39:36.857,11.4600,100
41977348481746,11:39:37.348,11.4600,40
41977348481746,11:39:37.348,11.4600,100
41977348481746,11:39:37.348,11.4600,33
41977348806326,11:39:37.348,11.4600,67
41977348806326,11:39:37.348,11.4600,100
41977348806326,11:39:37.348,11.4600,100
41977348806326,11:39:37.348,11.4600,100
41977348806326,11:39:37.348,11.4600,100
41977348851352,11:39:37.348,11.4600,100
41977348899427,11:39:37.348,11.4600,100
41977349022767,11:39:37.349,11.4600,400
41980029786531,11:39:40.029,11.4500,100
42003980828192,11:40:03.980,11.4600,2
42003980902218,11:40:03.980,11.4600,2
42003981095620,11:40:03.981,11.4600,196
42003981095620,11:40:03.981,11.4600,100
42003981095620,11:40:03.981,11.4600,100
42003981095620,11:40:03.981,11.4600,100
42003981095620,11:40:03.981,11.4600,12
42003981095620,11:40:03.981,11.4600,300
42003981095620,11:40:03.981,11.4600,92
42003981128217,11:40:03.981,11.4600,8
42099287896130,11:41:39.287,11.4600,100
42099288416162,11:41:39.288,11.4600,200
42099288416162,11:41:39.288,11.4600,100
42099288416162,11:41:39.288,11.4600,100
42099288593146,11:41:39.288,11.4600,100
42099288593146,11:41:39.288,11.4600,100
42099288665020,11:41:39.288,11.4600,100
42099288778208,11:41:39.288,11.4600,300
42099288849434,11:41:39.288,11.4600,100
42099288849434,11:41:39.288,11.4600,100
42099288849434,11:41:39.288,11.4600,100
42099288849434,11:41:39.288,11.4600,200
42118340123416,11:41:58.340,11.4600,100
42118340123416,11:41:58.340,11.4600,100
42118340123416,11:41:58.340,11.4600,132
42118340123416,11:41:58.340,11.4600,100
42118340123416,11:41:58.340,11.4600,200
42118340155649,11:41:58.340,11.4600,100
42138968097140,11:42:18.968,11.4700,100
42138968097140,11:42:18.968,11.4700,100
42138968097140,11:42:18.968,11.4700,300
42138968125610,11:42:18.968,11.4700,157
42193446265531,11:43:13.446,11.4700,29
42429834027992,11:47:09.834,11.4750,100
42429834027992,11:47:09.834,11.4750,1
42429834027992,11:47:09.834,11.4700,71
42429834027992,11:47:09.834,11.4700,100
42429834027992,11:47:09.834,11.4700,400
42429834027992,11:47:09.834,11.4700,128
42429841109135,11:47:09.841,11.4700,100
42429841109135,11:47:09.841,11.4700,2
42429841156101,11:47:09.841,11.4700,98
42429841156101,11:47:09.841,11.4700,100
42429841156101,11:47:09.841,11.4700,126
42429841200524,11:47:09.841,11.4700,74
42429841200524,11:47:09.841,11.4700,100
42429841200524,11:47:09.841,11.4700,26
42429841201581,11:47:09.841,11.4700,50
42430771435492,11:47:10.771,11.4700,24
42430771435492,11:47:10.771,11.4700,100
42430771435492,11:47:10.771,11.4700,76
42441153854495,11:47:21.153,11.4700,24
42441153854495,11:47:21.153,11.4700,100
42441153854495,11:47:21.153,11.4700,76
42467014084100,11:47:47.014,11.4800,100
42467014084100,11:47:47.014,11.4800,100
42467014084100,11:47:47.014,11.4800,100
42467014084100,11:47:47.014,11.4800,100
42467014084100,11:47:47.014,11.4800,100
42467014084100,11:47:47.014,11.4800,100
42467014249088,11:47:47.014,11.4800,100
42467014249088,11:47:47.014,11.4800,100
42495260129788,11:48:15.260,11.4800,100
42542240643411,11:49:02.240,11.4850,100
42678143095733,11:51:18.143,11.4850,100
42678164612556,11:51:18.164,11.4800,100
42703051675904,11:51:43.051,11.4800,800
42703051675904,11:51:43.051,11.4800,600
42703051675904,11:51:43.051,11.4800,100
42703051675904,11:51:43.051,11.4800,100
42703051675904,11:51:43.051,11.4800,100
42703051675904,11:51:43.051,11.4800,100
42703051675904,11:51:43.051,11.4800,100
42703051776149,11:51:43.051,11.4800,100
42703051789038,11:51:43.051,11.4800,100
42703051843578,11:51:43.051,11.4800,24
42703051953659,11:51:43.051,11.4800,100
42706046984300,11:51:46.046,11.4800,100
42706046984300,11:51:46.046,11.4800,100
42706046984300,11:51:46.046,11.4800,100
42780370457290,11:53:00.370,11.4900,100
42780370457290,11:53:00.370,11.4900,100
42780370496979,11:53:00.370,11.4900,100
42780370496979,11:53:00.370,11.4900,100
42780370496979,11:53:00.370,11.4900,100
42780370496979,11:53:00.370,11.4900,200
42780370496979,11:53:00.370,11.4900,100
42780370496979,11:53:00.370,11.4900,100
42780370496979,11:53:00.370,11.4900,12
43075645469983,11:57:55.645,11.4950,100
43075671998485,11:57:55.671,11.4900,96
43079861937627,11:57:59.861,11.4900,4
43079861937627,11:57:59.861,11.4900,25
43110279806466,11:58:30.279,11.4900,100
43155606180445,11:59:15.606,11.4950,100
43165787997641,11:59:25.787,11.4950,100
43197211955116,11:59:57.211,11.5000,200
43197211955116,11:59:57.211,11.5000,200
43197211955116,11:59:57.211,11.5000,100
43197211955116,11:59:57.211,11.5000,100
43197211955116,11:59:57.211,11.5000,100
43197211955116,11:59:57.211,11.5000,100
43197211955116,11:59:57.211,11.5000,100
43197211955116,11:59:57.211,11.5000,100
43197211955116,11:59:57.211,11.5000,100
43197211955116,11:59:57.211,11.5000,100
43197211955116,11:59:57.211,11.5000,100
43197211955116,11:59:57.211,11.5000,100
43197211955116,11:59:57.211,11.5000,100
43197211955116,11:59:57.211,11.5000,100
43197211955116,11:59:57.211,11.5000,100
43199489216138,11:59:59.489,11.5100,100
43199489216138,11:59:59.489,11.5100,100
43199489216138,11:59:59.489,11.5100,100
43199489216138,11:59:59.489,11.5100,98
43199489311716,11:59:59.489,11.5100,2
43199489311716,11:59:59.489,11.5100,98
43199489330082,11:59:59.489,11.5100,2
43332010721197,12:02:12.010,11.5200,100
43332010721197,12:02:12.010,11.5200,100
43332010721197,12:02:12.010,11.5200,100
43332010721197,12:02:12.010,11.5200,13
43332010755551,12:02:12.010,11.5200,587
43339735867344,12:02:19.735,11.5300,100
43339735867344,12:02:19.735,11.5300,100
43339735867344,12:02:19.735,11.5300,100
43339738994102,12:02:19.738,11.5300,100
43397943917171,12:03:17.943,11.5300,29
43449001619937,12:04:09.001,11.5300,971
43449001619937,12:04:09.001,11.5300,100
43449001619937,12:04:09.001,11.5300,29
43449001670426,12:04:09.001,11.5300,71
43449001670426,12:04:09.001,11.5300,29
43449001751520,12:04:09.001,11.5300,71
43449001751520,12:04:09.001,11.5300,29
43449001856581,12:04:09.001,11.5300,179
43449001881200,12:04:09.001,11.5300,292
43449001881200,12:04:09.001,11.5300,23
43449001954510,12:04:09.001,11.5300,77
43449001954510,12:04:09.001,11.5300,121
43449001954510,12:04:09.001,11.5300,100
43449001961574,12:04:09.001,11.5300,100
43449001975405,12:04:09.001,11.5300,400
43449001975405,12:04:09.001,11.5300,398
43449001978551,12:04:09.001,11.5300,100
43449002004208,12:04:09.002,11.5300,100
43449002111070,12:04:09.002,11.5300,100
43449002142109,12:04:09.002,11.5300,100
43449002297138,12:04:09.002,11.5300,300
43449002297138,12:04:09.002,11.5300,200
43449002297138,12:04:09.002,11.5300,49
43449002297138,12:04:09.002,11.5300,100
43449002297138,12:04:09.002,11.5300,200
43449002297138,12:04:09.002,11.5300,100
43449002297138,12:04:09.002,11.5300,53
43449002402001,12:04:09.002,11.5300,47
43449002402001,12:04:09.002,11.5300,100
43449002402001,12:04:09.002,11.5300,600
43449002402001,12:04:09.002,11.5300,100
43449002402001,12:04:09.002,11.5300,100
43449002402001,12:04:09.002,11.5300,100
43449002402001,12:04:09.002,11.5300,100
43449002402001,12:04:09.002,11.5300,100
43449002402001,12:04:09.002,11.5300,100
43449002402001,12:04:09.002,11.5300,53
43508576290146,12:05:08.576,11.5200,100
43690396369750,12:08:10.396,11.5300,70
43690396369750,12:08:10.396,11.5300,100
43690396369750,12:08:10.396,11.5300,100
43690396369750,12:08:10.396,11.5300,100
43690396369750,12:08:10.396,11.5300,100
43690396369750,12:08:10.396,11.5300,100
43690396369750,12:08:10.396,11.5300,3
43690396369750,12:08:10.396,11.5300,100
43690396369750,12:08:10.396,11.5300,100
43690396369750,12:08:10.396,11.5300,474
43690396369750,12:08:10.396,11.5300,100
43994684570843,12:13:14.684,11.5300,29
44174315091395,12:16:14.315,11.5400,200
44174315091395,12:16:14.315,11.5400,100
44174315091395,12:16:14.315,11.5400,12
44174315091395,12:16:14.315,11.5400,100
44174315091395,12:16:14.315,11.5400,3
44174315091395,12:16:14.315,11.5400,100
44174315091395,12:16:14.315,11.5400,100
44174315091395,12:16:14.315,11.5400,100
44174315091395,12:16:14.315,11.5400,100
44174315091395,12:16:14.315,11.5400,200
44174315091395,12:16:14.315,11.5400,100
44174315091395,12:16:14.315,11.5400,100
44174315091395,12:16:14.315,11.5400,100
44174315091395,12:16:14.315,11.5400,1
44174315091395,12:16:14.315,11.5400,140
44279053573130,12:17:59.053,11.5400,29
44284879019427,12:18:04.879,11.5450,100
44284879019427,12:18:04.879,11.5400,71
44284879019427,12:18:04.879,11.5400,900
44284879019427,12:18:04.879,11.5400,329
44284879064461,12:18:04.879,11.5400,271
44284879064461,12:18:04.879,11.5400,100
44284879064461,12:18:04.879,11.5400,100
44284879064461,12:18:04.879,11.5400,400
44284879064461,12:18:04.879,11.5400,200
44284879071119,12:18:04.879,11.5400,500
44284879071119,12:18:04.879,11.5400,571
44284879170511,12:18:04.879,11.5400,100
44284879262707,12:18:04.879,11.5400,100
44284879262707,12:18:04.879,11.5400,118
44284879584210,12:18:04.879,11.5400,100
44608838552834,12:23:28.838,11.5300,29
44695536844672,12:24:55.536,11.5300,71
44695536844672,12:24:55.536,11.5300,1
44898274090475,12:28:18.274,11.5350,29
45168038529389,12:32:48.038,11.5350,100
45176232868031,12:32:56.232,11.5400,100
45176232868031,12:32:56.232,11.5400,100
45176232868031,12:32:56.232,11.5400,100
45176232868031,12:32:56.232,11.5400,48
45176232908766,12:32:56.232,11.5400,52
45176232908766,12:32:56.232,11.5400,100
45176232908766,12:32:56.232,11.5400,100
45176232908766,12:32:56.232,11.5400,100
45176232908766,12:32:56.232,11.5400,100
45176232908766,12:32:56.232,11.5400,100
45176232908766,12:32:56.232,11.5400,100
45176232908766,12:32:56.232,11.5400,100
45176232908766,12:32:56.232,11.5400,100
45176232908766,12:32:56.232,11.5400,200
45176232908766,12:32:56.232,11.5400,100
45176232908766,12:32:56.232,11.5400,100
45176232908766,12:32:56.232,11.5400,3
45176232908766,12:32:56.232,11.5400,12
45176232908766,12:32:56.232,11.5400,100
45176261975010,12:32:56.261,11.5500,1500
45176262102317,12:32:56.262,11.5500,100
45176262102317,12:32:56.262,11.5500,98
45176262144287,12:32:56.262,11.5500,2
45176262144287,12:32:56.262,11.5500,98
45176262200369,12:32:56.262,11.5500,2
45176262200369,12:32:56.262,11.5500,100
45300124024092,12:35:00.124,11.5600,100
45300124024092,12:35:00.124,11.5600,100
45300124024092,12:35:00.124,11.5600,100
45300124024092,12:35:00.124,11.5600,300
45300124024092,12:35:00.124,11.5600,34
45300124024092,12:35:00.124,11.5600,100
45300124706944,12:35:00.124,11.5600,7
45308072067935,12:35:08.072,11.5600,93
45308072067935,12:35:08.072,11.5600,200
45308072067935,12:35:08.072,11.5600,100
45308072067935,12:35:08.072,11.5600,100
45308072067935,12:35:08.072,11.5600,100
45308072067935,12:35:08.072,11.5600,100
45308072067935,12:35:08.072,11.5600,4
45308072285967,12:35:08.072,11.5600,100
45374535906862,12:36:14.535,11.5650,100
45376658099506,12:36:16.658,11.5650,1
45393830934217,12:36:33.830,11.5600,100
45393830934217,12:36:33.830,11.5600,99
45393830934217,12:36:33.830,11.5600,100
45393830934217,12:36:33.830,11.5600,101
45393830984556,12:36:33.830,11.5600,99
45393830984556,12:36:33.830,11.5600,1100
45393830984556,12:36:33.830,11.5600,100
45393830984556,12:36:33.830,11.5600,500
45393830984556,12:36:33.830,11.5600,100
45393830986077,12:36:33.830,11.5600,800
45393830986077,12:36:33.830,11.5600,1099
45393830994191,12:36:33.830,11.5600,601
45496090877025,12:38:16.090,11.5500,29
45637404020437,12:40:37.404,11.5550,100
45637404020437,12:40:37.404,11.5500,298
45681124805461,12:41:21.124,11.5500,773
45681124805461,12:41:21.124,11.5500,100
45681124805461,12:41:21.124,11.5500,100
45681124805461,12:41:21.124,11.5500,100
45681124805461,12:41:21.124,11.5500,100
45681124805461,12:41:21.124,11.5500,27
45681124855375,12:41:21.124,11.5500,73
45681124855375,12:41:21.124,11.5500,100
45681124871123,12:41:21.124,11.5500,100
45681124871123,12:41:21.124,11.5500,73
45681124882504,12:41:21.124,11.5500,27
45682513842265,12:41:22.513,11.5400,100
45682513842265,12:41:22.513,11.5400,100
45682513842265,12:41:22.513,11.5400,100
45682513842265,12:41:22.513,11.5400,113
45682513842265,12:41:22.513,11.5400,100
45682514101341,12:41:22.514,11.5400,100
45682514268217,12:41:22.514,11.5400,1400
45709331400396,12:41:49.331,11.5300,100
45709331400396,12:41:49.331,11.5300,100
45709331400396,12:41:49.331,11.5300,100
45709331400396,12:41:49.331,11.5300,100
45709331400396,12:41:49.331,11.5300,100
45709331444700,12:41:49.331,11.5300,200
45709331521732,12:41:49.331,11.5300,100
45709331521732,12:41:49.331,11.5300,100
45710929121253,12:41:50.929,11.5200,300
45765292972469,12:42:45.292,11.5100,100
45765292972469,12:42:45.292,11.5100,100
45812184522869,12:43:32.184,11.5100,29
45812370636624,12:43:32.370,11.5100,171
45812370636624,12:43:32.370,11.5100,100
45812370636624,12:43:32.370,11.5100,100
45812370636624,12:43:32.370,11.5100,100
45812370636624,12:43:32.370,11.5100,100
45812370636624,12:43:32.370,11.5100,100
45812370636624,12:43:32.370,11.5100,29
45833962492697,12:43:53.962,11.5100,100
45833962492697,12:43:53.962,11.5100,100
45833962492697,12:43:53.962,11.5100,100
45845878825506,12:44:05.878,11.5000,100
45845878825506,12:44:05.878,11.5000,200
45845914512104,12:44:05.914,11.5000,300
45845914512104,12:44:05.914,11.5000,51
45845914512104,12:44:05.914,11.5000,49
45846130136888,12:44:06.130,11.5000,199
45846130136888,12:44:06.130,11.5000,100
45846130136888,12:44:06.130,11.5000,440
45847242139720,12:44:07.242,11.5000,200
45852677249973,12:44:12.677,11.5000,100
45883003776881,12:44:43.003,11.5000,100
45883003776881,12:44:43.003,11.5000,2
45883003803818,12:44:43.003,11.5000,98
45883003955992,12:44:43.003,11.5000,100
45883003955992,12:44:43.003,11.5000,100
45883003955992,12:44:43.003,11.5000,100
45890570696700,12:44:50.570,11.4900,100
45906607518433,12:45:06.607,11.5000,100
45906608317191,12:45:06.608,11.5000,100
45906608317191,12:45:06.608,11.5000,100
45906608317191,12:45:06.608,11.5000,100
45906608317191,12:45:06.608,11.5000,100
45906608659033,12:45:06.608,11.5000,100
45906608842583,12:45:06.608,11.5000,100
45910789398217,12:45:10.789,11.5000,100
46094386792949,12:48:14.386,11.5000,29
46155907092299,12:49:15.907,11.5050,100
46159682033678,12:49:19.682,11.5100,17
46240150342655,12:50:40.150,11.5100,83
46240150342655,12:50:40.150,11.5100,400
46240150342655,12:50:40.150,11.5100,100
46240150342655,12:50:40.150,11.5100,3
46240150342655,12:50:40.150,11.5100,200
46240150342655,12:50:40.150,11.5100,100
46240150342655,12:50:40.150,11.5100,100
46240150342655,12:50:40.150,11.5100,200
46240150342655,12:50:40.150,11.5100,100
46240150342655,12:50:40.150,11.5100,14
46240150395069,12:50:40.150,11.5100,86
46240150395069,12:50:40.150,11.5100,100
46240150395069,12:50:40.150,11.5100,14
46240150426865,12:50:40.150,11.5100,86
46240150426865,12:50:40.150,11.5100,100
46254964900405,12:50:54.964,11.5200,12
46254964900405,12:50:54.964,11.5200,100
46254964900405,12:50:54.964,11.5200,29
46385611414598,12:53:05.611,11.5250,29
46428028219160,12:53:48.028,11.5250,100
46428028219160,12:53:48.028,11.5200,100
46428028219160,12:53:48.028,11.5200,100
46428028219160,12:53:48.028,11.5200,1000
46428028219160,12:53:48.028,11.5200,600
46428028219160,12:53:48.028,11.5200,100
46428028219160,12:53:48.028,11.5200,100
46428028219160,12:53:48.028,11.5200,200
46428028237868,12:53:48.028,11.5200,300
46535024709404,12:55:35.024,11.5100,100
46535024879290,12:55:35.024,11.5100,100
46535025024396,12:55:35.025,11.5100,100
46535025173846,12:55:35.025,11.5100,100
46535025407098,12:55:35.025,11.5100,100
46535025522449,12:55:35.025,11.5100,100
46535025605786,12:55:35.025,11.5100,100
46535025675719,12:55:35.025,11.5100,100
46535027091529,12:55:35.027,11.5100,1300
46535027091529,12:55:35.027,11.5100,100
46535027091529,12:55:35.027,11.5100,300
46535027091529,12:55:35.027,11.5100,100
46535027091529,12:55:35.027,11.5100,100
46535027580600,12:55:35.027,11.5100,100
46548686248201,12:55:48.686,11.5000,100
46548686248201,12:55:48.686,11.5000,100
46548686248201,12:55:48.686,11.5000,100
46548686248201,12:55:48.686,11.5000,100
46548686248201,12:55:48.686,11.5000,100
46548686248201,12:55:48.686,11.5000,100
46548686248201,12:55:48.686,11.5000,200
46548686248201,12:55:48.686,11.5000,500
46569126485344,12:56:09.126,11.5000,100
46569126485344,12:56:09.126,11.5000,387
46569126485344,12:56:09.126,11.5000,100
46569126485344,12:56:09.126,11.5000,100
46569126485344,12:56:09.126,11.5000,400
46569126485344,12:56:09.126,11.5000,13
46569126517065,12:56:09.126,11.5000,87
46691027303344,12:58:11.027,11.5000,29
46757025723926,12:59:17.025,11.5100,100
46784140406576,12:59:44.140,11.5050,100
46784140406576,12:59:44.140,11.5000,100
46784140406576,12:59:44.140,11.5000,100
46784140406576,12:59:44.140,11.5000,100
46784140406576,12:59:44.140,11.5000,100
46784140406576,12:59:44.140,11.5000,100
46784140628585,12:59:44.140,11.5000,100
46784140662692,12:59:44.140,11.5000,100
46784140722933,12:59:44.140,11.5000,100
46784140745719,12:59:44.140,11.5000,100
46784140771707,12:59:44.140,11.5000,100
46784140834231,12:59:44.140,11.5000,100
47015600812947,13:03:35.600,11.4900,29
47292209832683,13:08:12.209,11.4900,30
47402782347302,13:10:02.782,11.5000,100
47402782347302,13:10:02.782,11.5000,100
47402783165677,13:10:02.783,11.5000,100
47402783165677,13:10:02.783,11.5000,100
47402783165677,13:10:02.783,11.5000,100
47402783165677,13:10:02.783,11.5000,100
47402783165677,13:10:02.783,11.5000,300
47402783165677,13:10:02.783,11.5000,100
47402783165677,13:10:02.783,11.5000,100
47581236892815,13:13:01.236,11.5000,29
47657821776282,13:14:17.821,11.5100,100
47657821776282,13:14:17.821,11.5100,100
47657821776282,13:14:17.821,11.5100,100
47657821776282,13:14:17.821,11.5100,100
47657821776282,13:14:17.821,11.5100,100
47657821776282,13:14:17.821,11.5100,100
47657821776282,13:14:17.821,11.5100,10
47657821776282,13:14:17.821,11.5100,100
47657821776282,13:14:17.821,11.5100,100
47748267096261,13:15:48.267,11.5150,100
47748267096261,13:15:48.267,11.5100,200
47748267096261,13:15:48.267,11.5100,1300
47748267096261,13:15:48.267,11.5100,500
47748267096261,13:15:48.267,11.5100,100
47748267096261,13:15:48.267,11.5100,100
47748267133904,13:15:48.267,11.5100,100
47748267139215,13:15:48.267,11.5100,1200
47748267139215,13:15:48.267,11.5100,1100
47748267306293,13:15:48.267,11.5100,200
47903892951297,13:18:23.892,11.5000,29
48015001517334,13:20:15.001,11.5000,20
48015001899552,13:20:15.001,11.5000,80
48015001899552,13:20:15.001,11.5000,920
48015001941145,13:20:15.001,11.5000,380
48015001941145,13:20:15.001,11.5000,100
48015001941145,13:20:15.001,11.5000,100
48015001941145,13:20:15.001,11.5000,100
48015001941145,13:20:15.001,11.5000,100
48015001941145,13:20:15.001,11.5000,100
48015001941145,13:20:15.001,11.5000,100
48015001941145,13:20:15.001,11.5000,200
48015001941145,13:20:15.001,11.5000,20
48015001944873,13:20:15.001,11.5000,80
48015001944873,13:20:15.001,11.5000,159
48015001968865,13:20:15.001,11.5000,500
48015001976224,13:20:15.001,11.5000,500
48015001980586,13:20:15.001,11.5000,261
48015002168808,13:20:15.002,11.5000,280
48015872448419,13:20:15.872,11.4900,100
48015872448419,13:20:15.872,11.4900,100
48015872448419,13:20:15.872,11.4900,100
48017514313427,13:20:17.514,11.4900,100
48017514454503,13:20:17.514,11.4900,100
48017514508341,13:20:17.514,11.4900,53
48017514508341,13:20:17.514,11.4900,347
48017514671366,13:20:17.514,11.4900,14
48158159302893,13:22:38.159,11.4800,100
48158159302893,13:22:38.159,11.4800,100
48158159353518,13:22:38.159,11.4800,400
48158159353518,13:22:38.159,11.4800,100
48158159353518,13:22:38.159,11.4800,100
48158159353518,13:22:38.159,11.4800,100
48158159353518,13:22:38.159,11.4800,100
48158159353518,13:22:38.159,11.4800,100
48158159551529,13:22:38.159,11.4800,200
48186554606577,13:23:06.554,11.4700,29
48186556138236,13:23:06.556,11.4700,71
48186556138236,13:23:06.556,11.4700,100
48186556138236,13:23:06.556,11.4700,200
48190912573206,13:23:10.912,11.4700,100
48192294155370,13:23:12.294,11.4700,100
48200863021116,13:23:20.863,11.4700,100
48207331988105,13:23:27.331,11.4700,100
48394844592354,13:26:34.844,11.4700,20
48498097794201,13:28:18.097,11.4700,29
48783856498429,13:33:03.856,11.4700,29
48783856644433,13:33:03.856,11.4700,20
48870860053898,13:34:30.860,11.4750,100
48946753577884,13:35:46.753,11.4750,100
49027652758734,13:37:07.652,11.4700,2
49027655813469,13:37:07.655,11.4700,3
49091393797091,13:38:11.393,11.4700,29
49093952250613,13:38:13.952,11.4700,68
49093952250613,13:38:13.952,11.4700,100
49093952250613,13:38:13.952,11.4700,100
49093952250613,13:38:13.952,11.4700,100
49093952250613,13:38:13.952,11.4700,100
49093952250613,13:38:13.952,11.4700,100
49093952250613,13:38:13.952,11.4700,100
49093952250613,13:38:13.952,11.4700,100
49093952250613,13:38:13.952,11.4700,900
49093952250613,13:38:13.952,11.4700,100
49093952469090,13:38:13.952,11.4700,800
49231039373102,13:40:31.039,11.4700,1300
49231039373102,13:40:31.039,11.4700,400
49231039373102,13:40:31.039,11.4700,100
49231039373102,13:40:31.039,11.4700,100
49231039373102,13:40:31.039,11.4700,100
49231039373102,13:40:31.039,11.4700,120
49231039373102,13:40:31.039,11.4700,200
49231039373102,13:40:31.039,11.4700,100
49231039373102,13:40:31.039,11.4700,4
49231039373102,13:40:31.039,11.4700,300
49231042637138,13:40:31.042,11.4800,10
49231042637138,13:40:31.042,11.4800,100
49231042637138,13:40:31.042,11.4800,100
49231042637138,13:40:31.042,11.4800,100
49231042637138,13:40:31.042,11.4800,100
49231042637138,13:40:31.042,11.4800,5
49231042637138,13:40:31.042,11.4800,100
49231042637138,13:40:31.042,11.4800,100
49231042637138,13:40:31.042,11.4800,100
49231042637138,13:40:31.042,11.4800,100
49231042637138,13:40:31.042,11.4800,460
49231042637138,13:40:31.042,11.4800,300
49231042669730,13:40:31.042,11.4800,200
49242494563158,13:40:42.494,11.4900,86
49242494563158,13:40:42.494,11.4900,100
49242494563158,13:40:42.494,11.4900,100
49242494563158,13:40:42.494,11.4900,100
49242494563158,13:40:42.494,11.4900,460
49242494563158,13:40:42.494,11.4900,12
49242494563158,13:40:42.494,11.4900,100
49242494563158,13:40:42.494,11.4900,170
49242494957482,13:40:42.494,11.4900,130
49316349023629,13:41:56.349,11.4950,100
49316349023629,13:41:56.349,11.4900,100
49316349023629,13:41:56.349,11.4900,1100
49316349023629,13:41:56.349,11.4900,100
49316349023629,13:41:56.349,11.4900,700
49316349023629,13:41:56.349,11.4900,100
49316349023629,13:41:56.349,11.4900,100
49316349023629,13:41:56.349,11.4900,100
49316349107832,13:41:56.349,11.4900,20
49316349112422,13:41:56.349,11.4900,80
49316349112422,13:41:56.349,11.4900,20
49316351907528,13:41:56.351,11.4900,100
49316351907528,13:41:56.351,11.4900,300
49316351907528,13:41:56.351,11.4900,100
49349229506496,13:42:29.229,11.4900,100
49349229506496,13:42:29.229,11.4900,100
49349328821669,13:42:29.328,11.4900,1100
49349328821669,13:42:29.328,11.4900,100
49349328821669,13:42:29.328,11.4900,100
49349328821669,13:42:29.328,11.4900,60
49349328880726,13:42:29.328,11.4900,140
49349328880726,13:42:29.328,11.4900,100
49349328880726,13:42:29.328,11.4900,100
49349329055216,13:42:29.329,11.4900,280
49349329137514,13:42:29.329,11.4900,100
49393687334480,13:43:13.687,11.4850,29
49496765925937,13:44:56.765,11.4800,100
49496765925937,13:44:56.765,11.4800,100
49496765925937,13:44:56.765,11.4800,100
49496765925937,13:44:56.765,11.4800,100
49496765925937,13:44:56.765,11.4800,500
49496765925937,13:44:56.765,11.4800,100
49496765925937,13:44:56.765,11.4800,100
49496766787473,13:44:56.766,11.4800,100
49496919113933,13:44:56.919,11.4800,200
49496919113933,13:44:56.919,11.4800,300
49496919113933,13:44:56.919,11.4800,100
49496919113933,13:44:56.919,11.4800,100
49690172393457,13:48:10.172,11.4800,29
49915938145347,13:51:55.938,11.4800,30
49967769576055,13:52:47.769,11.4900,100
49967769576055,13:52:47.769,11.4900,100
49967769576055,13:52:47.769,11.4900,100
49967769576055,13:52:47.769,11.4900,300
49967769576055,13:52:47.769,11.4900,4
49967769576055,13:52:47.769,11.4900,100
49967769576055,13:52:47.769,11.4900,100
49967769576055,13:52:47.769,11.4900,300
49967769576055,13:52:47.769,11.4900,100
49967769576055,13:52:47.769,11.4900,1
49967769576055,13:52:47.769,11.4900,100
49967769576055,13:52:47.769,11.4900,100
49967769594263,13:52:47.769,11.4900,55
50191294522623,13:56:31.294,11.4950,100
50191294928465,13:56:31.294,11.4900,100
50191294928465,13:56:31.294,11.4900,100
50191294928465,13:56:31.294,11.4900,329
50191294961805,13:56:31.294,11.4900,571
50191294961805,13:56:31.294,11.4900,100
50191294961805,13:56:31.294,11.4900,74
50191295092433,13:56:31.295,11.4900,26
50191295092433,13:56:31.295,11.4900,100
50191295092433,13:56:31.295,11.4900,1200
50191295092433,13:56:31.295,11.4900,100
50191295260032,13:56:31.295,11.4900,300
50191295336332,13:56:31.295,11.4900,700
50191295336332,13:56:31.295,11.4900,500
50191295336332,13:56:31.295,11.4900,100
50191295336332,13:56:31.295,11.4900,100
50191295336332,13:56:31.295,11.4900,100
50191295336332,13:56:31.295,11.4900,100
50191295336332,13:56:31.295,11.4900,300
50191295336332,13:56:31.295,11.4900,100
50192391087772,13:56:32.391,11.4900,500
50192391087772,13:56:32.391,11.4900,100
50210214435616,13:56:50.214,11.5000,100
50210214435616,13:56:50.214,11.5000,100
50210214435616,13:56:50.214,11.5000,100
50210214435616,13:56:50.214,11.5000,100
50210214435616,13:56:50.214,11.5000,100
50210214435616,13:56:50.214,11.5000,4
50210214435616,13:56:50.214,11.5000,100
50210214435616,13:56:50.214,11.5000,300
50210214435616,13:56:50.214,11.5000,270
50210214435616,13:56:50.214,11.5000,12
50240086970914,13:57:20.086,11.5100,100
50240086970914,13:57:20.086,11.5100,400
50240086970914,13:57:20.086,11.5100,100
50240086970914,13:57:20.086,11.5100,600
50240086970914,13:57:20.086,11.5100,100
50240086970914,13:57:20.086,11.5100,374
50240086970914,13:57:20.086,11.5100,26
50240087004073,13:57:20.087,11.5100,74
50273214644613,13:57:53.214,11.5100,100
50273214644613,13:57:53.214,11.5100,100
50273214644613,13:57:53.214,11.5100,100
50273214644613,13:57:53.214,11.5100,100
50273214644613,13:57:53.214,11.5100,400
50273214644613,13:57:53.214,11.5100,100
50273214889416,13:57:53.214,11.5100,100
50273215073091,13:57:53.215,11.5100,100
50273215091497,13:57:53.215,11.5100,100
50297678961995,13:58:17.678,11.5000,29
50405740016315,14:00:05.740,11.5100,882
50405740056473,14:00:05.740,11.5100,318
50405740056473,14:00:05.740,11.5100,100
50405740056473,14:00:05.740,11.5100,25
50405740056473,14:00:05.740,11.5100,100
50405740056473,14:00:05.740,11.5100,300
50405740056473,14:00:05.740,11.5100,200
50405740056473,14:00:05.740,11.5100,100
50407412847325,14:00:07.412,11.5200,100
50407412847325,14:00:07.412,11.5200,100
50407413080269,14:00:07.413,11.5200,100
50407413080269,14:00:07.413,11.5200,100
50407413446049,14:00:07.413,11.5200,200
50407413599190,14:00:07.413,11.5200,200
50407413636949,14:00:07.413,11.5200,300
50410649390876,14:00:10.649,11.5200,4
50413021511920,14:00:13.021,11.5300,100
50413021511920,14:00:13.021,11.5300,100
50413021511920,14:00:13.021,11.5300,200
50413021511920,14:00:13.021,11.5300,500
50413021511920,14:00:13.021,11.5300,300
50413424370970,14:00:13.424,11.5400,58
50423325502815,14:00:23.325,11.5300,100
50423325502815,14:00:23.325,11.5300,100
50423325502815,14:00:23.325,11.5300,1200
50423325502815,14:00:23.325,11.5300,100
50423325502815,14:00:23.325,11.5300,300
50423325502815,14:00:23.325,11.5300,100
50423326109047,14:00:23.326,11.5300,500
50423328996871,14:00:23.328,11.5300,300
50423328996871,14:00:23.328,11.5300,100
50423330974025,14:00:23.330,11.5300,100
50423331062395,14:00:23.331,11.5300,78
50423331187677,14:00:23.331,11.5300,100
50423333664612,14:00:23.333,11.5300,22
50423333706013,14:00:23.333,11.5300,100
50425143149521,14:00:25.143,11.5200,100
50425143149521,14:00:25.143,11.5200,100
50425143149521,14:00:25.143,11.5200,100
50425143149521,14:00:25.143,11.5200,596
50425143711329,14:00:25.143,11.5200,100
50425143727688,14:00:25.143,11.5200,100
50425143749034,14:00:25.143,11.5200,100
50425144024760,14:00:25.144,11.5200,304
50425144024760,14:00:25.144,11.5200,100
50442188703509,14:00:42.188,11.5200,100
50446536366828,14:00:46.536,11.5200,100
50465854628730,14:01:05.854,11.5200,100
50465988680765,14:01:05.988,11.5200,100
50465988717676,14:01:05.988,11.5200,100
50471391003471,14:01:11.391,11.5100,200
50471391003471,14:01:11.391,11.5100,100
50471391003471,14:01:11.391,11.5100,100
50471391527980,14:01:11.391,11.5100,100
50471391527980,14:01:11.391,11.5100,200
50471962482148,14:01:11.962,11.5100,360
50536042485525,14:02:16.042,11.5000,100
50536042485525,14:02:16.042,11.5000,100
50536042485525,14:02:16.042,11.5000,100
50536042485525,14:02:16.042,11.5000,100
50536042500453,14:02:16.042,11.5000,200
50537829832145,14:02:17.829,11.4900,100
50537833821815,14:02:17.833,11.4800,300
50537833821815,14:02:17.833,11.4800,12
50566047871739,14:02:46.047,11.4800,100
50566047871739,14:02:46.047,11.4800,100
50572327527794,14:02:52.327,11.4900,100
50597928795373,14:03:17.928,11.4950,100
50597928878680,14:03:17.928,11.5000,11
50597928958655,14:03:17.928,11.5000,89
50611824369965,14:03:31.824,11.5100,100
50628597361724,14:03:48.597,11.5200,245
50628597361724,14:03:48.597,11.5200,100
50628597361724,14:03:48.597,11.5200,100
50686417921367,14:04:46.417,11.5300,100
50686417921367,14:04:46.417,11.5300,100
50686417921367,14:04:46.417,11.5300,100
50691365396468,14:04:51.365,11.5400,100
50691365396468,14:04:51.365,11.5400,100
50691365396468,14:04:51.365,11.5400,12
50709039573001,14:05:09.039,11.5500,146
50709039573001,14:05:09.039,11.5500,100
50709039573001,14:05:09.039,11.5500,100
50711484460464,14:05:11.484,11.5500,5
50715708910152,14:05:15.708,11.5500,95
50715708910152,14:05:15.708,11.5500,100
50715708910152,14:05:15.708,11.5500,100
50715708910152,14:05:15.708,11.5500,500
50715709059723,14:05:15.709,11.5500,83
50715709126071,14:05:15.709,11.5500,217
50715709126071,14:05:15.709,11.5500,100
50715709348954,14:05:15.709,11.5500,100
50715709348954,14:05:15.709,11.5500,100
50819033702421,14:06:59.033,11.5400,100
50819033702421,14:06:59.033,11.5400,80
50819033722486,14:06:59.033,11.5400,20
50819033722486,14:06:59.033,11.5400,100
50819033722486,14:06:59.033,11.5400,100
50832540105619,14:07:12.540,11.5500,83
50832540190515,14:07:12.540,11.5500,7
50832540541615,14:07:12.540,11.5500,10
50832540541615,14:07:12.540,11.5500,100
50832540541615,14:07:12.540,11.5500,100
50832540541615,14:07:12.540,11.5500,100
50876025811337,14:07:56.025,11.5450,100
50876025811337,14:07:56.025,11.5400,100
50876025811337,14:07:56.025,11.5400,100
50876025811337,14:07:56.025,11.5400,100
50876025811337,14:07:56.025,11.5400,100
50876025811337,14:07:56.025,11.5400,5
50876025813320,14:07:56.025,11.5400,463
50876025847020,14:07:56.025,11.5400,32
50876025847020,14:07:56.025,11.5400,100
50876025847020,14:07:56.025,11.5400,314
50876025885646,14:07:56.025,11.5400,100
50876025885646,14:07:56.025,11.5400,32
50876026032126,14:07:56.026,11.5400,32
50876028155445,14:07:56.028,11.5400,222
50877035267592,14:07:57.035,11.5400,200
50884176985999,14:08:04.176,11.5300,29
50898535179676,14:08:18.535,11.5400,5
50943537906262,14:09:03.537,11.5400,100
50943537906262,14:09:03.537,11.5400,100
50943537906262,14:09:03.537,11.5400,30
50943537957250,14:09:03.537,11.5400,100
50943537975648,14:09:03.537,11.5400,100
50959660102088,14:09:19.660,11.5500,100
50983164758741,14:09:43.164,11.5500,60
50983164766112,14:09:43.164,11.5500,740
50983164766112,14:09:43.164,11.5500,100
50983164766112,14:09:43.164,11.5500,67
50983164796563,14:09:43.164,11.5500,274
50983164819630,14:09:43.164,11.5500,59
50983164819630,14:09:43.164,11.5500,100
50983164819630,14:09:43.164,11.5500,100
50983164819630,14:09:43.164,11.5500,200
50983164819630,14:09:43.164,11.5500,74
50983164823522,14:09:43.164,11.5500,126
50988110439422,14:09:48.110,11.5400,100
50988110439422,14:09:48.110,11.5400,100
50988110439422,14:09:48.110,11.5400,201
50988110490819,14:09:48.110,11.5400,298
50988110587013,14:09:48.110,11.5400,202
50988110977449,14:09:48.110,11.5400,99
50988110977449,14:09:48.110,11.5400,100
50988111190095,14:09:48.111,11.5400,100
50988111270262,14:09:48.111,11.5400,30
50988111270262,14:09:48.111,11.5400,70
51026365742749,14:10:26.365,11.5300,30
51026365824996,14:10:26.365,11.5300,41
51026365824996,14:10:26.365,11.5300,79
51030354656036,14:10:30.354,11.5300,21
51030354656036,14:10:30.354,11.5300,100
51030354656036,14:10:30.354,11.5300,79
51032846362103,14:10:32.846,11.5300,21
51032846362103,14:10:32.846,11.5300,100
51032846362103,14:10:32.846,11.5300,100
51032846362103,14:10:32.846,11.5300,100
51032846549001,14:10:32.846,11.5300,100
51032846549001,14:10:32.846,11.5300,100
51032846714135,14:10:32.846,11.5300,100
51064641325881,14:11:04.641,11.5300,300
51064641325881,14:11:04.641,11.5300,100
51064641325881,14:11:04.641,11.5300,100
51064641325881,14:11:04.641,11.5300,300
51064641325881,14:11:04.641,11.5300,500
51064641325881,14:11:04.641,11.5300,100
51064641325881,14:11:04.641,11.5300,100
51064641486705,14:11:04.641,11.5300,700
51064641564665,14:11:04.641,11.5300,500
51069595085865,14:11:09.595,11.5300,100
51069595085865,14:11:09.595,11.5300,100
51069595085865,14:11:09.595,11.5300,100
51070613355680,14:11:10.613,11.5300,300
51073066363673,14:11:13.066,11.5300,292
51082556327510,14:11:22.556,11.5400,100
51082556327510,14:11:22.556,11.5400,100
51082556327510,14:11:22.556,11.5400,51
51082556399095,14:11:22.556,11.5400,49
51082556741481,14:11:22.556,11.5400,251
51082556758033,14:11:22.556,11.5400,249
51122260207442,14:12:02.260,11.5400,100
51205071749591,14:13:25.071,11.5400,29
51211219311688,14:13:31.219,11.5400,71
51211219311688,14:13:31.219,11.5400,200
51211219311688,14:13:31.219,11.5400,100
51211219311688,14:13:31.219,11.5400,100
51211219311688,14:13:31.219,11.5400,100
51211219311688,14:13:31.219,11.5400,100
51211219311688,14:13:31.219,11.5400,100
51211219311688,14:13:31.219,11.5400,100
51211219610688,14:13:31.219,11.5400,100
51211219612006,14:13:31.219,11.5400,30
51211219614533,14:13:31.219,11.5400,70
51263115132978,14:14:23.115,11.5400,500
51263115132978,14:14:23.115,11.5400,100
51263115132978,14:14:23.115,11.5400,100
51263115617912,14:14:23.115,11.5400,100
51263115617912,14:14:23.115,11.5400,100
51263115664369,14:14:23.115,11.5400,100
51263115694041,14:14:23.115,11.5400,400
51300192042037,14:15:00.192,11.5400,100
51300192042037,14:15:00.192,11.5400,200
51300192125245,14:15:00.192,11.5400,400
51300192125245,14:15:00.192,11.5400,100
51300192125245,14:15:00.192,11.5400,100
51300192125245,14:15:00.192,11.5400,100
51300240261686,14:15:00.240,11.5400,100
51300241894849,14:15:00.241,11.5400,100
51300241894849,14:15:00.241,11.5400,100
51300241894849,14:15:00.241,11.5400,100
51302636484206,14:15:02.636,11.5300,100
51305806443850,14:15:05.806,11.5300,100
51305806443850,14:15:05.806,11.5300,100
51305806443850,14:15:05.806,11.5300,100
51339645147999,14:15:39.645,11.5300,154
51339645193603,14:15:39.645,11.5300,400
51339645206344,14:15:39.645,11.5300,146
51349473441048,14:15:49.473,11.5300,80
51349474268098,14:15:49.474,11.5300,20
51357876777550,14:15:57.876,11.5300,100
51371537219816,14:16:11.537,11.5300,100
51371537219816,14:16:11.537,11.5300,100
51381764498193,14:16:21.764,11.5400,12
51381764498193,14:16:21.764,11.5400,188
51381764537989,14:16:21.764,11.5400,12
51381764537989,14:16:21.764,11.5400,100
51381764537989,14:16:21.764,11.5400,100
51381764925750,14:16:21.764,11.5400,420
51381764953147,14:16:21.764,11.5400,100
51381765002728,14:16:21.765,11.5400,80
51381765002728,14:16:21.765,11.5400,20
51381765130461,14:16:21.765,11.5400,80
51381765130461,14:16:21.765,11.5400,20
51381765433318,14:16:21.765,11.5400,80
51381765433318,14:16:21.765,11.5400,20
51381765480908,14:16:21.765,11.5400,480
51400205783062,14:16:40.205,11.5500,100
51400205783062,14:16:40.205,11.5500,100
51400205783062,14:16:40.205,11.5500,6
51400205783062,14:16:40.205,11.5500,100
51400205783062,14:16:40.205,11.5500,100
51400205783062,14:16:40.205,11.5500,100
51407293969781,14:16:47.293,11.5500,100
51421463268558,14:17:01.463,11.5500,73
51421463270913,14:17:01.463,11.5500,27
51421463270913,14:17:01.463,11.5500,200
51421463270913,14:17:01.463,11.5500,100
51421463270913,14:17:01.463,11.5500,100
51421463648592,14:17:01.463,11.5500,100
51421463648592,14:17:01.463,11.5500,100
51474359487283,14:17:54.359,11.5500,58
51474359788331,14:17:54.359,11.5500,13
51474359788331,14:17:54.359,11.5500,100
51474359788331,14:17:54.359,11.5500,100
51474360567084,14:17:54.360,11.5500,200
51481585139591,14:18:01.585,11.5500,100
51509513520075,14:18:29.513,11.5500,29
51784354302173,14:23:04.354,11.5500,29
51803812157660,14:23:23.812,11.5600,200
51803812157660,14:23:23.812,11.5600,100
51803812157660,14:23:23.812,11.5600,400
51803812613386,14:23:23.812,11.5600,300
51803812613386,14:23:23.812,11.5600,100
51803812613386,14:23:23.812,11.5600,7
51803812613386,14:23:23.812,11.5600,200
51803812613386,14:23:23.812,11.5600,100
51803812613386,14:23:23.812,11.5600,100
51803812613386,14:23:23.812,11.5600,30
51803812613386,14:23:23.812,11.5600,100
51803812613386,14:23:23.812,11.5600,100
51803812613386,14:23:23.812,11.5600,100
51803812613386,14:23:23.812,11.5600,100
51803812613386,14:23:23.812,11.5600,9
51803812625601,14:23:23.812,11.5600,91
51803812625601,14:23:23.812,11.5600,456
51803812919828,14:23:23.812,11.5600,44
51804114413051,14:23:24.114,11.5600,1
51819156046177,14:23:39.156,11.5600,200
51819156046177,14:23:39.156,11.5600,100
51819156046177,14:23:39.156,11.5600,500
51819156049139,14:23:39.156,11.5600,200
51819156049139,14:23:39.156,11.5600,100
51819156049139,14:23:39.156,11.5600,600
51819156049139,14:23:39.156,11.5600,200
51819156049139,14:23:39.156,11.5600,100
51819156049139,14:23:39.156,11.5600,600
51819156049139,14:23:39.156,11.5600,200
51819156076665,14:23:39.156,11.5600,700
51868370264453,14:24:28.370,11.5500,42
51868370264453,14:24:28.370,11.5500,100
51868370264453,14:24:28.370,11.5500,100
51868370264453,14:24:28.370,11.5500,100
51868370264453,14:24:28.370,11.5500,100
51868370264453,14:24:28.370,11.5500,555
51868370318329,14:24:28.370,11.5500,100
51868370507387,14:24:28.370,11.5500,45
51868370507387,14:24:28.370,11.5500,100
51868370507387,14:24:28.370,11.5500,100
51868370507387,14:24:28.370,11.5500,100
51868370507387,14:24:28.370,11.5500,100
51868370507387,14:24:28.370,11.5500,100
51868370507387,14:24:28.370,11.5500,100
51868370685241,14:24:28.370,11.5500,100
51868370753256,14:24:28.370,11.5500,100
51897993578535,14:24:57.993,11.5400,100
51945457695577,14:25:45.457,11.5400,100
51981098711453,14:26:21.098,11.5400,100
51981098711453,14:26:21.098,11.5400,200
51981098711453,14:26:21.098,11.5400,100
51981098711453,14:26:21.098,11.5400,300
51981098711453,14:26:21.098,11.5400,73
51981364382020,14:26:21.364,11.5400,100
52007549838041,14:26:47.549,11.5300,100
52009087536961,14:26:49.087,11.5300,100
52009087536961,14:26:49.087,11.5300,100
52009087536961,14:26:49.087,11.5300,100
52009087536961,14:26:49.087,11.5300,200
52009087536961,14:26:49.087,11.5300,100
52009087649320,14:26:49.087,11.5300,100
52009087807030,14:26:49.087,11.5300,100
52009087936953,14:26:49.087,11.5300,100
52009087942810,14:26:49.087,11.5300,100
52009087942810,14:26:49.087,11.5300,71
52009087943718,14:26:49.087,11.5300,66
52009087949268,14:26:49.087,11.5300,163
52009087949268,14:26:49.087,11.5300,300
52009087972302,14:26:49.087,11.5300,100
52009089249456,14:26:49.089,11.5300,100
52009089745924,14:26:49.089,11.5300,100
52044183234191,14:27:24.183,11.5200,100
52075834654664,14:27:55.834,11.5200,100
52075834654664,14:27:55.834,11.5200,100
52075834799889,14:27:55.834,11.5200,100
52075835229525,14:27:55.835,11.5200,100
52075835238356,14:27:55.835,11.5200,100
52088056995234,14:28:08.056,11.5100,29
52281037612479,14:31:21.037,11.5100,100
52281037612479,14:31:21.037,11.5100,200
52281037612479,14:31:21.037,11.5100,100
52281037612479,14:31:21.037,11.5100,100
52281037612479,14:31:21.037,11.5100,100
52281037612479,14:31:21.037,11.5100,100
52281037612479,14:31:21.037,11.5100,100
52281040837835,14:31:21.040,11.5100,100
52281040837835,14:31:21.040,11.5100,75
52281040837835,14:31:21.040,11.5100,25
52321352703687,14:32:01.352,11.5100,75
52321352703687,14:32:01.352,11.5100,25
52324269866861,14:32:04.269,11.5100,75
52324269866861,14:32:04.269,11.5100,25
52358640668003,14:32:38.640,11.5100,300
52358641003006,14:32:38.641,11.5100,262
52358641024454,14:32:38.641,11.5100,113
52358641024454,14:32:38.641,11.5100,136
52358641169209,14:32:38.641,11.5100,164
52358641169209,14:32:38.641,11.5100,100
52358641169209,14:32:38.641,11.5100,100
52358641169209,14:32:38.641,11.5100,100
52358641169209,14:32:38.641,11.5100,200
52358641169209,14:32:38.641,11.5100,49
52358641748337,14:32:38.641,11.5100,100
52358641748337,14:32:38.641,11.5100,100
52358641748337,14:32:38.641,11.5100,400
52358641748337,14:32:38.641,11.5100,100
52358641748337,14:32:38.641,11.5100,100
52358642680237,14:32:38.642,11.5100,100
52358648429375,14:32:38.648,11.5100,100
52381210445301,14:33:01.210,11.5000,29
52387996394983,14:33:07.996,11.5000,71
52387996394983,14:33:07.996,11.5000,100
52387996394983,14:33:07.996,11.5000,100
52387996394983,14:33:07.996,11.5000,600
52387996394983,14:33:07.996,11.5000,100
52387996394983,14:33:07.996,11.5000,100
52387996394983,14:33:07.996,11.5000,100
52387996394983,14:33:07.996,11.5000,100
52387996394983,14:33:07.996,11.5000,4
52387996693106,14:33:07.996,11.5000,100
52387996693106,14:33:07.996,11.5000,30
52387996772096,14:33:07.996,11.5000,70
52387996793644,14:33:07.996,11.5000,60
52387996855797,14:33:07.996,11.5000,40
52387996879550,14:33:07.996,11.5000,100
52387996901878,14:33:07.996,11.5000,60
52387996948523,14:33:07.996,11.5000,40
52492018972856,14:34:52.018,11.5000,100
52492018972856,14:34:52.018,11.5000,200
52492018972856,14:34:52.018,11.5000,100
52492018972856,14:34:52.018,11.5000,100
52492018972856,14:34:52.018,11.5000,12
52492018972856,14:34:52.018,11.5000,100
52492018972856,14:34:52.018,11.5000,300
52492018972856,14:34:52.018,11.5000,165
52492018972856,14:34:52.018,11.5000,100
52492018972856,14:34:52.018,11.5000,100
52492018972856,14:34:52.018,11.5000,100
52492018972856,14:34:52.018,11.5000,100
52492019008691,14:34:52.019,11.5000,100
52512005989373,14:35:12.005,11.5050,6
52517988803888,14:35:17.988,11.5100,100
52517988886495,14:35:17.988,11.5100,100
52517988955403,14:35:17.988,11.5100,100
52517988955403,14:35:17.988,11.5100,1
52517988955403,14:35:17.988,11.5100,1000
52517988955403,14:35:17.988,11.5100,113
52517988955403,14:35:17.988,11.5100,152
52517988955403,14:35:17.988,11.5100,12
52518039688294,14:35:18.039,11.5100,30
52518868274752,14:35:18.868,11.5100,100
52518868274752,14:35:18.868,11.5100,300
52518868274752,14:35:18.868,11.5100,63
52518868274752,14:35:18.868,11.5100,63
52518868274752,14:35:18.868,11.5100,100
52518868274752,14:35:18.868,11.5100,100
52518873696380,14:35:18.873,11.5050,100
52519074512436,14:35:19.074,11.5050,58
52570003927722,14:36:10.003,11.5000,100
52570003927722,14:36:10.003,11.5000,100
52570003927722,14:36:10.003,11.5000,200
52570003977169,14:36:10.003,11.5000,300
52570003977169,14:36:10.003,11.5000,100
52570003977169,14:36:10.003,11.5000,100
52570003977169,14:36:10.003,11.5000,800
52570003998016,14:36:10.003,11.5000,100
52570003998016,14:36:10.003,11.5000,200
52589788139226,14:36:29.788,11.4900,100
52589788139226,14:36:29.788,11.4900,100
52589788139226,14:36:29.788,11.4900,100
52589788139226,14:36:29.788,11.4900,800
52589788139226,14:36:29.788,11.4900,100
52589788139226,14:36:29.788,11.4900,100
52589788139226,14:36:29.788,11.4900,91
52589788346796,14:36:29.788,11.4900,300
52589788421221,14:36:29.788,11.4900,100
52589788421221,14:36:29.788,11.4900,200
52628461496249,14:37:08.461,11.4800,100
52628461496249,14:37:08.461,11.4800,100
52628461496249,14:37:08.461,11.4800,100
52628462927583,14:37:08.462,11.4800,100
52639511247554,14:37:19.511,11.4800,186
52639512933389,14:37:19.512,11.4800,1814
52639512933389,14:37:19.512,11.4800,300
52639512933389,14:37:19.512,11.4800,380
52639512933389,14:37:19.512,11.4800,100
52639522279279,14:37:19.522,11.4900,100
52639522279279,14:37:19.522,11.4900,100
52639522279279,14:37:19.522,11.4900,100
52639522279279,14:37:19.522,11.4900,1500
52639523039792,14:37:19.523,11.4900,56
52639523039792,14:37:19.523,11.4900,100
52639523039792,14:37:19.523,11.4900,100
52639523039792,14:37:19.523,11.4900,100
52639523039792,14:37:19.523,11.4900,100
52639523039792,14:37:19.523,11.4900,380
52639523039792,14:37:19.523,11.4900,100
52658180320197,14:37:38.180,11.5000,100
52658180486925,14:37:38.180,11.5000,200
52658180486925,14:37:38.180,11.5000,100
52658180486925,14:37:38.180,11.5000,100
52658180486925,14:37:38.180,11.5000,247
52728227361482,14:38:48.227,11.5100,100
52728230238009,14:38:48.230,11.5100,20
52728230238009,14:38:48.230,11.5100,580
52728230965109,14:38:48.230,11.5100,78
52728239410395,14:38:48.239,11.5100,42
52728239410395,14:38:48.239,11.5100,100
52728239410395,14:38:48.239,11.5100,258
52728239447552,14:38:48.239,11.5100,42
52728239447552,14:38:48.239,11.5100,30
52746273913245,14:39:06.273,11.5100,100
52747965558941,14:39:07.965,11.5100,100
52747965558941,14:39:07.965,11.5100,100
52747965558941,14:39:07.965,11.5100,100
52747965558941,14:39:07.965,11.5100,400
52747965558941,14:39:07.965,11.5100,100
52747965756849,14:39:07.965,11.5100,300
52991250542933,14:43:11.250,11.5000,29
52996114634528,14:43:16.114,11.5050,100
52996114634528,14:43:16.114,11.5000,100
52996114634528,14:43:16.114,11.5000,100
52996114634528,14:43:16.114,11.5000,100
52996114634528,14:43:16.114,11.5000,100
52996114634528,14:43:16.114,11.5000,100
52996114634528,14:43:16.114,11.5000,100
52996114634528,14:43:16.114,11.5000,100
52996114634528,14:43:16.114,11.5000,100
52996114675896,14:43:16.114,11.5000,900
52996114675896,14:43:16.114,11.5000,100
52996114704760,14:43:16.114,11.5000,100
52996114978412,14:43:16.114,11.5000,100
52996114978412,14:43:16.114,11.5000,100
52996115005782,14:43:16.115,11.5000,172
52996115380677,14:43:16.115,11.5000,100
52996115380677,14:43:16.115,11.5000,28
53004819623587,14:43:24.819,11.5000,100
53004819623587,14:43:24.819,11.5000,100
53004819928586,14:43:24.819,11.5000,1100
53004819928586,14:43:24.819,11.5000,90
53004819955474,14:43:24.819,11.5000,10
53004819988119,14:43:24.819,11.5000,10
53004819989418,14:43:24.819,11.5000,10
53034865463277,14:43:54.865,11.5100,100
53034865463277,14:43:54.865,11.5100,5
53034865463277,14:43:54.865,11.5100,45
53034865463277,14:43:54.865,11.5100,100
53034865463277,14:43:54.865,11.5100,300
53034865463277,14:43:54.865,11.5100,100
53034865463277,14:43:54.865,11.5100,100
53034865463277,14:43:54.865,11.5100,50
53034865501513,14:43:54.865,11.5100,50
53034865501513,14:43:54.865,11.5100,300
53051575254026,14:44:11.575,11.5100,100
53051575254026,14:44:11.575,11.5100,100
53051575254026,14:44:11.575,11.5100,600
53051575423335,14:44:11.575,11.5100,400
53051575498095,14:44:11.575,11.5100,100
53051575498095,14:44:11.575,11.5100,100
53084603232173,14:44:44.603,11.5100,100
53084603232173,14:44:44.603,11.5100,600
53084603232173,14:44:44.603,11.5100,300
53112324046007,14:45:12.324,11.5100,6
53126200364758,14:45:26.200,11.5100,47
53189254609753,14:46:29.254,11.5200,100
53189254609753,14:46:29.254,11.5200,100
53189254609753,14:46:29.254,11.5200,100
53189255106988,14:46:29.255,11.5200,30
53189255106988,14:46:29.255,11.5200,12
53189255106988,14:46:29.255,11.5200,100
53189255106988,14:46:29.255,11.5200,100
53189255106988,14:46:29.255,11.5200,58
53189255602861,14:46:29.255,11.5200,142
53189255602861,14:46:29.255,11.5200,100
53217542306407,14:46:57.542,11.5300,300
53217542493933,14:46:57.542,11.5300,123
53217542493933,14:46:57.542,11.5300,100
53242102929558,14:47:22.102,11.5400,100
53242102929558,14:47:22.102,11.5400,100
53242102929558,14:47:22.102,11.5400,100
53244518893540,14:47:24.518,11.5400,300
53244518893540,14:47:24.518,11.5400,100
53244518893540,14:47:24.518,11.5400,843
53244518925919,14:47:24.518,11.5400,257
53244518925919,14:47:24.518,11.5400,100
53244519113682,14:47:24.519,11.5400,100
53244519113682,14:47:24.519,11.5400,11
53244519152534,14:47:24.519,11.5400,189
53244519305620,14:47:24.519,11.5400,100
53292985720879,14:48:12.985,11.5300,29
53296470932729,14:48:16.470,11.5300,100
53296470932729,14:48:16.470,11.5300,200
53296470976083,14:48:16.470,11.5300,200
53296471015665,14:48:16.471,11.5300,330
53296471036175,14:48:16.471,11.5300,370
53296471036175,14:48:16.471,11.5300,100
53296471036175,14:48:16.471,11.5300,100
53296471036175,14:48:16.471,11.5300,500
53296471036175,14:48:16.471,11.5300,100
53296471036175,14:48:16.471,11.5300,330
53296471155366,14:48:16.471,11.5300,100
53296471356228,14:48:16.471,11.5300,100
53296471472018,14:48:16.471,11.5300,100
53296471609379,14:48:16.471,11.5300,100
53296471799616,14:48:16.471,11.5300,270
53343162205758,14:49:03.162,11.5200,30
53363037640920,14:49:23.037,11.5200,100
53363037640920,14:49:23.037,11.5200,50
53363037640920,14:49:23.037,11.5200,100
53363037640920,14:49:23.037,11.5200,100
53363037640920,14:49:23.037,11.5200,21
53363037839022,14:49:23.037,11.5200,179
53470272542412,14:51:10.272,11.5100,100
53470272542412,14:51:10.272,11.5100,100
53481546021174,14:51:21.546,11.5100,46
53518189319434,14:51:58.189,11.5100,54
53518189319434,14:51:58.189,11.5100,46
53542007300869,14:52:22.007,11.5200,300
53542007368740,14:52:22.007,11.5150,600
53542013942808,14:52:22.013,11.5150,300
53542013942808,14:52:22.013,11.5200,100
53542013942808,14:52:22.013,11.5200,100
53542013942808,14:52:22.013,11.5200,100
53542013942808,14:52:22.013,11.5200,100
53542013942808,14:52:22.013,11.5200,100
53542013942808,14:52:22.013,11.5200,300
53542013942808,14:52:22.013,11.5200,5
53542013942808,14:52:22.013,11.5200,100
53542013942808,14:52:22.013,11.5200,100
53542013942808,14:52:22.013,11.5200,100
53542013942808,14:52:22.013,11.5200,195
53542014374060,14:52:22.014,11.5200,11
53542014374060,14:52:22.014,11.5200,48
53783881507457,14:56:23.881,11.5250,100
53783881507457,14:56:23.881,11.5200,100
53783881507457,14:56:23.881,11.5200,400
53783881507457,14:56:23.881,11.5200,100
53783881507457,14:56:23.881,11.5200,100
53783881507457,14:56:23.881,11.5200,100
53783881507457,14:56:23.881,11.5200,100
53783881507457,14:56:23.881,11.5200,100
53783881507457,14:56:23.881,11.5200,76
53783881507457,14:56:23.881,11.5200,100
53783881541629,14:56:23.881,11.5200,476
53783881754871,14:56:23.881,11.5200,100
53783882116183,14:56:23.882,11.5200,24
53789719258887,14:56:29.719,11.5200,50
53789758794444,14:56:29.758,11.5200,216
53789758794444,14:56:29.758,11.5200,500
53789758794444,14:56:29.758,11.5200,100
53789758794444,14:56:29.758,11.5200,200
53789758794444,14:56:29.758,11.5200,400
53800764194195,14:56:40.764,11.5300,300
53800764194195,14:56:40.764,11.5300,100
53800764194195,14:56:40.764,11.5300,98
53800764194195,14:56:40.764,11.5300,100
53800764194195,14:56:40.764,11.5300,72
53800764194195,14:56:40.764,11.5300,5
53800764194195,14:56:40.764,11.5300,100
53800764194195,14:56:40.764,11.5300,100
53800764194195,14:56:40.764,11.5300,40
53800764194195,14:56:40.764,11.5300,100
53830160400774,14:57:10.160,11.5300,200
53830160400774,14:57:10.160,11.5300,100
53830160400774,14:57:10.160,11.5300,1000
53830160400774,14:57:10.160,11.5300,100
53830160400774,14:57:10.160,11.5300,500
53830160400774,14:57:10.160,11.5300,81
53830160400774,14:57:10.160,11.5300,19
53830160437101,14:57:10.160,11.5300,81
53861965010769,14:57:41.965,11.5300,300
53861965010769,14:57:41.965,11.5300,100
53861965010769,14:57:41.965,11.5300,100
53861965010769,14:57:41.965,11.5300,12
53861965010769,14:57:41.965,11.5300,100
53861965010769,14:57:41.965,11.5300,100
53861965010769,14:57:41.965,11.5300,100
53917634794186,14:58:37.634,11.5300,40
54126834814459,15:02:06.834,11.5350,100
54126834814459,15:02:06.834,11.5300,100
54141590542237,15:02:21.590,11.5300,40
54163669916672,15:02:43.669,11.5300,160
54163669916672,15:02:43.669,11.5300,100
54163669916672,15:02:43.669,11.5300,100
54163669916672,15:02:43.669,11.5300,100
54163669916672,15:02:43.669,11.5300,100
54163669916672,15:02:43.669,11.5300,100
54163669916672,15:02:43.669,11.5300,100
54163669916672,15:02:43.669,11.5300,69
54163669916672,15:02:43.669,11.5300,100
54163669916672,15:02:43.669,11.5300,100
54163669916672,15:02:43.669,11.5300,100
54163669943961,15:02:43.669,11.5300,569
54163669970351,15:02:43.669,11.5300,131
54179771258752,15:02:59.771,11.5200,29
54237788876607,15:03:57.788,11.5200,49
54246288805925,15:04:06.288,11.5200,22
54246288805925,15:04:06.288,11.5200,100
54246288805925,15:04:06.288,11.5200,400
54246288805925,15:04:06.288,11.5200,57
54246288805925,15:04:06.288,11.5200,4
54246288805925,15:04:06.288,11.5200,17
54246288915705,15:04:06.288,11.5200,83
54246288915705,15:04:06.288,11.5200,100
54246288915705,15:04:06.288,11.5200,900
54246288924949,15:04:06.288,11.5200,400
54246288924949,15:04:06.288,11.5200,100
54246288924949,15:04:06.288,11.5200,583
54246289262065,15:04:06.289,11.5200,400
54246289262065,15:04:06.289,11.5200,100
54246289262065,15:04:06.289,11.5200,100
54246289262065,15:04:06.289,11.5200,417
54250265645812,15:04:10.265,11.5100,100
