timestamp,time,price,volume
34200415261073,09:30:00.415,27.0000,4323
34200551658458,09:30:00.551,26.6900,20
34231115610690,09:30:31.115,26.8300,11
34404100886347,09:33:24.100,27.2400,72
34506508269268,09:35:06.508,27.2400,9
34584779325009,09:36:24.779,27.0400,14
34774409327037,09:39:34.409,27.2700,1
34774409327037,09:39:34.409,27.2700,16
34859463890827,09:40:59.463,27.2000,55
34868338904608,09:41:08.338,27.2200,40
34894161234244,09:41:34.161,27.2200,21
34918665821107,09:41:58.665,27.2000,6
34918665821107,09:41:58.665,27.1900,100
34918665821107,09:41:58.665,27.1700,57
34918665835638,09:41:58.665,27.1700,43
34918665835638,09:41:58.665,27.1700,30
34918665841792,09:41:58.665,27.1700,33
34918671238936,09:41:58.671,27.1750,100
34918683628339,09:41:58.683,27.2500,200
34918683628339,09:41:58.683,27.2700,300
34940790001929,09:42:20.790,27.0500,100
34955328833912,09:42:35.328,27.0500,100
34955328833912,09:42:35.328,27.0500,100
34955329414386,09:42:35.329,27.1000,100
34955329653774,09:42:35.329,27.0500,100
35046755860434,09:44:06.755,27.0700,25
35046756198431,09:44:06.756,27.0700,25
35047810231493,09:44:07.810,27.0700,25
35074109146104,09:44:34.109,27.0700,25
35074109146104,09:44:34.109,27.0700,75
35074109485900,09:44:34.109,27.0700,25
35074109485900,09:44:34.109,27.0700,22
35074109496317,09:44:34.109,27.0700,78
35074109496317,09:44:34.109,27.0700,7
35074109743205,09:44:34.109,27.0700,93
35074109743205,09:44:34.109,27.0600,7
35074109991134,09:44:34.109,27.0600,93
35074110440350,09:44:34.110,27.0400,100
35075521847856,09:44:35.521,27.0600,200
35075521847856,09:44:35.521,27.0600,300
35075521891068,09:44:35.521,27.0600,300
35075521891068,09:44:35.521,27.0700,100
35075522441906,09:44:35.522,27.0700,100
35075522480081,09:44:35.522,27.0700,33
35075522658075,09:44:35.522,27.0700,100
35075522702053,09:44:35.522,27.0700,67
35075522738611,09:44:35.522,27.0800,33
35075522879396,09:44:35.522,27.0800,33
35075522984847,09:44:35.522,27.0800,33
35075523136949,09:44:35.523,27.0800,33
35075523933910,09:44:35.523,27.0800,33
35127965041418,09:45:27.965,27.0000,100
35129119613114,09:45:29.119,26.9200,25
35129119952075,09:45:29.119,26.9200,25
35145263716310,09:45:45.263,26.9200,100
35145263888592,09:45:45.263,26.9300,100
35145294560955,09:45:45.294,26.9300,100
35145392116639,09:45:45.392,26.9300,100
35470226228651,09:51:10.226,26.9000,100
35815109538185,09:56:55.109,26.8600,5
35876032001575,09:57:56.032,26.8600,100
35876032781352,09:57:56.032,26.8500,1
35876033443936,09:57:56.033,26.8100,8
35876424800596,09:57:56.424,26.7450,10
35880775769097,09:58:00.775,26.7450,90
35973328909131,09:59:33.328,26.6800,100
36308805049091,10:05:08.805,26.6700,74
36318425561730,10:05:18.425,26.6100,100
36355003940829,10:05:55.003,26.6100,1
36691279839070,10:11:31.279,26.6400,125
36691279839070,10:11:31.279,26.6500,75
36691280153690,10:11:31.280,26.6500,125
36691280175279,10:11:31.280,26.6500,125
36691280177841,10:11:31.280,26.6500,4
37098157659646,10:18:18.157,26.6100,10
37098157659646,10:18:18.157,26.5700,7
37098157675197,10:18:18.157,26.5700,93
37098157675197,10:18:18.157,26.5700,100
37128790082664,10:18:48.790,26.5100,100
37194524165397,10:19:54.524,26.4800,100
37254883154681,10:20:54.883,26.4900,29
37363079701664,10:22:43.079,26.4800,100
37565392846320,10:26:05.392,26.5700,100
37565392846320,10:26:05.392,26.5700,300
37565393003097,10:26:05.393,26.6000,26
37565393010534,10:26:05.393,26.6000,26
37565393025100,10:26:05.393,26.6000,9
37565393092568,10:26:05.393,26.6000,39
37565393244567,10:26:05.393,26.6000,100
37565393256352,10:26:05.393,26.6000,52
37565393265093,10:26:05.393,26.6000,48
37565393270612,10:26:05.393,26.6000,52
37565393284504,10:26:05.393,26.6000,48
37565393335253,10:26:05.393,26.6000,3
37565393384021,10:26:05.393,26.6000,97
37565393414767,10:26:05.393,26.6000,97
37565393629026,10:26:05.393,26.6000,3
37565393629026,10:26:05.393,26.6100,100
37565397625909,10:26:05.397,26.6100,100
37565404484611,10:26:05.404,26.6100,100
37565404484611,10:26:05.404,26.6100,100
37565404484611,10:26:05.404,26.6200,100
37567721617600,10:26:07.721,26.5800,29
37616274986356,10:26:56.274,26.5700,100
37755737857855,10:29:15.737,26.5000,42
37893655922378,10:31:33.655,26.4900,35
37893655922378,10:31:33.655,26.4800,65
37893655936717,10:31:33.655,26.4800,35
37893655936717,10:31:33.655,26.4700,31
37893655945613,10:31:33.655,26.4700,19
37893655948082,10:31:33.655,26.4700,50
37893655948082,10:31:33.655,26.4700,16
37893655948914,10:31:33.655,26.4700,66
37893656018542,10:31:33.656,26.4700,18
37895176834217,10:31:35.176,26.4600,5
37895177180356,10:31:35.177,26.4500,5
37900299072775,10:31:40.299,26.4400,9
37906781845021,10:31:46.781,26.4150,81
37906783170493,10:31:46.783,26.4150,19
37906783170493,10:31:46.783,26.4000,61
37906867956661,10:31:46.867,26.4000,19
37907422862686,10:31:47.422,26.3900,100
37908609233806,10:31:48.609,26.4400,100
37910621555673,10:31:50.621,26.4150,100
37913873334321,10:31:53.873,26.3800,10
37913873677425,10:31:53.873,26.3800,90
37932624532504,10:32:12.624,26.3100,100
37932624665330,10:32:12.624,26.3000,75
37941845036073,10:32:21.845,26.3000,52
37941845053147,10:32:21.845,26.3000,23
37966627363304,10:32:46.627,26.2400,89
37966628260750,10:32:46.628,26.2300,100
37966628260750,10:32:46.628,26.2300,200
37966628260750,10:32:46.628,26.2300,100
37966628695672,10:32:46.628,26.2600,100
37966629096337,10:32:46.629,26.2000,300
37966629750928,10:32:46.629,26.2000,100
37966629750928,10:32:46.629,26.2000,100
37966629750928,10:32:46.629,26.1800,100
37966630443675,10:32:46.630,26.1600,100
37966630443675,10:32:46.630,26.1500,100
37966630443675,10:32:46.630,26.1500,100
37966630443675,10:32:46.630,26.1500,90
37970721369739,10:32:50.721,26.2050,400
37970721810910,10:32:50.721,26.2500,4
37970721810910,10:32:50.721,26.2600,196
37970721854623,10:32:50.721,26.2150,5
37970721861497,10:32:50.721,26.2150,4
37970721878231,10:32:50.721,26.2150,100
37970721883512,10:32:50.721,26.2150,100
37970721937098,10:32:50.721,26.2150,104
37970722082782,10:32:50.722,26.2400,95
37970722356759,10:32:50.722,26.2400,5
37970722501996,10:32:50.722,26.2400,100
37970722517764,10:32:50.722,26.2400,100
37970723223892,10:32:50.723,26.2400,100
37970723314761,10:32:50.723,26.2400,5
37971045866949,10:32:51.045,26.2450,100
37971046290364,10:32:51.046,26.2450,100
37971622760615,10:32:51.622,26.2450,4
37971622761162,10:32:51.622,26.2450,4
37971622792454,10:32:51.622,26.2500,4
37971623161316,10:32:51.623,26.2500,4
37975023349201,10:32:55.023,26.2450,200
37980761431150,10:33:00.761,26.2450,100
37980761565010,10:33:00.761,26.2450,96
37980761896445,10:33:00.761,26.2500,70
37980761896445,10:33:00.761,26.2600,81
37980761904316,10:33:00.761,26.2600,19
37980761904316,10:33:00.761,26.2600,30
37980761908470,10:33:00.761,26.2600,49
37980761943249,10:33:00.761,26.2600,11
37980761982328,10:33:00.761,26.2600,10
37980761982328,10:33:00.761,26.2600,100
37980761982328,10:33:00.761,26.2600,9
37980762002127,10:33:00.762,26.2600,49
37980762023724,10:33:00.762,26.2600,47
37980762023724,10:33:00.762,26.2700,36
37980762120914,10:33:00.762,26.2700,64
37980762120914,10:33:00.762,26.2700,36
37980762132774,10:33:00.762,26.2700,64
37980762132774,10:33:00.762,26.2700,36
37980762174263,10:33:00.762,26.2700,59
38066068328954,10:34:26.068,26.4400,100
38066068792304,10:34:26.068,26.4400,100
38066069031969,10:34:26.069,26.4400,100
38066531880444,10:34:26.531,26.4400,100
38066532905618,10:34:26.532,26.4500,100
38166956234673,10:36:06.956,26.4800,200
38337733435710,10:38:57.733,26.4500,100
38361845221467,10:39:21.845,26.4300,68
38361845221467,10:39:21.845,26.4300,32
38378923231199,10:39:38.923,26.4300,68
38378923317329,10:39:38.923,26.4300,4
38378923317329,10:39:38.923,26.4300,64
38378923565151,10:39:38.923,26.4300,36
38378930422936,10:39:38.930,26.4600,79
38402113274920,10:40:02.113,26.3800,100
38402113274920,10:40:02.113,26.3800,100
38402120604360,10:40:02.120,26.3800,100
38447617212336,10:40:47.617,26.3200,100
38447617610367,10:40:47.617,26.2900,200
38568127470695,10:42:48.127,26.3200,400
38568127470695,10:42:48.127,26.3200,99
38568127547978,10:42:48.127,26.3200,57
38568127598414,10:42:48.127,26.3200,144
38602977011295,10:43:22.977,26.3300,200
38602977011295,10:43:22.977,26.3300,1
38602977039623,10:43:22.977,26.3300,200
38602977527755,10:43:22.977,26.3300,2
38602977528996,10:43:22.977,26.3300,2
38602977543708,10:43:22.977,26.3300,96
38602977543708,10:43:22.977,26.3300,4
38602977640225,10:43:22.977,26.3300,100
38602997898261,10:43:22.997,26.3300,196
38616003366294,10:43:36.003,26.3400,200
38616003366294,10:43:36.003,26.3400,100
38694140383240,10:44:54.140,26.3400,100
38694140686060,10:44:54.140,26.3400,100
39052338945412,10:50:52.338,26.5000,100
39052339418632,10:50:52.339,26.5100,82
39052339474488,10:50:52.339,26.5100,18
39052340003750,10:50:52.340,26.5200,100
39068970143273,10:51:08.970,26.4900,21
39239531830480,10:53:59.531,26.4900,100
39394930987368,10:56:34.930,26.5000,26
39436183431915,10:57:16.183,26.5000,20
39436183431915,10:57:16.183,26.5000,6
39436183434190,10:57:16.183,26.5000,1
39436183434190,10:57:16.183,26.4900,21
39436183434190,10:57:16.183,26.4900,4
39436183437456,10:57:16.183,26.4900,1
39436183452786,10:57:16.183,26.4700,100
39436183452786,10:57:16.183,26.4700,93
39436183453510,10:57:16.183,26.4700,7
39436183770987,10:57:16.183,26.4400,10
39436183770987,10:57:16.183,26.4300,90
39436184162014,10:57:16.184,26.4300,10
39436184162014,10:57:16.184,26.4300,90
39436184199625,10:57:16.184,26.4300,10
39436184269488,10:57:16.184,26.4300,100
39476130119636,10:57:56.130,26.4100,100
39476130119636,10:57:56.130,26.4100,100
39476130164151,10:57:56.130,26.4100,100
39476130165431,10:57:56.130,26.4000,100
39917598032576,11:05:17.598,26.3100,10
39944281141494,11:05:44.281,26.4000,100
39944281141494,11:05:44.281,26.4100,88
39944660012804,11:05:44.660,26.4100,212
39944660735989,11:05:44.660,26.4100,4
40194596361290,11:09:54.596,26.3700,100
40194597690174,11:09:54.597,26.3400,100
40217098176556,11:10:17.098,26.4000,1
40217098176556,11:10:17.098,26.4000,99
40391748984312,11:13:11.748,26.3700,50
40470728654732,11:14:30.728,26.4000,1
40470728654732,11:14:30.728,26.4000,10
40470728654732,11:14:30.728,26.4000,89
40583872033904,11:16:23.872,26.3400,1
40637159407939,11:17:17.159,26.3300,100
40686394604938,11:18:06.394,26.3300,100
40686394645954,11:18:06.394,26.3300,100
40686394689155,11:18:06.394,26.3200,100
40686395045697,11:18:06.395,26.3200,100
40766163120108,11:19:26.163,26.3600,1
40766164607128,11:19:26.164,26.3800,89
40766169406666,11:19:26.169,26.4000,100
40766169418072,11:19:26.169,26.3700,100
40766169471526,11:19:26.169,26.4000,11
40766169471526,11:19:26.169,26.4000,4
40774858653321,11:19:34.858,26.4100,100
40774858653321,11:19:34.858,26.4100,100
40774858653321,11:19:34.858,26.4100,100
40774858653321,11:19:34.858,26.4100,1
40774858653321,11:19:34.858,26.4100,300
40774858992722,11:19:34.858,26.4200,100
40774859170120,11:19:34.859,26.4200,100
40774859171810,11:19:34.859,26.4200,100
40774859918433,11:19:34.859,26.4200,200
40774912349672,11:19:34.912,26.4300,100
40774912826928,11:19:34.912,26.4400,200
40784959322501,11:19:44.959,26.4200,100
40784959399643,11:19:44.959,26.4200,100
40784959719190,11:19:44.959,26.4200,100
40784959804144,11:19:44.959,26.4200,39
40784959818216,11:19:44.959,26.4200,61
40784959901614,11:19:44.959,26.4200,100
40784960728043,11:19:44.960,26.4300,200
40784960728043,11:19:44.960,26.4300,100
40845556145446,11:20:45.556,26.4400,100
40845556186754,11:20:45.556,26.4400,100
40845556186754,11:20:45.556,26.4400,100
40845556186754,11:20:45.556,26.4400,71
40845556216451,11:20:45.556,26.4400,29
40845556216451,11:20:45.556,26.4400,71
40845556241249,11:20:45.556,26.4400,29
40845556299502,11:20:45.556,26.4400,89
40845556301264,11:20:45.556,26.4400,11
40845556301264,11:20:45.556,26.4500,172
40845556312213,11:20:45.556,26.4500,28
40845556312213,11:20:45.556,26.4500,34
40845556315213,11:20:45.556,26.4500,28
40845556568253,11:20:45.556,26.4500,1
40845556695475,11:20:45.556,26.4500,37
40845556695475,11:20:45.556,26.4500,100
40845556695475,11:20:45.556,26.4500,50
40845556705099,11:20:45.556,26.4500,50
40845556705099,11:20:45.556,26.4500,13
40845556713267,11:20:45.556,26.4500,50
40845556991979,11:20:45.556,26.4500,37
40846382737336,11:20:46.382,26.4600,100
40920691606691,11:22:00.691,26.4600,29
40955273790452,11:22:35.273,26.4600,71
40955273790452,11:22:35.273,26.4600,29
40955273829705,11:22:35.273,26.4600,63
40955273833616,11:22:35.273,26.4600,8
40955274274531,11:22:35.274,26.4700,63
40955274395531,11:22:35.274,26.4700,12
40955274716550,11:22:35.274,26.4700,25
41183313036374,11:26:23.313,26.4900,100
41194755278317,11:26:34.755,26.5400,100
41214044344366,11:26:54.044,26.5500,100
41214046594722,11:26:54.046,26.5500,100
41220305392016,11:27:00.305,26.6000,100
41227550065015,11:27:07.550,26.6000,100
41227550065015,11:27:07.550,26.6100,100
41236938827363,11:27:16.938,26.6100,100
41248806289795,11:27:28.806,26.6600,100
41252093623514,11:27:32.093,26.6500,100
41252094211908,11:27:32.094,26.6500,10
41272882167554,11:27:52.882,26.6500,90
41272911963934,11:27:52.911,26.5600,100
41272912015322,11:27:52.912,26.5500,100
41272912417712,11:27:52.912,26.5800,6
41273146858558,11:27:53.146,26.6100,100
41273676083941,11:27:53.676,26.5500,100
41273676134632,11:27:53.676,26.5400,100
41273676139901,11:27:53.676,26.5400,100
41273676540372,11:27:53.676,26.5300,100
41274426368771,11:27:54.426,26.5100,100
41283786214315,11:28:03.786,26.4900,100
41283786296726,11:28:03.786,26.4900,49
41283786314784,11:28:03.786,26.4900,51
41283786319351,11:28:03.786,26.4900,100
41283786774991,11:28:03.786,26.4900,100
41299384831822,11:28:19.384,26.4900,50
41359639956679,11:29:19.639,26.4400,100
41359641220141,11:29:19.641,26.4200,100
41359641295368,11:29:19.641,26.4200,100
41359641409156,11:29:19.641,26.4200,100
41368642356789,11:29:28.642,26.4200,100
41368642456437,11:29:28.642,26.4200,100
41368678211763,11:29:28.678,26.4200,100
41574963258369,11:32:54.963,26.4700,100
41762913580449,11:36:02.913,26.4400,100
41762913621271,11:36:02.913,26.4400,65
41762913633550,11:36:02.913,26.4400,35
41762913633550,11:36:02.913,26.4400,20
41762914138023,11:36:02.914,26.4400,80
41762915253194,11:36:02.915,26.4200,100
41762915260096,11:36:02.915,26.4200,95
41762915444873,11:36:02.915,26.4200,6
41762915507948,11:36:02.915,26.4200,6
41762915595420,11:36:02.915,26.4200,13
41762916300693,11:36:02.916,26.4200,75
41762916300693,11:36:02.916,26.4200,20
41762916927526,11:36:02.916,26.4200,5
41772479682930,11:36:12.479,26.4200,75
41772479682930,11:36:12.479,26.4200,100
41773076611683,11:36:13.076,26.4200,100
41773613924413,11:36:13.613,26.4200,100
41813723032845,11:36:53.723,26.4200,100
41835013596099,11:37:15.013,26.4200,100
41835016104869,11:37:15.016,26.4200,100
41835016203716,11:37:15.016,26.4200,100
41835016650739,11:37:15.016,26.4200,100
41835016775094,11:37:15.016,26.4200,100
41835017216588,11:37:15.017,26.4200,100
41835017731336,11:37:15.017,26.4200,100
41835017731336,11:37:15.017,26.4200,1301
41835028254761,11:37:15.028,26.4100,100
41835710260563,11:37:15.710,26.3550,100
41835710260563,11:37:15.710,26.3550,100
41872904688234,11:37:52.904,26.4100,100
41872904744766,11:37:52.904,26.4100,58
41872904757593,11:37:52.904,26.4100,42
41887423476783,11:38:07.423,26.3000,100
41902869873623,11:38:22.869,26.2800,100
41902869873623,11:38:22.869,26.2800,100
41902869873623,11:38:22.869,26.2800,100
41902869873623,11:38:22.869,26.2800,76
41902869873623,11:38:22.869,26.2800,24
41902870442545,11:38:22.870,26.2800,100
41902871816293,11:38:22.871,26.2900,100
41902871902189,11:38:22.871,26.2800,76
41917966772466,11:38:37.966,26.3500,12
42000256442438,11:40:00.256,26.3400,100
42000256858930,11:40:00.256,26.3200,23
42000256863120,11:40:00.256,26.3200,77
42014744575494,11:40:14.744,26.3700,100
42350662684281,11:45:50.662,26.4100,100
42350662780459,11:45:50.662,26.4200,100
42350662812866,11:45:50.662,26.4200,100
42350662847318,11:45:50.662,26.4200,100
42350662847999,11:45:50.662,26.4200,100
42350662848637,11:45:50.662,26.4200,77
42350662857292,11:45:50.662,26.4200,23
42350662885276,11:45:50.662,26.4200,100
42350662923022,11:45:50.662,26.4200,77
42350662924197,11:45:50.662,26.4200,23
42350662954987,11:45:50.662,26.4200,23
42350662972183,11:45:50.662,26.4200,23
42350662977444,11:45:50.662,26.4200,77
42350662978938,11:45:50.662,26.4200,77
42350663027410,11:45:50.663,26.4300,77
42350663052527,11:45:50.663,26.4300,23
42350663086005,11:45:50.663,26.4300,77
42350663164414,11:45:50.663,26.4300,23
42350663164414,11:45:50.663,26.4300,77
42350663223974,11:45:50.663,26.4300,23
42350663256825,11:45:50.663,26.4300,77
42350663330134,11:45:50.663,26.4300,23
42350663330134,11:45:50.663,26.4300,77
42350683798617,11:45:50.683,26.4400,200
42389301736439,11:46:29.301,26.3800,100
42389301736439,11:46:29.301,26.3800,1
42534181255257,11:48:54.181,26.4100,100
42712456342077,11:51:52.456,26.4100,1
43042323813032,11:57:22.323,26.3600,100
43042335012771,11:57:22.335,26.3500,100
43042335060862,11:57:22.335,26.3500,30
43042362545433,11:57:22.362,26.3500,7
43360308017151,12:02:40.308,26.4200,100
43360308017151,12:02:40.308,26.4200,100
43360308080318,12:02:40.308,26.4400,55
43360308163319,12:02:40.308,26.4400,12
43360308169807,12:02:40.308,26.4400,12
43360308708125,12:02:40.308,26.4400,100
43360308744968,12:02:40.308,26.4400,21
43360309300269,12:02:40.309,26.4400,100
43360309689198,12:02:40.309,26.4500,56
43360309728175,12:02:40.309,26.4500,44
43360310160418,12:02:40.310,26.4500,33
43402339301334,12:03:22.339,26.4400,12
43416399100057,12:03:36.399,26.4400,88
43416399100057,12:03:36.399,26.4400,14
43416843133742,12:03:36.843,26.4100,100
43553516577383,12:05:53.516,26.2700,100
43722499803326,12:08:42.499,26.2400,29
43832481114386,12:10:32.481,26.3200,3
43928799870195,12:12:08.799,26.2200,100
43930440778420,12:12:10.440,26.2100,100
43930442111365,12:12:10.442,26.2000,100
43930442111365,12:12:10.442,26.2000,1
43930442227563,12:12:10.442,26.1900,100
43994325004256,12:13:14.325,26.2050,100
43994325097524,12:13:14.325,26.2100,6
43994325136515,12:13:14.325,26.2100,14
43994396284467,12:13:14.396,26.2300,90
43995906587594,12:13:15.906,26.2300,10
43995906587594,12:13:15.906,26.2300,90
44132087761672,12:15:32.087,26.2300,6
44134739271356,12:15:34.739,26.2300,4
44134739271356,12:15:34.739,26.2300,4
44148054882520,12:15:48.054,26.2300,6
44150105363747,12:15:50.105,26.2300,15
44150892026211,12:15:50.892,26.2300,65
44150892026211,12:15:50.892,26.2300,35
44150892116815,12:15:50.892,26.2300,65
44150892120036,12:15:50.892,26.2300,100
44150893089809,12:15:50.893,26.2300,100
44151359044317,12:15:51.359,26.2300,100
44154485924956,12:15:54.485,26.2400,15
44158401349997,12:15:58.401,26.2400,85
44158401349997,12:15:58.401,26.2400,15
44160019471609,12:16:00.019,26.2400,85
44160019471609,12:16:00.019,26.2400,15
44162476059196,12:16:02.476,26.2400,6
44171909661587,12:16:11.909,26.1900,2
44232990038317,12:17:12.990,26.1400,100
44432183591150,12:20:32.183,26.2000,106
44432183644808,12:20:32.183,26.2100,100
45005082648021,12:30:05.082,26.2300,100
45005202182386,12:30:05.202,26.2400,100
45005202238681,12:30:05.202,26.2400,100
45005202251503,12:30:05.202,26.2400,6
45005202251503,12:30:05.202,26.2400,94
45005685166765,12:30:05.685,26.2500,100
45005745610655,12:30:05.745,26.2600,100
45005745670129,12:30:05.745,26.2800,1
45320657024242,12:35:20.657,26.2700,13
45567451112832,12:39:27.451,26.2600,43
45567451112832,12:39:27.451,26.2500,100
45600649331321,12:40:00.649,26.2500,7
45814472087771,12:43:34.472,26.2300,100
45815982600941,12:43:35.982,26.2700,100
45816007874745,12:43:36.007,26.2800,100
45830161840341,12:43:50.161,26.2500,22
45839922563374,12:43:59.922,26.2900,100
45839923296949,12:43:59.923,26.3000,94
45843935349810,12:44:03.935,26.3000,200
45843935406132,12:44:03.935,26.3000,66
45847378545309,12:44:07.378,26.3100,95
45847378601794,12:44:07.378,26.3100,5
45856937875170,12:44:16.937,26.3300,14
45864979395184,12:44:24.979,26.3300,100
45867559224862,12:44:27.559,26.3300,86
45867559224862,12:44:27.559,26.3400,14
45867656901734,12:44:27.656,26.3000,7
45867656996207,12:44:27.656,26.3000,7
45874500705740,12:44:34.500,26.3200,100
45874500793055,12:44:34.500,26.3100,100
45882877550849,12:44:42.877,26.3100,100
45882877627885,12:44:42.877,26.3000,100
45883135334609,12:44:43.135,26.3000,100
45913627210261,12:45:13.627,26.2300,14
45951693212953,12:45:51.693,26.2200,100
46004650385846,12:46:44.650,26.2700,100
46004652500696,12:46:44.652,26.2700,100
46014214096025,12:46:54.214,26.2700,100
46022083712924,12:47:02.083,26.2800,100
46172170831178,12:49:32.170,26.3200,100
46509375917749,12:55:09.375,26.3600,100
46520690646965,12:55:20.690,26.3000,80
46534129415144,12:55:34.129,26.2800,100
46574673313523,12:56:14.673,26.2500,100
46574674206807,12:56:14.674,26.2200,20
46574674653931,12:56:14.674,26.2200,20
46672976332897,12:57:52.976,26.1800,59
46678718259858,12:57:58.718,26.2500,7
46678718261091,12:57:58.718,26.2500,3
46678718261091,12:57:58.718,26.2500,4
46680356371275,12:58:00.356,26.2600,200
46680356797190,12:58:00.356,26.2600,100
46680358250730,12:58:00.358,26.2700,200
46793994128570,12:59:53.994,26.3400,6
47189967218732,13:06:29.967,26.2500,38
47530723752175,13:12:10.723,26.2400,6
47530723814337,13:12:10.723,26.2400,10
47611683342057,13:13:31.683,26.2100,100
47611684044991,13:13:31.684,26.2100,100
47611684044991,13:13:31.684,26.2100,100
47611694195300,13:13:31.694,26.2000,100
47611694205269,13:13:31.694,26.2000,100
47611694546069,13:13:31.694,26.2000,18
47904725840710,13:18:24.725,26.2300,7
48070998918866,13:21:10.998,26.2300,100
48070999001707,13:21:10.999,26.2300,93
48070999001707,13:21:10.999,26.2300,7
48070999058883,13:21:10.999,26.2300,93
48070999058883,13:21:10.999,26.2300,7
48070999096954,13:21:10.999,26.2300,93
48070999389448,13:21:10.999,26.2300,107
48147667806955,13:22:27.667,26.2000,6
48147669474465,13:22:27.669,26.1800,7
48306858224847,13:25:06.858,26.2600,100
48321182762145,13:25:21.182,26.2600,1
48590258001423,13:29:50.258,26.2700,20
48594740279894,13:29:54.740,26.2100,100
48595595132228,13:29:55.595,26.2500,100
48683037023285,13:31:23.037,26.2600,100
48683037601951,13:31:23.037,26.2600,4
48683038096434,13:31:23.038,26.2700,100
48685837897598,13:31:25.837,26.2800,100
48685837936305,13:31:25.837,26.2800,1
48685837936305,13:31:25.837,26.2800,1
48685837983308,13:31:25.837,26.2800,100
48685888140673,13:31:25.888,26.2800,99
48691986011834,13:31:31.986,26.3100,100
48691986361922,13:31:31.986,26.3100,100
48763287789831,13:32:43.287,26.3300,100
48773524400208,13:32:53.524,26.3400,100
48773527453204,13:32:53.527,26.3200,5
48773527944825,13:32:53.527,26.3200,5
48882797749944,13:34:42.797,26.3200,21
48882797749944,13:34:42.797,26.3200,100
48883048002252,13:34:43.048,26.2900,100
48883702901466,13:34:43.702,26.2900,3
49002264999461,13:36:42.264,26.2600,4
49062829523791,13:37:42.829,26.3200,30
49109883615801,13:38:29.883,26.3200,1
49115253028752,13:38:35.253,26.3300,12
49116474988717,13:38:36.474,26.3500,100
49124951607547,13:38:44.951,26.3600,100
49308327551921,13:41:48.327,26.3200,300
49308327551921,13:41:48.327,26.3200,49
49434638976020,13:43:54.638,26.2800,4
49516289644517,13:45:16.289,26.3300,100
49620778078431,13:47:00.778,26.3700,100
49656094995592,13:47:36.094,26.4000,100
49725174952183,13:48:45.174,26.3800,100
49725174993031,13:48:45.174,26.3700,72
49725174998228,13:48:45.174,26.3700,28
50077469247396,13:54:37.469,26.3900,8
50109239911330,13:55:09.239,26.3200,100
50109240984204,13:55:09.240,26.3000,100
50109241018523,13:55:09.241,26.3000,100
50109241018523,13:55:09.241,26.3000,44
50109241022147,13:55:09.241,26.3000,56
50109241022147,13:55:09.241,26.3000,63
50109241023785,13:55:09.241,26.3000,37
50109241023785,13:55:09.241,26.3000,100
50109241341635,13:55:09.241,26.3000,13
50109241421832,13:55:09.241,26.3000,7
50109241425387,13:55:09.241,26.3000,93
50109241758078,13:55:09.241,26.3000,13
50115347019750,13:55:15.347,26.3100,100
50122227630661,13:55:22.227,26.3100,100
50271920706670,13:57:51.920,26.3200,4
50426023937215,14:00:26.023,26.3900,100
50426024036718,14:00:26.024,26.4000,34
50426024052843,14:00:26.024,26.4000,40
50426024504893,14:00:26.024,26.4000,5
50426024513224,14:00:26.024,26.4000,21
50444094048131,14:00:44.094,26.5000,291
50444106603852,14:00:44.106,26.5000,9
50444106603852,14:00:44.106,26.5000,91
50642125914714,14:04:02.125,26.5000,100
50665296088836,14:04:25.296,26.5000,100
50675603547696,14:04:35.603,26.5000,109
50675603547696,14:04:35.603,26.5200,1
50675603547696,14:04:35.603,26.5400,90
50675603587601,14:04:35.603,26.5400,3
50675603588831,14:04:35.603,26.5400,41
50675603592154,14:04:35.603,26.5400,66
50675603592154,14:04:35.603,26.5400,10
50675603592154,14:04:35.603,26.5400,1
50675603692275,14:04:35.603,26.5400,200
50675603777351,14:04:35.603,26.5400,99
50675604199886,14:04:35.604,26.5500,100
50675605263239,14:04:35.605,26.5500,100
50697339804948,14:04:57.339,26.5500,100
50707447209064,14:05:07.447,26.5500,100
50732723238373,14:05:32.723,26.5500,24
50732723299304,14:05:32.723,26.5500,76
50732723299304,14:05:32.723,26.5600,24
50738351212906,14:05:38.351,26.5600,76
50738351212906,14:05:38.351,26.5600,24
50745612669918,14:05:45.612,26.5600,76
50745612669918,14:05:45.612,26.5600,24
50749845658660,14:05:49.845,26.5600,76
50988074464492,14:09:48.074,26.5600,20
50988074464492,14:09:48.074,26.5600,80
50988074526926,14:09:48.074,26.5600,20
50988074526926,14:09:48.074,26.5600,80
50988076099407,14:09:48.076,26.6100,40
51135607783022,14:12:15.607,26.6500,100
51135607851818,14:12:15.607,26.6600,9
51135608425372,14:12:15.608,26.6600,68
51135608445063,14:12:15.608,26.6600,23
51180354808169,14:13:00.354,26.6900,100
51310285327665,14:15:10.285,26.7000,100
51310285327665,14:15:10.285,26.6900,100
51310285377676,14:15:10.285,26.6900,100
51310285377676,14:15:10.285,26.6900,100
51310285412942,14:15:10.285,26.6900,100
51310285412942,14:15:10.285,26.6900,61
51310285533417,14:15:10.285,26.6900,39
51310285533417,14:15:10.285,26.6900,100
51310285533417,14:15:10.285,26.6900,100
51310285605016,14:15:10.285,26.6900,100
51371700228930,14:16:11.700,26.7250,100
51460691488850,14:17:40.691,26.7000,100
51460691488850,14:17:40.691,26.6900,22
51460691823879,14:17:40.691,26.6900,81
51460691825528,14:17:40.691,26.6900,19
51460691825528,14:17:40.691,26.6800,100
51582534617239,14:19:42.534,26.7000,100
51751388179314,14:22:31.388,26.7100,100
51751388832681,14:22:31.388,26.7200,4
51751388896763,14:22:31.388,26.7200,96
51830308329138,14:23:50.308,26.7500,100
51851117151922,14:24:11.117,26.7600,100
51851117151922,14:24:11.117,26.7600,100
51853069618988,14:24:13.069,26.7300,100
51869547409169,14:24:29.547,26.7500,100
51993382465535,14:26:33.382,26.6900,100
51993382482011,14:26:33.382,26.6800,80
51993382496717,14:26:33.382,26.6800,20
52023051775097,14:27:03.051,26.6800,100
52023051775097,14:27:03.051,26.6800,100
52023051775097,14:27:03.051,26.6800,100
52023051775097,14:27:03.051,26.6800,100
52024660357182,14:27:04.660,26.7200,100
52024810473791,14:27:04.810,26.7200,100
52024810473791,14:27:04.810,26.7200,100
52095166779554,14:28:15.166,26.7100,20
52152459457303,14:29:12.459,26.7400,100
52152459855421,14:29:12.459,26.7500,1
52222645255205,14:30:22.645,26.7300,20
52265512208150,14:31:05.512,26.7400,100
52275896483527,14:31:15.896,26.6900,300
52275896512854,14:31:15.896,26.6900,100
52275896512854,14:31:15.896,26.6800,100
52275899985602,14:31:15.899,26.6600,100
52275902900860,14:31:15.902,26.6600,100
52277537726999,14:31:17.537,26.6600,100
52278552673237,14:31:18.552,26.6500,100
52278552711657,14:31:18.552,26.6500,3
52278552740354,14:31:18.552,26.6500,97
52310587750283,14:31:50.587,26.6150,100
52322166755906,14:32:02.166,26.6000,100
52322166755906,14:32:02.166,26.6400,20
52322166755906,14:32:02.166,26.6400,80
52331005380506,14:32:11.005,26.6300,14
52331005380506,14:32:11.005,26.6400,86
52331005422976,14:32:11.005,26.6400,34
52346734043179,14:32:26.734,26.6700,200
52346734123503,14:32:26.734,26.6700,200
52346734127594,14:32:26.734,26.6800,100
52346734509080,14:32:26.734,26.6800,100
52346734509080,14:32:26.734,26.6800,35
52346734519543,14:32:26.734,26.6800,36
52346734849293,14:32:26.734,26.6800,29
52355311484735,14:32:35.311,26.6900,100
52369061609572,14:32:49.061,26.6800,100
52376312155725,14:32:56.312,26.6900,100
52376312353113,14:32:56.312,26.6900,100
52376312839941,14:32:56.312,26.6900,114
52376312843645,14:32:56.312,26.6900,74
52376312844142,14:32:56.312,26.6900,12
52642588468557,14:37:22.588,26.6350,100
52646761570143,14:37:26.761,26.6600,21
52685331832758,14:38:05.331,26.6800,8
52685331855240,14:38:05.331,26.6900,5
52685333405575,14:38:05.333,26.6600,100
52685333405575,14:38:05.333,26.6700,100
52693525614085,14:38:13.525,26.6600,100
52702447295873,14:38:22.447,26.6600,100
52741920924477,14:39:01.920,26.6700,100
52741921421299,14:39:01.921,26.6700,100
52763278802238,14:39:23.278,26.6100,100
52763278815912,14:39:23.278,26.6000,4
52763278821063,14:39:23.278,26.6000,4
52763278821063,14:39:23.278,26.6000,1
52763278859256,14:39:23.278,26.6000,36
52763278985037,14:39:23.278,26.6000,64
52763280937414,14:39:23.280,26.5800,100
52763281023137,14:39:23.281,26.5800,100
52763281086668,14:39:23.281,26.5800,100
52831515390420,14:40:31.515,26.5700,100
52834698885941,14:40:34.698,26.5900,100
52847546738460,14:40:47.546,26.6200,100
52892294215275,14:41:32.294,26.5900,100
52892294846992,14:41:32.294,26.5900,100
53092129845014,14:44:52.129,26.6200,21
53092129857628,14:44:52.129,26.6200,73
53092129868670,14:44:52.129,26.6200,6
53092129921758,14:44:52.129,26.6300,15
53209025624775,14:46:49.025,26.6200,2
53209025625549,14:46:49.025,26.6200,1
53209025625970,14:46:49.025,26.6200,2
53209025626431,14:46:49.025,26.6200,2
53209025631121,14:46:49.025,26.6200,1
53209675315594,14:46:49.675,26.6200,75
53209675315594,14:46:49.675,26.6300,185
53209675315594,14:46:49.675,26.6300,100
53209675315594,14:46:49.675,26.6300,40
53209675357517,14:46:49.675,26.6300,60
53209675357517,14:46:49.675,26.6300,85
53209675361562,14:46:49.675,26.6300,15
53209675361562,14:46:49.675,26.6300,100
53209675361562,14:46:49.675,26.6300,45
53209675423855,14:46:49.675,26.6300,70
53209675930560,14:46:49.675,26.6300,100
53209675930560,14:46:49.675,26.6300,100
53216218818175,14:46:56.218,26.6400,100
53216218818175,14:46:56.218,26.6400,6
53216218862523,14:46:56.218,26.6400,106
53221135332320,14:47:01.135,26.6400,100
53240269667015,14:47:20.269,26.6700,100
53240269733674,14:47:20.269,26.6700,100
53240269754975,14:47:20.269,26.6700,44
53240272577220,14:47:20.272,26.6400,5
53293916006547,14:48:13.916,26.6700,56
53293916006547,14:48:13.916,26.6700,44
53335026711809,14:48:55.026,26.6700,13
53335026711809,14:48:55.026,26.6800,87
53335027195454,14:48:55.027,26.6800,113
53336059753165,14:48:56.059,26.6800,100
53337531759531,14:48:57.531,26.7000,73
53372143756984,14:49:32.143,26.7100,90
53372598895137,14:49:32.598,26.7150,10
53372598895137,14:49:32.598,26.7150,90
53372599572648,14:49:32.599,26.7150,10
53543338464569,14:52:23.338,26.7600,100
53602480586072,14:53:22.480,26.8600,5
53664006151739,14:54:24.006,26.8500,100
53664006151739,14:54:24.006,26.8400,87
53664006310207,14:54:24.006,26.8400,13
53664006310207,14:54:24.006,26.8400,87
53664006404854,14:54:24.006,26.8400,100
53664006837800,14:54:24.006,26.8300,100
53664007694909,14:54:24.007,26.8200,182
53664007697912,14:54:24.007,26.8200,18
53664007704303,14:54:24.007,26.8200,18
53664007729740,14:54:24.007,26.8200,18
53664007754095,14:54:24.007,26.8200,64
53664007754095,14:54:24.007,26.8100,18
53664008070067,14:54:24.008,26.8100,82
53664008247858,14:54:24.008,26.8100,82
53664037892951,14:54:24.037,26.8100,17
53664611364628,14:54:24.611,26.8300,100
53733746993065,14:55:33.746,26.8600,100
53733746993065,14:55:33.746,26.8600,200
53733747048009,14:55:33.747,26.8700,100
53733747136876,14:55:33.747,26.8700,100
53805221566240,14:56:45.221,26.9800,6
53805221566240,14:56:45.221,26.9800,39
53805221567907,14:56:45.221,26.9800,1
53805221568495,14:56:45.221,26.9800,2
53805221570251,14:56:45.221,26.9800,1
53805221575200,14:56:45.221,26.9800,1
53892987350685,14:58:12.987,26.9500,3
53892987350685,14:58:12.987,26.9500,3
54133848083134,15:02:13.848,26.9500,12
54133848810709,15:02:13.848,26.9600,2
54152156179764,15:02:32.156,26.9900,5
54155559158301,15:02:35.559,26.9550,100
54155559181671,15:02:35.559,26.9800,100
54164008385399,15:02:44.008,26.9800,100
54164008747464,15:02:44.008,26.9800,4
54164009153407,15:02:44.009,26.9900,1
54164009154669,15:02:44.009,26.9900,4
54164009157165,15:02:44.009,26.9900,1
54164009159285,15:02:44.009,26.9900,1
54164009159931,15:02:44.009,26.9900,2
54164009165229,15:02:44.009,26.9900,3
54164009167879,15:02:44.009,26.9900,3
54164009169792,15:02:44.009,26.9900,9
54164009172395,15:02:44.009,26.9900,5
54164009174900,15:02:44.009,26.9900,11
54164009178178,15:02:44.009,26.9900,1
54164009179409,15:02:44.009,26.9900,2
54164009181038,15:02:44.009,26.9900,5
54164009184632,15:02:44.009,26.9900,2
54164009185147,15:02:44.009,26.9900,9
54164009185620,15:02:44.009,26.9900,4
54164009186871,15:02:44.009,26.9900,3
54164009189216,15:02:44.009,26.9900,3
54164009215915,15:02:44.009,26.9900,18
54164009225420,15:02:44.009,26.9900,8
54164009225420,15:02:44.009,26.9900,29
54164009233511,15:02:44.009,26.9900,41
54164009246195,15:02:44.009,26.9900,30
54164009246195,15:02:44.009,26.9900,1
54164009555651,15:02:44.009,27.0000,31
54164009556863,15:02:44.009,27.0000,62
54164009579893,15:02:44.009,27.0000,7
54164792857611,15:02:44.792,27.0200,100
54202836035945,15:03:22.836,27.0150,100
54241066903467,15:04:01.066,27.0000,25
54241066903467,15:04:01.066,26.9900,29
54246089806346,15:04:06.089,27.0000,5
54248852910119,15:04:08.852,27.0200,10
54248854672890,15:04:08.854,27.0200,12
54301347746389,15:05:01.347,27.0200,78
54301348207190,15:05:01.348,27.0300,1
54301348583440,15:05:01.348,27.0300,56
54301351242738,15:05:01.351,27.0300,13
54301351340007,15:05:01.351,27.0300,12
54301351643954,15:05:01.351,27.0300,5
54301352045299,15:05:01.352,27.0300,13
54301352321527,15:05:01.352,27.0400,6
54301353317465,15:05:01.353,27.0400,4
54301353317465,15:05:01.353,27.0400,31
54301378225894,15:05:01.378,27.0500,10
54301683173711,15:05:01.683,27.0500,33
54301683176994,15:05:01.683,27.0500,33
54301684848937,15:05:01.684,27.0500,46
54301684850173,15:05:01.684,27.0500,74
54301684860615,15:05:01.684,27.0500,4
54313653567655,15:05:13.653,27.0400,29
54313653567655,15:05:13.653,27.0400,100
54313654064871,15:05:13.654,27.0300,100
54314067512934,15:05:14.067,27.0100,100
54360345990242,15:06:00.345,27.0300,2
54360345990242,15:06:00.345,27.0300,7
54360345990242,15:06:00.345,27.0300,3
54369440681697,15:06:09.440,27.0100,100
54408559543423,15:06:48.559,26.9500,11
54463032873262,15:07:43.032,26.9400,122
54466063935928,15:07:46.063,26.9200,100
54466064382790,15:07:46.064,26.9100,65
54466064389040,15:07:46.064,26.9100,33
54466064394631,15:07:46.064,26.9100,2
54466091268220,15:07:46.091,26.9300,100
54466093271171,15:07:46.093,26.9300,100
54480741468956,15:08:00.741,26.9100,100
54507913518970,15:08:27.913,26.9700,100
54515894712264,15:08:35.894,26.9200,11
54528594609888,15:08:48.594,26.9500,12
54530599786621,15:08:50.599,26.9600,3
54530599786621,15:08:50.599,26.9600,19
54534252015925,15:08:54.252,26.9700,100
54712332157774,15:11:52.332,26.8700,21
54712332241841,15:11:52.332,26.8600,96
54712332252064,15:11:52.332,26.8600,4
54712332252064,15:11:52.332,26.8600,100
54712332272230,15:11:52.332,26.8500,26
54712332274043,15:11:52.332,26.8500,26
54712332277349,15:11:52.332,26.8500,48
54712332277349,15:11:52.332,26.8500,26
54712332280130,15:11:52.332,26.8500,74
54712332312081,15:11:52.332,26.8400,74
54712332326224,15:11:52.332,26.8400,25
54712332336715,15:11:52.332,26.8400,1
54712332336715,15:11:52.332,26.8400,1
54712332693667,15:11:52.332,26.8500,100
54714173301365,15:11:54.173,26.8300,100
54724262257654,15:12:04.262,26.8700,100
54724262257654,15:12:04.262,26.8700,32
54724262267104,15:12:04.262,26.8700,33
54724262693431,15:12:04.262,26.8700,100
54724263591421,15:12:04.263,26.8700,35
54726278236734,15:12:06.278,26.8600,20
54753824628491,15:12:33.824,26.8400,12
54768467499136,15:12:48.467,26.8700,12
54768467499136,15:12:48.467,26.8800,100
54768467573730,15:12:48.467,26.8800,12
54768468297555,15:12:48.468,26.8900,500
54768471318090,15:12:48.471,26.8700,100
54768490573782,15:12:48.490,26.8700,100
54768490573782,15:12:48.490,26.8700,2
54768490573782,15:12:48.490,26.8700,98
54770472311331,15:12:50.472,26.8800,20
54770472311331,15:12:50.472,26.8800,80
54774361981192,15:12:54.361,26.8900,200
54777570930680,15:12:57.570,26.8900,100
54777572550396,15:12:57.572,26.9000,97
54777572556015,15:12:57.572,26.9000,3
54780408188560,15:13:00.408,26.9000,100
54812096723647,15:13:32.096,26.9100,100
54812097399008,15:13:32.097,26.9100,100
54818466189532,15:13:38.466,26.9300,100
54818466524532,15:13:38.466,26.9400,33
54819261525313,15:13:39.261,26.9400,67
54819261525313,15:13:39.261,26.9400,20
54901216468935,15:15:01.216,26.9600,100
54926119634168,15:15:26.119,26.9200,100
54936380937339,15:15:36.380,26.9400,100
54948025663705,15:15:48.025,26.9500,100
54948027062573,15:15:48.027,26.9500,100
54952627118098,15:15:52.627,26.9400,20
54952627118098,15:15:52.627,26.9500,12
54952627118098,15:15:52.627,26.9600,68
54976010354380,15:16:16.010,26.9600,32
54976012313947,15:16:16.012,26.9700,100
55029417604664,15:17:09.417,26.9100,1
55029417705663,15:17:09.417,26.9100,99
55029417705663,15:17:09.417,26.9100,1
55058439942319,15:17:38.439,26.8900,21
55058440324733,15:17:38.440,26.8700,11
55058440327729,15:17:38.440,26.8700,33
55058440335347,15:17:38.440,26.8700,56
55058440335347,15:17:38.440,26.8700,33
55058440377526,15:17:38.440,26.8700,21
55058440380336,15:17:38.440,26.8700,33
55194658367704,15:19:54.658,26.8300,100
55202728898631,15:20:02.728,26.8500,50
55202729103468,15:20:02.729,26.8600,50
55202729365277,15:20:02.729,26.8500,50
55206604367113,15:20:06.604,26.8800,12
55212110041482,15:20:12.110,26.8900,74
55212110052900,15:20:12.110,26.8900,26
55212110082793,15:20:12.110,26.8700,100
55212112874694,15:20:12.112,26.8700,11
55212112926967,15:20:12.112,26.8700,89
55212661174463,15:20:12.661,26.9000,100
55212910609731,15:20:12.910,26.9100,100
55212910609731,15:20:12.910,26.9200,50
55212910609731,15:20:12.910,26.9200,500
55212910609731,15:20:12.910,26.9200,100
55212910609731,15:20:12.910,26.9200,50
55212934351795,15:20:12.934,26.9100,20
55212934493695,15:20:12.934,26.9200,50
55223702489227,15:20:23.702,26.9300,100
55223703148388,15:20:23.703,26.9300,100
55266457259019,15:21:06.457,26.9100,100
55266457293395,15:21:06.457,26.9100,100
55266457293395,15:21:06.457,26.9100,31
55266457297098,15:21:06.457,26.9100,69
55266457297098,15:21:06.457,26.9100,100
55266457297098,15:21:06.457,26.9100,5
55266457298201,15:21:06.457,26.9100,95
55266457334587,15:21:06.457,26.8900,100
55266457334587,15:21:06.457,26.8900,100
55341471925728,15:22:21.471,26.8500,99
55341471932468,15:22:21.471,26.8500,1
55341471932468,15:22:21.471,26.8400,1
55341471934598,15:22:21.471,26.8400,2
55341471938260,15:22:21.471,26.8400,2
55346915788274,15:22:26.915,26.8400,72
55346915798951,15:22:26.915,26.8400,23
55409310854220,15:23:29.310,26.7900,20
55458229728138,15:24:18.229,26.8050,100
55471782126786,15:24:31.782,26.7900,80
55471782586584,15:24:31.782,26.7800,100
55472396758055,15:24:32.396,26.8000,30
55472396758055,15:24:32.396,26.8000,100
55472397614031,15:24:32.397,26.8200,26
55524715512047,15:25:24.715,26.8300,100
55573758190918,15:26:13.758,26.7900,100
55603936478131,15:26:43.936,26.7800,33
55628163175854,15:27:08.163,26.8200,100
55628163256744,15:27:08.163,26.8300,100
55628164654486,15:27:08.164,26.8300,100
55628164654486,15:27:08.164,26.8400,100
55629916017468,15:27:09.916,26.8200,20
55629916129915,15:27:09.916,26.8200,100
55673166928632,15:27:53.166,26.8400,100
55673166928632,15:27:53.166,26.8400,100
55673167100276,15:27:53.167,26.8400,7
55673167378988,15:27:53.167,26.8400,93
55673202248180,15:27:53.202,26.8400,200
55693884426855,15:28:13.884,26.8500,100
55693885139983,15:28:13.885,26.8500,100
55693885143075,15:28:13.885,26.8500,92
55693885145843,15:28:13.885,26.8500,8
55693885233862,15:28:13.885,26.8600,10
55693885952144,15:28:13.885,26.8600,190
55693885952144,15:28:13.885,26.8600,10
55695889505724,15:28:15.889,26.8700,49
55725264940508,15:28:45.264,26.8800,100
55731561658855,15:28:51.561,26.8800,100
55786244707495,15:29:46.244,26.8700,100
55786248000738,15:29:46.248,26.8800,200
55786248084596,15:29:46.248,26.8700,21
55786248084596,15:29:46.248,26.8700,100
55786424297845,15:29:46.424,26.8700,100
55786426180165,15:29:46.426,26.8700,100
55787758298519,15:29:47.758,26.8700,100
55787814289618,15:29:47.814,26.8600,300
55787814328646,15:29:47.814,26.8600,200
55787814478016,15:29:47.814,26.8500,6
55787814586245,15:29:47.814,26.8400,6
55787814901551,15:29:47.814,26.8300,74
55787814905849,15:29:47.814,26.8300,26
55787814905849,15:29:47.814,26.8300,45
55787814910533,15:29:47.814,26.8300,26
55787814913058,15:29:47.814,26.8300,29
55787815037953,15:29:47.815,26.8400,96
55788411785136,15:29:48.411,26.8100,100
55808193597583,15:30:08.193,26.7500,100
55808194958018,15:30:08.194,26.7600,100
55832838257150,15:30:32.838,26.7800,100
55832838584067,15:30:32.838,26.7900,69
55832838593408,15:30:32.838,26.7900,49
55832838597247,15:30:32.838,26.7900,82
55832838597247,15:30:32.838,26.7900,49
55832838599325,15:30:32.838,26.7900,51
55832838599325,15:30:32.838,26.7900,67
55832838600907,15:30:32.838,26.7900,13
55832953748283,15:30:32.953,26.7800,100
55833014219651,15:30:33.014,26.7900,100
55833015866675,15:30:33.015,26.7950,20
55833015866675,15:30:33.015,26.8000,80
55833016270080,15:30:33.016,26.8000,20
55833016270080,15:30:33.016,26.8000,100
55833028846195,15:30:33.028,26.7900,10
55840686135608,15:30:40.686,26.8050,85
55950363133264,15:32:30.363,26.8000,100
55950366354408,15:32:30.366,26.8100,19
55950366354408,15:32:30.366,26.8100,100
55950366354408,15:32:30.366,26.8100,81
55950366437579,15:32:30.366,26.8100,100
55950366566999,15:32:30.366,26.8100,10
55962765062735,15:32:42.765,26.8000,6
55974926972260,15:32:54.926,26.8000,94
55974928281748,15:32:54.928,26.7900,10
55974928396781,15:32:54.928,26.7900,10
55974928458770,15:32:54.928,26.7900,10
55974928524892,15:32:54.928,26.7900,10
55974928575496,15:32:54.928,26.7900,10
55974928581113,15:32:54.928,26.7900,10
55974928653684,15:32:54.928,26.7900,10
55974928758017,15:32:54.928,26.7900,10
55974928828482,15:32:54.928,26.7900,10
55974928829070,15:32:54.928,26.7900,10
55974928995607,15:32:54.928,26.7900,10
55974929030925,15:32:54.929,26.7900,10
55974929165308,15:32:54.929,26.7900,10
55974929287199,15:32:54.929,26.7900,10
55974929364942,15:32:54.929,26.7900,10
55974929420173,15:32:54.929,26.7900,10
55974929536720,15:32:54.929,26.7900,10
55974930529206,15:32:54.930,26.7900,10
55974930536633,15:32:54.930,26.7900,10
55974930596376,15:32:54.930,26.7900,10
55974930720806,15:32:54.930,26.7800,10
55974966705333,15:32:54.966,26.7800,200
56021144260088,15:33:41.144,26.7700,100
56069843388750,15:34:29.843,26.7400,11
56092276616896,15:34:52.276,26.7400,100
56102114715411,15:35:02.114,26.7400,24
56126649154346,15:35:26.649,26.7400,76
56126649154346,15:35:26.649,26.7400,200
56126649154346,15:35:26.649,26.7400,100
56126649154346,15:35:26.649,26.7400,7
56126649154346,15:35:26.649,26.7400,39
56126649548172,15:35:26.649,26.7400,100
56126649548172,15:35:26.649,26.7400,19
56126650336968,15:35:26.650,26.7400,22
56126651782996,15:35:26.651,26.7400,78
56126651782996,15:35:26.651,26.7400,95
56126652135329,15:35:26.652,26.7400,5
56126652135329,15:35:26.652,26.7400,95
56126655065891,15:35:26.655,26.7400,5
56126721510114,15:35:26.721,26.7400,81
56185181972153,15:36:25.181,26.7100,87
56185181985714,15:36:25.181,26.7100,13
56185181997156,15:36:25.181,26.7000,10
56185183258143,15:36:25.183,26.7000,1
56185721853076,15:36:25.721,26.7000,5
56194176604930,15:36:34.176,26.7100,100
56194176604930,15:36:34.176,26.7200,5
56194176604930,15:36:34.176,26.7300,100
56194176604930,15:36:34.176,26.7300,95
56194177408880,15:36:34.177,26.7300,5
56194177408880,15:36:34.177,26.7300,3
56194226868932,15:36:34.226,26.7300,97
56194587108497,15:36:34.587,26.7350,100
56194587555846,15:36:34.587,26.7400,100
56207131493826,15:36:47.131,26.7500,100
56207142806923,15:36:47.142,26.7450,1
56256842928837,15:37:36.842,26.7500,5
56256842928837,15:37:36.842,26.7500,1
56315654071207,15:38:35.654,26.7000,10
56316706282274,15:38:36.706,26.7200,100
56335992360797,15:38:55.992,26.7100,6
56364680742991,15:39:24.680,26.7300,100
56382795473455,15:39:42.795,26.6900,6
56462760599587,15:41:02.760,26.7000,10
56465533915553,15:41:05.533,26.6700,5
56475247607677,15:41:15.247,26.7200,12
56475247607677,15:41:15.247,26.7200,100
56484230935204,15:41:24.230,26.7100,100
56484230935204,15:41:24.230,26.7100,100
56484231046436,15:41:24.231,26.7100,100
56496161000712,15:41:36.161,26.7300,100
56506260109208,15:41:46.260,26.7300,100
56506260474434,15:41:46.260,26.7300,100
56506260498084,15:41:46.260,26.7300,58
56506260918340,15:41:46.260,26.7300,42
56506260918340,15:41:46.260,26.7300,100
56506410388834,15:41:46.410,26.7200,29
56506410388834,15:41:46.410,26.7200,71
56506410426381,15:41:46.410,26.7200,8
56517460847141,15:41:57.460,26.7200,100
56522884706456,15:42:02.884,26.7200,6
56582082683266,15:43:02.082,26.7300,100
56582083089401,15:43:02.083,26.7300,100
56582083089401,15:43:02.083,26.7300,100
56582083089401,15:43:02.083,26.7300,100
56582083089401,15:43:02.083,26.7300,1
56582086274716,15:43:02.086,26.7300,8
56582632700924,15:43:02.632,26.7400,100
56582632700924,15:43:02.632,26.7500,200
56582632700924,15:43:02.632,26.7500,100
56583157094534,15:43:03.157,26.7550,44
56583453709174,15:43:03.453,26.7550,56
56583479690642,15:43:03.479,26.7600,100
56583479823052,15:43:03.479,26.7600,5
56583505175348,15:43:03.505,26.7600,70
56583505968505,15:43:03.505,26.7600,25
56583505968505,15:43:03.505,26.7600,21
56585884218619,15:43:05.884,26.7600,50
56589136221869,15:43:09.136,26.7600,100
56590006257650,15:43:10.006,26.7700,100
56599115930200,15:43:19.115,26.7600,94
56599115930200,15:43:19.115,26.7700,6
56599116021680,15:43:19.116,26.7700,94
56599116048232,15:43:19.116,26.7700,15
56672760325742,15:44:32.760,26.7700,1
56698880802574,15:44:58.880,26.7800,200
56698880802574,15:44:58.880,26.7800,6
56698880802574,15:44:58.880,26.7800,1
56698880802574,15:44:58.880,26.7800,10
56698880802574,15:44:58.880,26.7800,38
56702499987404,15:45:02.499,26.7800,162
56702499987404,15:45:02.499,26.7800,100
56702499987404,15:45:02.499,26.7800,1
56702500324719,15:45:02.500,26.7800,30
56702500398000,15:45:02.500,26.7800,70
56702666683775,15:45:02.666,26.7900,100
56703822803535,15:45:03.822,26.8000,200
56703888596315,15:45:03.888,26.8000,52
56729194970604,15:45:29.194,26.8000,48
56730832692499,15:45:30.832,26.8100,10
56736574341417,15:45:36.574,26.8100,6
56737322213359,15:45:37.322,26.8200,100
56744783978682,15:45:44.783,26.8200,100
56744783978682,15:45:44.783,26.8200,111
56744783978682,15:45:44.783,26.8200,89
56744784024656,15:45:44.784,26.8200,7
56744784030383,15:45:44.784,26.8200,4
56744784030383,15:45:44.784,26.8200,100
56756529200436,15:45:56.529,26.8300,100
56756529200436,15:45:56.529,26.8300,100
56758781207502,15:45:58.781,26.8300,47
56764931965666,15:46:04.931,26.8400,100
56790093834865,15:46:30.093,26.8500,1
56790209256785,15:46:30.209,26.8500,99
56790209256785,15:46:30.209,26.8500,1
56799471995515,15:46:39.471,26.8600,100
56799475181385,15:46:39.475,26.8600,3
56886858451042,15:48:06.858,26.8500,6
56886858542697,15:48:06.858,26.8500,94
56886858542697,15:48:06.858,26.8500,100
56886858542697,15:48:06.858,26.8500,100
56886858579733,15:48:06.858,26.8500,100
56886858597450,15:48:06.858,26.8400,29
56886858602015,15:48:06.858,26.8400,71
56886858602015,15:48:06.858,26.8400,29
56886858623803,15:48:06.858,26.8400,50
56886858626795,15:48:06.858,26.8400,21
56906849978884,15:48:26.849,26.8250,100
56906849978884,15:48:26.849,26.8400,3
56906850670702,15:48:26.850,26.8400,81
56906850721462,15:48:26.850,26.8400,5
56927434403668,15:48:47.434,26.8100,6
56953390628395,15:49:13.390,26.8100,94
56953390628395,15:49:13.390,26.8100,131
56953390628395,15:49:13.390,26.8100,150
56953390888709,15:49:13.390,26.8000,2
56953390889289,15:49:13.390,26.8000,2
56953390890666,15:49:13.390,26.8000,31
56953390921350,15:49:13.390,26.8000,48
56953390923115,15:49:13.390,26.8000,17
56953478077326,15:49:13.478,26.7900,1
56969085933044,15:49:29.085,26.8100,3
56992223457576,15:49:52.223,26.8000,7
56992231128745,15:49:52.231,26.8200,49
57035864640903,15:50:35.864,26.7900,11
57043376885135,15:50:43.376,26.7900,166
57045757362801,15:50:45.757,26.7800,9
57059327592358,15:50:59.327,26.7900,100
57064654666290,15:51:04.654,26.7900,26
57064657914646,15:51:04.657,26.7900,27
57085724402928,15:51:25.724,26.7900,6
57087246915128,15:51:27.246,26.8000,30
57097393048950,15:51:37.393,26.8000,100
57097393071915,15:51:37.393,26.8100,4
57097393189703,15:51:37.393,26.8100,96
57097402451437,15:51:37.402,26.8100,100
57097443745008,15:51:37.443,26.8100,100
57097443816133,15:51:37.443,26.8100,66
57097601218854,15:51:37.601,26.7900,49
57097891343980,15:51:37.891,26.7900,51
57107884011492,15:51:47.884,26.7750,100
57119452621084,15:51:59.452,26.7600,100
57119452621084,15:51:59.452,26.7600,100
57119452657754,15:51:59.452,26.7600,49
57119452659014,15:51:59.452,26.7600,17
57119598464630,15:51:59.598,26.7350,100
57141054083388,15:52:21.054,26.7600,4
57167261620600,15:52:47.261,26.7100,7
57216479430552,15:53:36.479,26.7400,10
57216771436556,15:53:36.771,26.7200,8
57240286161224,15:54:00.286,26.7200,100
57240446284089,15:54:00.446,26.7200,100
57240488805322,15:54:00.488,26.7200,100
57240488842646,15:54:00.488,26.7200,11
57240893427013,15:54:00.893,26.7100,100
57240893788139,15:54:00.893,26.7100,100
57246517538454,15:54:06.517,26.7100,100
57246517560378,15:54:06.517,26.7100,100
57246525301164,15:54:06.525,26.7000,8
57246900976611,15:54:06.900,26.7000,92
57246900976611,15:54:06.900,26.7000,24
57253315523824,15:54:13.315,26.7100,100
57253315523824,15:54:13.315,26.7100,46
57259907631407,15:54:19.907,26.7000,10
57262871418233,15:54:22.871,26.7000,4
57262871794919,15:54:22.871,26.7000,5
57270715586646,15:54:30.715,26.7100,300
57270715909237,15:54:30.715,26.7100,100
57270902018099,15:54:30.902,26.7100,100
57274871468299,15:54:34.871,26.7000,11
57275581534600,15:54:35.581,26.7000,49
57275581550327,15:54:35.581,26.7000,21
57275581550327,15:54:35.581,26.7000,100
57275581550327,15:54:35.581,26.7000,100
57275581639824,15:54:35.581,26.7000,40
57275581644453,15:54:35.581,26.7000,100
57275581810473,15:54:35.581,26.7000,100
57275581810473,15:54:35.581,26.7000,100
57275582061770,15:54:35.582,26.7000,100
57283039523374,15:54:43.039,26.7000,10
57292592152984,15:54:52.592,26.7000,50
57298983790811,15:54:58.983,26.7000,100
57300266165558,15:55:00.266,26.7000,100
57300273468545,15:55:00.273,26.7100,100
57300304551218,15:55:00.304,26.7200,8
57300304551218,15:55:00.304,26.7200,100
57300304552740,15:55:00.304,26.7300,100
57300304554283,15:55:00.304,26.7300,100
57300304554283,15:55:00.304,26.7400,100
57300304555118,15:55:00.304,26.7400,200
57300304563019,15:55:00.304,26.7400,90
57300305010875,15:55:00.305,26.7500,34
57300306642680,15:55:00.306,26.7300,100
57300984694545,15:55:00.984,26.7300,100
57301173142500,15:55:01.173,26.7300,100
57310415939767,15:55:10.415,26.7400,100
57310415939767,15:55:10.415,26.7400,50
57310415965020,15:55:10.415,26.7400,21
57310416076533,15:55:10.416,26.7400,129
57310416421006,15:55:10.416,26.7400,34
57310422081581,15:55:10.422,26.7400,20
57332414481256,15:55:32.414,26.7500,32
57370145383455,15:56:10.145,26.7500,34
57370145383455,15:56:10.145,26.7500,100
57370145383455,15:56:10.145,26.7500,135
57370145409686,15:56:10.145,26.7500,22
57370145424554,15:56:10.145,26.7500,58
57370145425035,15:56:10.145,26.7500,199
57370145478298,15:56:10.145,26.7500,100
57370145998962,15:56:10.145,26.7500,86
57370145998962,15:56:10.145,26.7500,66
57370145998962,15:56:10.145,26.7500,3
57370145998962,15:56:10.145,26.7500,100
57393064242401,15:56:33.064,26.7650,100
57404756946160,15:56:44.756,26.7700,5
57406980060185,15:56:46.980,26.7700,95
57406980060185,15:56:46.980,26.7700,5
57406985434563,15:56:46.985,26.7700,1
57406985434563,15:56:46.985,26.7700,17
57407661974661,15:56:47.661,26.7700,3
57431146713029,15:57:11.146,26.7800,123
57461466527685,15:57:41.466,26.7800,77
57461466527685,15:57:41.466,26.7800,1
57461466527685,15:57:41.466,26.7800,22
57472488108713,15:57:52.488,26.7700,8
57472662638983,15:57:52.662,26.7700,32
57472662732592,15:57:52.662,26.7700,100
57472680223847,15:57:52.680,26.7700,32
57473730697041,15:57:53.730,26.7700,68
57479644974291,15:57:59.644,26.7600,200
57479644974291,15:57:59.644,26.7600,100
57479644974291,15:57:59.644,26.7600,200
57479644974291,15:57:59.644,26.7600,100
57479644974291,15:57:59.644,26.7600,94
57479644974291,15:57:59.644,26.7600,200
57479644974291,15:57:59.644,26.7600,100
57479644974291,15:57:59.644,26.7600,6
57479645019720,15:57:59.645,26.7600,31
57479645022692,15:57:59.645,26.7600,8
57479645024390,15:57:59.645,26.7600,73
57479645024390,15:57:59.645,26.7600,27
57479645026090,15:57:59.645,26.7600,73
57479645026090,15:57:59.645,26.7600,139
57479645030678,15:57:59.645,26.7600,61
57479645030678,15:57:59.645,26.7600,39
57479645031595,15:57:59.645,26.7600,49
57479645033072,15:57:59.645,26.7600,12
57479645033072,15:57:59.645,26.7600,37
57479645051245,15:57:59.645,26.7600,50
57479645220877,15:57:59.645,26.7600,13
57479653137276,15:57:59.653,26.7600,100
57483425816282,15:58:03.425,26.7600,500
57483425816282,15:58:03.425,26.7600,100
57484405651718,15:58:04.405,26.7600,100
57484405651718,15:58:04.405,26.7600,200
57484405651718,15:58:04.405,26.7600,100
57490151614577,15:58:10.151,26.7600,16
57492059778035,15:58:12.059,26.7600,100
57492059859342,15:58:12.059,26.7600,84
57492059859342,15:58:12.059,26.7600,35
57492059859342,15:58:12.059,26.7600,80
57492059859342,15:58:12.059,26.7600,100
57492063615655,15:58:12.063,26.7600,100
57497012227680,15:58:17.012,26.7600,100
57502028096646,15:58:22.028,26.7600,100
57502028096646,15:58:22.028,26.7600,60
57502028096646,15:58:22.028,26.7600,17
57508629384291,15:58:28.629,26.7700,188
57508629450617,15:58:28.629,26.7700,199
57508629829869,15:58:28.629,26.7700,113
57508629829869,15:58:28.629,26.7700,100
57508629829869,15:58:28.629,26.7700,5
57508629829869,15:58:28.629,26.7700,260
57517052849025,15:58:37.052,26.7800,100
57522039752610,15:58:42.039,26.7800,100
57522039752610,15:58:42.039,26.7800,100
57527071025814,15:58:47.071,26.7750,100
57527073543495,15:58:47.073,26.7800,6
57527073543495,15:58:47.073,26.7800,94
57532056766427,15:58:52.056,26.7800,6
57532056766427,15:58:52.056,26.7800,94
57534796039823,15:58:54.796,26.7800,6
57534796342061,15:58:54.796,26.7800,100
57537011203997,15:58:57.011,26.7900,100
57537011241323,15:58:57.011,26.7900,100
57537011241323,15:58:57.011,26.7900,49
57537011246133,15:58:57.011,26.7900,45
57537011246133,15:58:57.011,26.7900,4
57537011246970,15:58:57.011,26.7900,96
57537011246970,15:58:57.011,26.7900,74
57537013237580,15:58:57.013,26.7900,26
57543071518427,15:59:03.071,26.8100,100
57545201266505,15:59:05.201,26.8100,100
57545215881859,15:59:05.215,26.8100,600
57545215881859,15:59:05.215,26.8100,100
57545712001279,15:59:05.712,26.8100,2
57546091654031,15:59:06.091,26.8200,100
57547037762636,15:59:07.037,26.8200,200
57548068646818,15:59:08.068,26.8200,39
57549249181368,15:59:09.249,26.8200,300
57549249411608,15:59:09.249,26.8200,21
57551195500033,15:59:11.195,26.8200,340
57551195500033,15:59:11.195,26.8200,100
57551195500033,15:59:11.195,26.8200,12
57551195500033,15:59:11.195,26.8200,48
57551196234733,15:59:11.196,26.8200,52
57551377717157,15:59:11.377,26.8300,300
57551377717157,15:59:11.377,26.8300,7
57551377717157,15:59:11.377,26.8300,93
57551379306844,15:59:11.379,26.8300,7
57552037711764,15:59:12.037,26.8400,100
57552049050158,15:59:12.049,26.8400,200
57552074232420,15:59:12.074,26.8400,200
57552460626635,15:59:12.460,26.8400,200
57554175156155,15:59:14.175,26.8500,200
57555189347366,15:59:15.189,26.8500,200
57555189347366,15:59:15.189,26.8500,200
57555233593041,15:59:15.233,26.8500,100
57555233593041,15:59:15.233,26.8500,100
57555233593041,15:59:15.233,26.8500,100
57557042628628,15:59:17.042,26.8600,100
57557042716134,15:59:17.042,26.8600,539
57557042764483,15:59:17.042,26.8600,61
57557042764483,15:59:17.042,26.8600,100
57557042764483,15:59:17.042,26.8600,100
57557846612539,15:59:17.846,26.8700,100
57558145003088,15:59:18.145,26.8800,100
57560166667620,15:59:20.166,26.8800,100
57560181243179,15:59:20.181,26.8800,100
57560181243179,15:59:20.181,26.8800,100
57560214489864,15:59:20.214,26.8800,200
57562039035817,15:59:22.039,26.8800,100
57564190307464,15:59:24.190,26.8800,100
57564190307464,15:59:24.190,26.8800,4
57564197680579,15:59:24.197,26.8900,200
57564197680579,15:59:24.197,26.8900,400
57564203907594,15:59:24.203,26.8900,300
57564203907594,15:59:24.203,26.8900,300
57564203907594,15:59:24.203,26.8900,100
57566135021183,15:59:26.135,26.8900,200
57567044642243,15:59:27.044,26.8900,100
57567044642243,15:59:27.044,26.8900,100
57569546533185,15:59:29.546,26.8900,200
57569936363960,15:59:29.936,26.8900,100
57570245986995,15:59:30.245,26.8900,300
57570245986995,15:59:30.245,26.8900,300
57570245986995,15:59:30.245,26.8900,400
57570245986995,15:59:30.245,26.9000,100
57570668720512,15:59:30.668,26.9000,224
57572048251913,15:59:32.048,26.9000,51
57572048251913,15:59:32.048,26.9000,49
57572213681100,15:59:32.213,26.9000,200
57573006749440,15:59:33.006,26.9000,600
57573014072515,15:59:33.014,26.9000,151
57573014072515,15:59:33.014,26.9000,49
57573067396537,15:59:33.067,26.9000,22
57573067396537,15:59:33.067,26.9000,10
57574036758742,15:59:34.036,26.9000,56
57574940356667,15:59:34.940,26.8900,2
57575266285822,15:59:35.266,26.9000,300
57575730054005,15:59:35.730,26.9000,41
57577132142932,15:59:37.132,26.9000,3
57577132142932,15:59:37.132,26.9000,197
57577261608463,15:59:37.261,26.9000,3
57577261608463,15:59:37.261,26.9000,38
57579154819821,15:59:39.154,26.9000,100
57580310192476,15:59:40.310,26.9000,62
57580310192476,15:59:40.310,26.9000,200
57580310192476,15:59:40.310,26.9000,100
57580310192476,15:59:40.310,26.9000,38
57580310255375,15:59:40.310,26.9000,62
57580310255375,15:59:40.310,26.9000,38
57580311009967,15:59:40.311,26.9000,62
57580347952730,15:59:40.347,26.9100,100
57580347952730,15:59:40.347,26.9100,200
57580347952730,15:59:40.347,26.9100,500
57580459085199,15:59:40.459,26.9100,200
57581004308270,15:59:41.004,26.9100,4
57581172274474,15:59:41.172,26.9100,100
57582040909391,15:59:42.040,26.9100,96
57582040909391,15:59:42.040,26.9100,4
57585199786126,15:59:45.199,26.9100,196
57585199786126,15:59:45.199,26.9100,100
57585199786126,15:59:45.199,26.9100,100
57585199786126,15:59:45.199,26.9100,89
57585199786126,15:59:45.199,26.9100,115
57585203042015,15:59:45.203,26.9100,85
57585203042015,15:59:45.203,26.9100,15
57586060144095,15:59:46.060,26.9000,100
57586294504852,15:59:46.294,26.9000,169
57587056628264,15:59:47.056,26.9100,185
57587056628264,15:59:47.056,26.9100,15
57587063992374,15:59:47.063,26.9100,77
57587082395393,15:59:47.082,26.9100,8
57587082395393,15:59:47.082,26.9100,8
57587082395393,15:59:47.082,26.9100,84
57587134527122,15:59:47.134,26.9100,116
57587134527122,15:59:47.134,26.9100,100
57587135270430,15:59:47.135,26.9100,200
57587135270430,15:59:47.135,26.9100,100
57587139146321,15:59:47.139,26.9200,300
57587139146321,15:59:47.139,26.9200,100
57587139146321,15:59:47.139,26.9200,100
57587139146321,15:59:47.139,26.9200,300
57587143702041,15:59:47.143,26.9200,100
57587145705261,15:59:47.145,26.9200,100
57587145705261,15:59:47.145,26.9200,100
57587146079084,15:59:47.146,26.9200,100
57587190146495,15:59:47.190,26.9200,100
57587190146495,15:59:47.190,26.9200,100
57588022957627,15:59:48.022,26.9200,100
57588022957627,15:59:48.022,26.9200,100
57588062993159,15:59:48.062,26.9200,100
57588062993159,15:59:48.062,26.9200,100
57589681003840,15:59:49.681,26.9100,195
57590039119413,15:59:50.039,26.9200,100
57590039119413,15:59:50.039,26.9200,100
57590069400194,15:59:50.069,26.9300,200
57592078486610,15:59:52.078,26.9300,700
57592078486610,15:59:52.078,26.9300,100
57592078486610,15:59:52.078,26.9300,100
57592129538072,15:59:52.129,26.9400,400
57593345152197,15:59:53.345,26.9100,5
57594043080354,15:59:54.043,26.9400,500
57594043080354,15:59:54.043,26.9400,44
57594064600711,15:59:54.064,26.9400,100
57594078897257,15:59:54.078,26.9400,56
57594078897257,15:59:54.078,26.9400,44
57595115686708,15:59:55.115,26.9300,19
57595735917827,15:59:55.735,26.9400,100
57596803197792,15:59:56.803,26.9400,56
57596803197792,15:59:56.803,26.9400,10
57597026495586,15:59:57.026,26.9400,300
57597028281003,15:59:57.028,26.9400,45
57597073865877,15:59:57.073,26.9500,200
57597073865877,15:59:57.073,26.9500,700
57597379062981,15:59:57.379,26.9400,5
57597390756163,15:59:57.390,26.9400,50
57597390756163,15:59:57.390,26.9400,50
57597760729095,15:59:57.760,26.9400,50
57597760729095,15:59:57.760,26.9400,100
57597760729095,15:59:57.760,26.9400,39
57597799601396,15:59:57.799,26.9500,100
57598026388461,15:59:58.026,26.9600,100
57598026388461,15:59:58.026,26.9600,200
57598076983585,15:59:58.076,26.9600,56
57598801685562,15:59:58.801,26.9600,200
57599019562407,15:59:59.019,26.9600,16
57599401827897,15:59:59.401,26.9600,200
57599476949481,15:59:59.476,26.9500,100
57599476949481,15:59:59.476,26.9500,150
57599506506086,15:59:59.506,26.9500,48
57599506506086,15:59:59.506,26.9500,79
57599506506086,15:59:59.506,26.9500,73
57599904244658,15:59:59.904,26.9600,200
57599997363407,15:59:59.997,26.9500,300
57599998883750,15:59:59.998,26.9500,82
57600778347880,16:00:00.778,26.9500,134485
57601028413893,16:00:01.028,26.9500,100
