timestamp,time,price,volume
34200190560977,09:30:00.190,0.0000,0
34226128166767,09:30:26.128,35.9200,187
34227468775298,09:30:27.468,35.9200,187
34284053818470,09:31:24.053,35.9200,100
34284053818470,09:31:24.053,35.9300,1300
34296005140156,09:31:36.005,35.9400,100
34296005226188,09:31:36.005,35.9200,100
34296007570966,09:31:36.007,35.9000,100
34296007649067,09:31:36.007,35.9000,100
34308761480212,09:31:48.761,35.9100,100
34308761480212,09:31:48.761,35.9100,100
34324941244130,09:32:04.941,35.9100,100
34324941244130,09:32:04.941,35.9100,100
34329780348833,09:32:09.780,35.8900,226
34329780372964,09:32:09.780,35.8900,974
34329780380024,09:32:09.780,35.8900,128
34329780426330,09:32:09.780,35.8900,172
34329783585576,09:32:09.783,35.8700,2500
34329783617180,09:32:09.783,35.8700,300
34329783811827,09:32:09.783,35.8800,2700
34329783888174,09:32:09.783,35.8800,16
34329783917545,09:32:09.783,35.8800,113
34329784885145,09:32:09.784,35.8800,100
34329784895957,09:32:09.784,35.8800,100
34329784910464,09:32:09.784,35.8800,100
34329784910464,09:32:09.784,35.8800,600
34329785105893,09:32:09.785,35.8800,200
34329785105893,09:32:09.785,35.8800,65
34329785114413,09:32:09.785,35.8800,535
34329785114413,09:32:09.785,35.8800,100
34329785114413,09:32:09.785,35.8800,104
34329785137726,09:32:09.785,35.8800,496
34329785137726,09:32:09.785,35.8800,243
34329785143951,09:32:09.785,35.8800,57
34329790515173,09:32:09.790,35.8700,100
34329793294321,09:32:09.793,35.8800,100
34329793377157,09:32:09.793,35.8800,300
34329793377157,09:32:09.793,35.8800,164
34329793402171,09:32:09.793,35.8800,100
34329793414378,09:32:09.793,35.8800,100
34329793418556,09:32:09.793,35.8800,100
34329793439730,09:32:09.793,35.8800,100
34329793456779,09:32:09.793,35.8800,100
34329793478305,09:32:09.793,35.8800,200
34329793481426,09:32:09.793,35.8800,100
34329793496398,09:32:09.793,35.8800,36
34329793496398,09:32:09.793,35.8800,64
34329793526300,09:32:09.793,35.8800,100
34329793537428,09:32:09.793,35.8800,100
34329793547910,09:32:09.793,35.8800,120
34329794559406,09:32:09.794,35.8800,71
34329794559406,09:32:09.794,35.8800,300
34329794559406,09:32:09.794,35.8800,800
34329794559406,09:32:09.794,35.8800,300
34329794559406,09:32:09.794,35.8800,20
34329794559406,09:32:09.794,35.8800,1100
34329870895223,09:32:09.870,35.8800,100
34329870895223,09:32:09.870,35.8800,600
34329940814914,09:32:09.940,35.8700,234
34329940843639,09:32:09.940,35.8700,66
34329940843639,09:32:09.940,35.8700,100
34329940843639,09:32:09.940,35.8700,100
34329940843639,09:32:09.940,35.8700,100
34329941161939,09:32:09.941,35.8700,200
34329942002933,09:32:09.942,35.8700,100
34329942002933,09:32:09.942,35.8700,100
34329942493114,09:32:09.942,35.8700,100
34332315292023,09:32:12.315,35.8900,100
34332315292023,09:32:12.315,35.8900,100
34332315292023,09:32:12.315,35.8900,395
34332315302420,09:32:12.315,35.8900,142
34332315362218,09:32:12.315,35.8900,198
34332315451344,09:32:12.315,35.8900,274
34332315457657,09:32:12.315,35.8900,100
34332315480958,09:32:12.315,35.8900,191
34332325613765,09:32:12.325,35.8800,100
34332325613765,09:32:12.325,35.8800,100
34333296383049,09:32:13.296,35.8800,100
34333296383049,09:32:13.296,35.8800,300
34333296383049,09:32:13.296,35.8800,100
34333836834112,09:32:13.836,35.8700,100
34333836834112,09:32:13.836,35.8700,100
34337967487947,09:32:17.967,35.8700,100
34337967746012,09:32:17.967,35.8700,100
34337967746012,09:32:17.967,35.8700,100
34337967746012,09:32:17.967,35.8700,100
34337967917921,09:32:17.967,35.8700,300
34337967917921,09:32:17.967,35.8700,200
34337967927244,09:32:17.967,35.8700,216
34337968335824,09:32:17.968,35.8700,100
34338478197501,09:32:18.478,35.8500,50
34338479298312,09:32:18.479,35.8400,870
34338479336368,09:32:18.479,35.8400,760
34338480840574,09:32:18.480,35.8400,2316
34338480840574,09:32:18.480,35.8400,300
34338480840574,09:32:18.480,35.8400,110
34338481240820,09:32:18.481,35.8500,200
34338481240820,09:32:18.481,35.8500,100
34338481240820,09:32:18.481,35.8500,400
34338481240820,09:32:18.481,35.8500,100
34338481240820,09:32:18.481,35.8500,800
34338582337372,09:32:18.582,35.8600,100
34372868043425,09:32:52.868,35.7600,1200
34379742505762,09:32:59.742,35.7500,1500
34379742555204,09:32:59.742,35.7500,200
34379742555204,09:32:59.742,35.7500,100
34379753944635,09:32:59.753,35.7400,200
34379753944635,09:32:59.753,35.7400,100
34412842937447,09:33:32.842,35.6900,100
34412842937447,09:33:32.842,35.6900,200
34414628190968,09:33:34.628,35.6900,100
34414628190968,09:33:34.628,35.6900,200
34416035770219,09:33:36.035,35.7000,100
34422420576558,09:33:42.420,35.7000,100
34422421477200,09:33:42.421,35.7000,3
34425815750332,09:33:45.815,35.7100,100
34426108854283,09:33:46.108,35.6900,100
34435370030830,09:33:55.370,35.6800,300
34449542560155,09:34:09.542,35.6900,100
34449543139472,09:34:09.543,35.6900,100
34449544202437,09:34:09.544,35.6900,400
34449544674155,09:34:09.544,35.6900,100
34449546334040,09:34:09.546,35.6900,600
34449546795899,09:34:09.546,35.6900,100
34449550651607,09:34:09.550,35.6900,100
34449551519548,09:34:09.551,35.6900,100
34449551979565,09:34:09.551,35.6900,100
34449552729347,09:34:09.552,35.6900,300
34449552729347,09:34:09.552,35.6900,300
34449552729347,09:34:09.552,35.6900,100
34449556352083,09:34:09.556,35.6800,300
34449556434009,09:34:09.556,35.6800,100
34449556434009,09:34:09.556,35.6800,200
34449559662614,09:34:09.559,35.6800,100
34457375872660,09:34:17.375,35.6800,100
34461259403445,09:34:21.259,35.6400,200
34461259479130,09:34:21.259,35.6400,100
34461259479130,09:34:21.259,35.6400,100
34461259479130,09:34:21.259,35.6400,100
34461259553206,09:34:21.259,35.6400,100
34461259553206,09:34:21.259,35.6400,100
34461260516976,09:34:21.260,35.6400,100
34461260516976,09:34:21.260,35.6400,200
34461260516976,09:34:21.260,35.6400,100
34461260516976,09:34:21.260,35.6400,8
34461260583349,09:34:21.260,35.6400,92
34461350482201,09:34:21.350,35.6400,100
34461350482201,09:34:21.350,35.6400,100
34461350482201,09:34:21.350,35.6400,100
34461350482201,09:34:21.350,35.6400,100
34461350542698,09:34:21.350,35.6400,100
34461350614790,09:34:21.350,35.6400,400
34461350632935,09:34:21.350,35.6400,300
34461350648294,09:34:21.350,35.6400,208
34461377643150,09:34:21.377,35.6400,100
34461378464479,09:34:21.378,35.6400,100
34467556919661,09:34:27.556,35.6300,100
34467556919661,09:34:27.556,35.6300,5
34467557198888,09:34:27.557,35.6400,12
34467558111501,09:34:27.558,35.6500,8
34467558148814,09:34:27.558,35.6500,100
34467559102595,09:34:27.559,35.6550,400
34467559102595,09:34:27.559,35.6600,1000
34467559433039,09:34:27.559,35.6600,216
34467559587745,09:34:27.559,35.6600,200
34467559587745,09:34:27.559,35.6600,100
34467560157775,09:34:27.560,35.6500,400
34467560157775,09:34:27.560,35.6500,100
34467560157775,09:34:27.560,35.6500,100
34467560631648,09:34:27.560,35.6500,100
34467560727850,09:34:27.560,35.6500,100
34467560876273,09:34:27.560,35.6500,300
34467560876273,09:34:27.560,35.6500,100
34467560916202,09:34:27.560,35.6500,200
34467560916202,09:34:27.560,35.6500,100
34467560938014,09:34:27.560,35.6500,100
34467661302051,09:34:27.661,35.6500,100
34467661302051,09:34:27.661,35.6500,100
34467661302051,09:34:27.661,35.6500,100
34470039715670,09:34:30.039,35.6300,400
34470039770049,09:34:30.039,35.6300,400
34470039770049,09:34:30.039,35.6300,100
34470039770049,09:34:30.039,35.6300,100
34471615788524,09:34:31.615,35.6400,392
34481006555603,09:34:41.006,35.6300,100
34481006555603,09:34:41.006,35.6300,420
34481007264943,09:34:41.007,35.6300,100
34489775953490,09:34:49.775,35.6400,100
34496484653375,09:34:56.484,35.6400,7
34500046531348,09:35:00.046,35.6500,10
34500046859995,09:35:00.046,35.6500,40
34513030102050,09:35:13.030,35.6300,100
34513030102050,09:35:13.030,35.6300,100
34513030239066,09:35:13.030,35.6300,100
34513030239066,09:35:13.030,35.6300,800
34513030239066,09:35:13.030,35.6300,100
34519626759562,09:35:19.626,35.6350,100
34524018730743,09:35:24.018,35.6200,200
34534657128691,09:35:34.657,35.6000,200
34535636313649,09:35:35.636,35.6100,16
34541976526857,09:35:41.976,35.6100,100
34544122555186,09:35:44.122,35.6000,100
34549191893564,09:35:49.191,35.6000,61
34549191911334,09:35:49.191,35.6000,39
34549191911334,09:35:49.191,35.6000,100
34555249913196,09:35:55.249,35.5800,100
34560184956566,09:36:00.184,35.5500,100
34561469336726,09:36:01.469,35.5500,3
34561469336726,09:36:01.469,35.5500,97
34571674697628,09:36:11.674,35.5500,100
34574927000579,09:36:14.927,35.5200,100
34574927000579,09:36:14.927,35.5200,100
34575863742962,09:36:15.863,35.5200,100
34580991311356,09:36:20.991,35.5200,100
34581560275584,09:36:21.560,35.5200,100
34581560275584,09:36:21.560,35.5200,100
34585602999608,09:36:25.602,35.5200,100
34587724454809,09:36:27.724,35.5200,100
34601318532020,09:36:41.318,35.5150,100
34610028407568,09:36:50.028,35.5200,3
34610028407568,09:36:50.028,35.5200,100
34610028407568,09:36:50.028,35.5200,6
34610905061718,09:36:50.905,35.5200,100
34610905061718,09:36:50.905,35.5200,100
34610905061718,09:36:50.905,35.5200,100
34610905061718,09:36:50.905,35.5200,100
34613251091682,09:36:53.251,35.5200,400
34613251091682,09:36:53.251,35.5200,10
34613251137559,09:36:53.251,35.5200,410
34613251196703,09:36:53.251,35.5200,400
34613251763325,09:36:53.251,35.5200,232
34613251774682,09:36:53.251,35.5200,168
34613251774682,09:36:53.251,35.5200,156
34613252801656,09:36:53.252,35.5200,100
34613252801656,09:36:53.252,35.5200,100
34613252801656,09:36:53.252,35.5200,100
34613252801656,09:36:53.252,35.5200,100
34613252801656,09:36:53.252,35.5200,200
34613252801656,09:36:53.252,35.5200,200
34613252801656,09:36:53.252,35.5200,100
34613252801656,09:36:53.252,35.5200,200
34614251909450,09:36:54.251,35.5200,400
34618223529340,09:36:58.223,35.5150,400
34618223529340,09:36:58.223,35.5200,400
34618223529340,09:36:58.223,35.5200,100
34618223529340,09:36:58.223,35.5200,9
34618223529340,09:36:58.223,35.5200,100
34618223529340,09:36:58.223,35.5200,800
34618224021048,09:36:58.224,35.5200,100
34618224021048,09:36:58.224,35.5200,400
34619816431635,09:36:59.816,35.5100,100
34619816431635,09:36:59.816,35.5100,100
34628251428967,09:37:08.251,35.5100,100
34628261869826,09:37:08.261,35.5000,1000
34628261869826,09:37:08.261,35.5000,800
34630008092953,09:37:10.008,35.5000,100
34630008092953,09:37:10.008,35.5000,100
34632992467131,09:37:12.992,35.5400,100
34632992467131,09:37:12.992,35.5400,800
34632994181658,09:37:12.994,35.5400,100
34632999150824,09:37:12.999,35.5300,100
34633587096758,09:37:13.587,35.5400,800
34633587096758,09:37:13.587,35.5400,100
34633797340990,09:37:13.797,35.5300,100
34635131603242,09:37:15.131,35.5200,100
34636197767515,09:37:16.197,35.5200,100
34647368241748,09:37:27.368,35.5400,735
34647368254416,09:37:27.368,35.5400,365
34647368589029,09:37:27.368,35.5400,100
34647368590582,09:37:27.368,35.5400,100
34647368834109,09:37:27.368,35.5400,100
34647368834109,09:37:27.368,35.5400,100
34647368834109,09:37:27.368,35.5400,800
34647368834109,09:37:27.368,35.5400,100
34647368834109,09:37:27.368,35.5400,100
34647369720213,09:37:27.369,35.5400,200
34647378070793,09:37:27.378,35.5400,64
34647378385230,09:37:27.378,35.5400,236
34648290148996,09:37:28.290,35.5400,100
34648290148996,09:37:28.290,35.5400,100
34648290148996,09:37:28.290,35.5400,100
34648290148996,09:37:28.290,35.5400,231
34662923315007,09:37:42.923,35.5100,369
34662923315007,09:37:42.923,35.5100,100
34667845826917,09:37:47.845,35.4900,100
34667845826917,09:37:47.845,35.4900,100
34667845826917,09:37:47.845,35.4900,100
34667845866694,09:37:47.845,35.4900,100
34668913165882,09:37:48.913,35.4800,100
34668913165882,09:37:48.913,35.4800,100
34668916437398,09:37:48.916,35.4800,200
34668916437398,09:37:48.916,35.4800,300
34668916437398,09:37:48.916,35.4800,100
34668916437398,09:37:48.916,35.4800,100
34668916437398,09:37:48.916,35.4800,100
34668916437398,09:37:48.916,35.4800,100
34668916437398,09:37:48.916,35.4800,400
34668916437398,09:37:48.916,35.4800,300
34668916469483,09:37:48.916,35.4800,600
34668916623904,09:37:48.916,35.4800,400
34668916623904,09:37:48.916,35.4800,400
34668916654464,09:37:48.916,35.4800,300
34668916654464,09:37:48.916,35.4800,200
34668918147339,09:37:48.918,35.4900,100
34668918147339,09:37:48.918,35.4900,32
34668918200212,09:37:48.918,35.4900,68
34668919968815,09:37:48.919,35.4900,100
34670424858508,09:37:50.424,35.4900,100
34671510818751,09:37:51.510,35.5000,100
34671510818751,09:37:51.510,35.5000,100
34671510818751,09:37:51.510,35.5000,100
34671510818751,09:37:51.510,35.5000,100
34671510818751,09:37:51.510,35.5000,400
34672428256517,09:37:52.428,35.5000,100
34672459074517,09:37:52.459,35.5000,1900
34672459074517,09:37:52.459,35.5000,500
34677212290282,09:37:57.212,35.5000,100
34677212290282,09:37:57.212,35.5000,100
34677801649647,09:37:57.801,35.5100,100
34682391709114,09:38:02.391,35.5200,100
34682973578921,09:38:02.973,35.5400,100
34682973578921,09:38:02.973,35.5400,100
34682987884189,09:38:02.987,35.5400,300
34682987884189,09:38:02.987,35.5400,100
34682987884189,09:38:02.987,35.5400,100
34682987884189,09:38:02.987,35.5400,100
34683196673666,09:38:03.196,35.5300,100
34683196951978,09:38:03.196,35.5200,100
34683196951978,09:38:03.196,35.5200,1500
34683196951978,09:38:03.196,35.5200,100
34683197497774,09:38:03.197,35.5200,100
34687532179205,09:38:07.532,35.5200,100
34688300373649,09:38:08.300,35.5200,300
34691121130157,09:38:11.121,35.5000,100
34691121130157,09:38:11.121,35.5000,800
34691232850762,09:38:11.232,35.5000,100
34693342164017,09:38:13.342,35.5000,100
34693949355322,09:38:13.949,35.5100,100
34693949355322,09:38:13.949,35.5100,20
34697610923186,09:38:17.610,35.5100,1
34697610927995,09:38:17.610,35.5200,100
34697822126478,09:38:17.822,35.5200,100
34697822126478,09:38:17.822,35.5200,100
34706586415857,09:38:26.586,35.5200,100
34715118462711,09:38:35.118,35.5400,100
34719239656564,09:38:39.239,35.5500,3
34726445981535,09:38:46.445,35.5400,100
34726612612645,09:38:46.612,35.5400,20
34727573898105,09:38:47.573,35.5400,100
34727573898105,09:38:47.573,35.5400,100
34733187154162,09:38:53.187,35.5600,100
34733187154162,09:38:53.187,35.5600,100
34733187154162,09:38:53.187,35.5600,7
34733192203602,09:38:53.192,35.5600,100
34733192203602,09:38:53.192,35.5600,100
34734139515407,09:38:54.139,35.5600,100
34734276710303,09:38:54.276,35.5700,100
34736069970746,09:38:56.069,35.5700,100
34736964097544,09:38:56.964,35.5700,2600
34736964097544,09:38:56.964,35.5700,800
34736964097544,09:38:56.964,35.5700,100
34738488567682,09:38:58.488,35.5700,100
34738489830390,09:38:58.489,35.5600,53
34738490088565,09:38:58.490,35.5600,626
34738490246145,09:38:58.490,35.5600,32
34738490506483,09:38:58.490,35.5600,68
34738510676104,09:38:58.510,35.5600,200
34738510676104,09:38:58.510,35.5600,800
34739706578027,09:38:59.706,35.5700,100
34739706578027,09:38:59.706,35.5700,100
34741796239279,09:39:01.796,35.5900,100
34743862376016,09:39:03.862,35.6000,100
34744129511088,09:39:04.129,35.5900,100
34744706285679,09:39:04.706,35.5900,100
34745064363669,09:39:05.064,35.6000,1
34746392176576,09:39:06.392,35.6000,100
34748459527293,09:39:08.459,35.6100,1094
34748459553733,09:39:08.459,35.6100,206
34748459553733,09:39:08.459,35.6100,1
34748459553733,09:39:08.459,35.6100,2
34748796571712,09:39:08.796,35.6100,100
34753945071684,09:39:13.945,35.6100,100
34756010545630,09:39:16.010,35.6200,100
34756010545630,09:39:16.010,35.6200,100
34756018927292,09:39:16.018,35.6200,100
34757101361391,09:39:17.101,35.6100,100
34758722563949,09:39:18.722,35.6050,100
34758724734179,09:39:18.724,35.6050,100
34758732508862,09:39:18.732,35.6000,100
34759748671092,09:39:19.748,35.6000,100
34764517556686,09:39:24.517,35.6100,100
34764520779924,09:39:24.520,35.6200,100
34765213357511,09:39:25.213,35.6200,100
34774864691144,09:39:34.864,35.6200,100
34788881994123,09:39:48.881,35.6500,200
34788882875988,09:39:48.882,35.6400,12
34788882969871,09:39:48.882,35.6400,100
34788882991691,09:39:48.882,35.6400,246
34788883031911,09:39:48.883,35.6400,336
34791203348335,09:39:51.203,35.6400,100
34791203481685,09:39:51.203,35.6400,100
34791203481685,09:39:51.203,35.6400,162
34791203544374,09:39:51.203,35.6400,38
34791203544374,09:39:51.203,35.6400,62
34791203872229,09:39:51.203,35.6400,38
34807732854312,09:40:07.732,35.6300,100
34815349811527,09:40:15.349,35.6200,200
34830882884608,09:40:30.882,35.6100,200
34837034085779,09:40:37.034,35.6100,100
34843392832710,09:40:43.392,35.6100,25
34843392850918,09:40:43.392,35.6100,175
34843392850918,09:40:43.392,35.6100,100
34843394781332,09:40:43.394,35.6000,267
34852788999760,09:40:52.788,35.5900,2900
34852788999760,09:40:52.788,35.5900,100
34855367996860,09:40:55.367,35.6000,600
34855898121435,09:40:55.898,35.6000,100
34863493376555,09:41:03.493,35.5700,100
34863581379642,09:41:03.581,35.5700,100
34864149875808,09:41:04.149,35.5700,100
34867075095073,09:41:07.075,35.5600,100
34867075095073,09:41:07.075,35.5600,100
34867075095073,09:41:07.075,35.5600,100
34883296779452,09:41:23.296,35.5400,100
34891953614533,09:41:31.953,35.5200,100
34892137803372,09:41:32.137,35.5200,100
34899480713334,09:41:39.480,35.5100,100
34900473939945,09:41:40.473,35.5100,100
34900475074954,09:41:40.475,35.5100,100
34900475074954,09:41:40.475,35.5100,100
34900475074954,09:41:40.475,35.5100,100
34904371539528,09:41:44.371,35.5000,100
34904374837118,09:41:44.374,35.5000,900
34912799481139,09:41:52.799,35.5000,100
34912799481139,09:41:52.799,35.5000,100
34912799481139,09:41:52.799,35.5000,4
34912799481139,09:41:52.799,35.5000,100
34941278348128,09:42:21.278,35.5100,20
34948063319440,09:42:28.063,35.4900,100
34955275537330,09:42:35.275,35.5400,100
34963434766502,09:42:43.434,35.5500,100
34964237242848,09:42:44.237,35.5400,100
34970908709399,09:42:50.908,35.5400,100
34970926628989,09:42:50.926,35.5300,100
34972048414771,09:42:52.048,35.5300,1
35000955163584,09:43:20.955,35.5300,700
35000955163584,09:43:20.955,35.5300,100
35007999909289,09:43:27.999,35.5200,100
35007999909289,09:43:27.999,35.5200,20
35061795365659,09:44:21.795,35.5300,100
35069120718698,09:44:29.120,35.5200,100
35074679028355,09:44:34.679,35.5100,100
35074709595110,09:44:34.709,35.5100,100
35074709595110,09:44:34.709,35.5100,30
35093439639312,09:44:53.439,35.5200,100
35093937078376,09:44:53.937,35.5300,100
35100362648183,09:45:00.362,35.5600,100
35116708087219,09:45:16.708,35.5800,100
35121165798279,09:45:21.165,35.5900,100
35121170742328,09:45:21.170,35.5900,31
35121170742328,09:45:21.170,35.5900,96
35121170751196,09:45:21.170,35.5900,4
35132445031109,09:45:32.445,35.6000,100
35144545626878,09:45:44.545,35.6100,100
35154739355194,09:45:54.739,35.5900,100
35181230020855,09:46:21.230,35.6000,20
35224755103937,09:47:04.755,35.5900,100
35225010370575,09:47:05.010,35.5900,100
35225031422791,09:47:05.031,35.5900,100
35225031422791,09:47:05.031,35.5900,200
35269164468044,09:47:49.164,35.6000,100
35270621719731,09:47:50.621,35.6000,100
35270621719731,09:47:50.621,35.6000,100
35270622678572,09:47:50.622,35.5900,471
35270622739651,09:47:50.622,35.5900,629
35270624067352,09:47:50.624,35.5900,100
35270624067352,09:47:50.624,35.5900,100
35270624067352,09:47:50.624,35.5900,100
35270624067352,09:47:50.624,35.5900,100
35270624067352,09:47:50.624,35.5900,100
35270624261788,09:47:50.624,35.5900,100
35285270858397,09:48:05.270,35.5700,100
35286219647261,09:48:06.219,35.5500,100
35286219855518,09:48:06.219,35.5500,100
35286219855518,09:48:06.219,35.5500,100
35286219855518,09:48:06.219,35.5500,154
35287502316946,09:48:07.502,35.5500,10
35301727979609,09:48:21.727,35.5400,100
35301728336185,09:48:21.728,35.5400,5
35302443089610,09:48:22.443,35.5500,2
35308538924929,09:48:28.538,35.5600,100
35330638846096,09:48:50.638,35.5500,100
35330638846096,09:48:50.638,35.5500,741
35330639152971,09:48:50.639,35.5500,359
35330655431200,09:48:50.655,35.5500,400
35330655431200,09:48:50.655,35.5500,100
35330655431200,09:48:50.655,35.5500,100
35334104096115,09:48:54.104,35.5500,52
35346681630037,09:49:06.681,35.5600,33
35359605035491,09:49:19.605,35.5500,100
35390939506131,09:49:50.939,35.5200,100
35391500937412,09:49:51.500,35.5100,200
35393452724354,09:49:53.452,35.5000,245
35393452763534,09:49:53.452,35.5000,55
35393452763534,09:49:53.452,35.5000,55
35393452856261,09:49:53.452,35.5000,245
35393455968465,09:49:53.455,35.4900,100
35393458977387,09:49:53.458,35.4900,100
35393460241666,09:49:53.460,35.4900,600
35393460424679,09:49:53.460,35.4900,100
35393460595654,09:49:53.460,35.4900,100
35395335235295,09:49:55.335,35.4800,100
35395335235295,09:49:55.335,35.4800,135
35395335272836,09:49:55.335,35.4800,65
35400971615039,09:50:00.971,35.4700,100
35406674964840,09:50:06.674,35.4700,100
35406675009276,09:50:06.675,35.4700,200
35410451875573,09:50:10.451,35.4800,100
35410451875573,09:50:10.451,35.4800,200
35412530975222,09:50:12.530,35.4800,200
35412530975222,09:50:12.530,35.4800,53
35412530975222,09:50:12.530,35.4800,200
35416522274116,09:50:16.522,35.4700,100
35419539181890,09:50:19.539,35.4700,20
35419713746758,09:50:19.713,35.4700,200
35426950097503,09:50:26.950,35.4900,100
35437071431648,09:50:37.071,35.5000,100
35460492193445,09:51:00.492,35.5000,100
35462250688306,09:51:02.250,35.5000,100
35462250688306,09:51:02.250,35.5000,161
35462250726437,09:51:02.250,35.5000,39
35463401386110,09:51:03.401,35.5000,100
35463401386110,09:51:03.401,35.5000,100
35463401386110,09:51:03.401,35.5000,200
35463401386110,09:51:03.401,35.5000,100
35463401386110,09:51:03.401,35.5000,100
35463401386110,09:51:03.401,35.5000,100
35463401386110,09:51:03.401,35.5000,100
35469149698419,09:51:09.149,35.5100,100
35469149698419,09:51:09.149,35.5100,100
35469149753028,09:51:09.149,35.5100,100
35471133674517,09:51:11.133,35.5100,100
35471133674517,09:51:11.133,35.5100,100
35471133674517,09:51:11.133,35.5100,100
35471133674517,09:51:11.133,35.5100,100
35474898744498,09:51:14.898,35.5100,100
35475940389368,09:51:15.940,35.5200,100
35476064862077,09:51:16.064,35.5200,100
35476064862077,09:51:16.064,35.5200,51
35476064862077,09:51:16.064,35.5200,100
35476064862077,09:51:16.064,35.5200,100
35476064862077,09:51:16.064,35.5200,149
35478135332485,09:51:18.135,35.5200,100
35484632128236,09:51:24.632,35.5100,100
35504405621565,09:51:44.405,35.5100,100
35508043848827,09:51:48.043,35.5100,200
35508045865505,09:51:48.045,35.5200,100
35508045865505,09:51:48.045,35.5200,200
35508045897061,09:51:48.045,35.5200,100
35508045897061,09:51:48.045,35.5200,100
35508045897061,09:51:48.045,35.5200,200
35508046066431,09:51:48.046,35.5200,454
35508046157920,09:51:48.046,35.5200,146
35508046157920,09:51:48.046,35.5200,200
35508046157920,09:51:48.046,35.5200,100
35508046157920,09:51:48.046,35.5200,187
35508046187302,09:51:48.046,35.5200,13
35508046187302,09:51:48.046,35.5200,454
35530579885736,09:52:10.579,35.5000,200
35552551244420,09:52:32.551,35.4700,100
35568930232364,09:52:48.930,35.4700,100
35589340288959,09:53:09.340,35.4700,100
35589340288959,09:53:09.340,35.4700,7
35599763608955,09:53:19.763,35.4700,100
35625413032947,09:53:45.413,35.4800,100
35640518680500,09:54:00.518,35.5000,144
35640518714550,09:54:00.518,35.5000,700
35640518762072,09:54:00.518,35.5000,100
35640837713125,09:54:00.837,35.5100,100
35642856483031,09:54:02.856,35.5200,100
35642856483031,09:54:02.856,35.5200,100
35646418510213,09:54:06.418,35.5200,300
35646418510213,09:54:06.418,35.5200,100
35646418510213,09:54:06.418,35.5200,200
35655593891495,09:54:15.593,35.5200,100
35667206863059,09:54:27.206,35.5300,100
35681223315498,09:54:41.223,35.5300,100
35681353892342,09:54:41.353,35.5300,20
35694071079704,09:54:54.071,35.5400,100
35694071079704,09:54:54.071,35.5400,1
35695978492146,09:54:55.978,35.5400,100
35701182603343,09:55:01.182,35.5400,100
35701182603343,09:55:01.182,35.5400,100
35704525468236,09:55:04.525,35.5300,100
35725522609042,09:55:25.522,35.5300,100
35725522609042,09:55:25.522,35.5300,1
35745404667312,09:55:45.404,35.5200,100
35745619873100,09:55:45.619,35.5200,10
35748010121867,09:55:48.010,35.5100,100
35748010121867,09:55:48.010,35.5100,100
35761901768763,09:56:01.901,35.5000,100
35763885545188,09:56:03.885,35.4900,100
35780752006245,09:56:20.752,35.4700,16
35801020224396,09:56:41.020,35.4700,100
35826093240053,09:57:06.093,35.4900,4
35826423960120,09:57:06.423,35.5000,100
35829285364803,09:57:09.285,35.5100,100
35829423296052,09:57:09.423,35.5100,100
35829805968939,09:57:09.805,35.5100,100
35829805968939,09:57:09.805,35.5100,200
35844712726189,09:57:24.712,35.5000,100
35850104257079,09:57:30.104,35.5000,100
35851732934956,09:57:31.732,35.5000,100
35851732934956,09:57:31.732,35.5000,100
35851732934956,09:57:31.732,35.5000,100
35858623192327,09:57:38.623,35.4900,100
35858623192327,09:57:38.623,35.4900,200
35862980458781,09:57:42.980,35.4700,200
35863208920630,09:57:43.208,35.4700,100
35891583644628,09:58:11.583,35.5000,100
35891583644628,09:58:11.583,35.5000,114
35925924907848,09:58:45.924,35.5200,100
35931444754585,09:58:51.444,35.5100,100
35931444754585,09:58:51.444,35.5100,100
35931444754585,09:58:51.444,35.5100,200
35931444754585,09:58:51.444,35.5100,200
35934503248341,09:58:54.503,35.5100,100
35953397006515,09:59:13.397,35.5200,100
35953397006515,09:59:13.397,35.5200,100
35979620432118,09:59:39.620,35.5200,100
35979620432118,09:59:39.620,35.5200,100
36000003947702,10:00:00.003,35.5100,200
36000003947702,10:00:00.003,35.5100,100
36002741368183,10:00:02.741,35.4900,100
36002741368183,10:00:02.741,35.4800,100
36002741368183,10:00:02.741,35.4800,100
36002741368183,10:00:02.741,35.4800,100
36002741368183,10:00:02.741,35.4800,100
36002741368183,10:00:02.741,35.4700,700
36002741368183,10:00:02.741,35.4700,100
36002741368183,10:00:02.741,35.4700,100
36002741368183,10:00:02.741,35.4700,100
36002741368183,10:00:02.741,35.4700,200
36002741368183,10:00:02.741,35.4700,100
36002741368183,10:00:02.741,35.4700,100
36002741368183,10:00:02.741,35.4600,100
36002741368183,10:00:02.741,35.4600,100
36002741368183,10:00:02.741,35.4600,100
36002741594180,10:00:02.741,35.4800,100
36002817003319,10:00:02.817,35.4800,100
36002817003319,10:00:02.817,35.4800,100
36002877379106,10:00:02.877,35.4800,400
36002877417099,10:00:02.877,35.4800,100
36004157016656,10:00:04.157,35.4700,256
36004157111123,10:00:04.157,35.4700,44
36004157111123,10:00:04.157,35.4700,200
36004157111123,10:00:04.157,35.4700,12
36004161352359,10:00:04.161,35.4700,188
36004168016384,10:00:04.168,35.4600,100
36005921912928,10:00:05.921,35.4600,200
36005921912928,10:00:05.921,35.4600,100
36005921912928,10:00:05.921,35.4500,100
36005921912928,10:00:05.921,35.4500,100
36005921912928,10:00:05.921,35.4500,400
36005922058622,10:00:05.922,35.4600,100
36005922402986,10:00:05.922,35.4500,100
36005925184379,10:00:05.925,35.4400,100
36005925217739,10:00:05.925,35.4400,77
36005925217739,10:00:05.925,35.4400,100
36005925217739,10:00:05.925,35.4400,100
36005925217739,10:00:05.925,35.4400,200
36005926249849,10:00:05.926,35.4300,1
36005926249849,10:00:05.926,35.4300,100
36005926345363,10:00:05.926,35.4300,100
36005926481910,10:00:05.926,35.4300,400
36005926517527,10:00:05.926,35.4300,200
36005926538971,10:00:05.926,35.4300,100
36005927067861,10:00:05.927,35.4300,100
36005927067861,10:00:05.927,35.4300,81
36005927549860,10:00:05.927,35.4300,19
36005927549860,10:00:05.927,35.4300,81
36005927563561,10:00:05.927,35.4300,100
36005927696456,10:00:05.927,35.4300,100
36005927723486,10:00:05.927,35.4300,100
36005927763561,10:00:05.927,35.4300,19
36005927763561,10:00:05.927,35.4300,81
36005927850839,10:00:05.927,35.4300,100
36005927919068,10:00:05.927,35.4300,19
36005927919068,10:00:05.927,35.4300,100
36005930903940,10:00:05.930,35.4300,87
36006894623009,10:00:06.894,35.4300,400
36006894623009,10:00:06.894,35.4300,184
36006894627826,10:00:06.894,35.4300,16
36006934690129,10:00:06.934,35.4200,100
36006997100539,10:00:06.997,35.4250,400
36006997100539,10:00:06.997,35.4300,100
36006997100539,10:00:06.997,35.4300,100
36006997100539,10:00:06.997,35.4300,100
36006997127824,10:00:06.997,35.4300,200
36006997127824,10:00:06.997,35.4300,200
36006997172373,10:00:06.997,35.4300,100
36007720728425,10:00:07.720,35.4300,100
36007720728425,10:00:07.720,35.4300,6
36007721148755,10:00:07.721,35.4300,94
36008648322589,10:00:08.648,35.4300,100
36008648322589,10:00:08.648,35.4300,100
36008648322589,10:00:08.648,35.4300,100
36008648322589,10:00:08.648,35.4200,100
36008648322589,10:00:08.648,35.4200,100
36008648322589,10:00:08.648,35.4100,100
36008648322589,10:00:08.648,35.4100,400
36008648322589,10:00:08.648,35.4100,100
36008648450322,10:00:08.648,35.4300,100
36008652637515,10:00:08.652,35.4150,300
36008846607280,10:00:08.846,35.4200,100
36009365567879,10:00:09.365,35.4100,100
36009365567879,10:00:09.365,35.4000,100
36009365567879,10:00:09.365,35.4000,100
36009365567879,10:00:09.365,35.4000,400
36009365567879,10:00:09.365,35.3900,100
36009365567879,10:00:09.365,35.3900,100
36009365567879,10:00:09.365,35.3800,100
36009365567879,10:00:09.365,35.3800,100
36009365740322,10:00:09.365,35.4100,200
36009365984339,10:00:09.365,35.4000,100
36009381238269,10:00:09.381,35.3850,300
36009381420833,10:00:09.381,35.3900,100
36010336398009,10:00:10.336,35.4000,100
36011064853331,10:00:11.064,35.4100,100
36011065259785,10:00:11.065,35.4100,100
36011065259785,10:00:11.065,35.4100,100
36011065259785,10:00:11.065,35.4100,100
36011065286755,10:00:11.065,35.4100,400
36011065331184,10:00:11.065,35.4100,100
36011065450605,10:00:11.065,35.4100,100
36011076258416,10:00:11.076,35.4100,100
36011153434646,10:00:11.153,35.4100,1000
36011153434646,10:00:11.153,35.4100,84
36011153434646,10:00:11.153,35.4100,100
36012286947130,10:00:12.286,35.4100,100
36012286970270,10:00:12.286,35.4100,200
36015086103385,10:00:15.086,35.4000,44
36015086172657,10:00:15.086,35.4000,44
36015086575816,10:00:15.086,35.4000,44
36015088094535,10:00:15.088,35.4000,400
36015223683250,10:00:15.223,35.4000,12
36015383158792,10:00:15.383,35.4000,88
36018112700405,10:00:18.112,35.4200,100
36018112700405,10:00:18.112,35.4200,100
36018113225554,10:00:18.113,35.4200,100
36018113232991,10:00:18.113,35.4200,100
36021635146604,10:00:21.635,35.4350,100
36021635156756,10:00:21.635,35.4300,100
36021635183990,10:00:21.635,35.4300,100
36021635216365,10:00:21.635,35.4300,200
36021635317836,10:00:21.635,35.4300,200
36023831433924,10:00:23.831,35.4600,100
36023831433924,10:00:23.831,35.4600,100
36023831433924,10:00:23.831,35.4600,79
36023831433924,10:00:23.831,35.4600,121
36027279646509,10:00:27.279,35.4600,100
36028931043140,10:00:28.931,35.4700,100
36028933708932,10:00:28.933,35.4900,76
36036398362091,10:00:36.398,35.4800,100
36041041708177,10:00:41.041,35.4900,100
36041043452067,10:00:41.043,35.4900,100
36041043452067,10:00:41.043,35.4900,200
36041049474479,10:00:41.049,35.4900,100
36041106423674,10:00:41.106,35.4900,26
36041106474619,10:00:41.106,35.4900,74
36041106474619,10:00:41.106,35.4900,100
36042042095851,10:00:42.042,35.4900,100
36042042095851,10:00:42.042,35.4900,80
36042042095851,10:00:42.042,35.4900,40
36055829470853,10:00:55.829,35.4850,150
36055880012737,10:00:55.880,35.4850,150
36063276789411,10:01:03.276,35.4900,100
36064709725026,10:01:04.709,35.4900,100
36066551754135,10:01:06.551,35.5000,100
36068123621063,10:01:08.123,35.5000,100
36068123621063,10:01:08.123,35.5000,200
36068125635390,10:01:08.125,35.4950,400
36068125635390,10:01:08.125,35.4900,100
36068125635390,10:01:08.125,35.4900,200
36068125635390,10:01:08.125,35.4900,1000
36068136775560,10:01:08.136,35.4900,100
36068136775560,10:01:08.136,35.4900,100
36068136775560,10:01:08.136,35.4900,200
36068136775560,10:01:08.136,35.4900,200
36068137729781,10:01:08.137,35.4900,100
36068137729781,10:01:08.137,35.4900,200
36068137729781,10:01:08.137,35.4900,200
36068137782703,10:01:08.137,35.4900,800
36068137823598,10:01:08.137,35.4900,100
36068137823598,10:01:08.137,35.4900,100
36068137823598,10:01:08.137,35.4900,77
36068137823598,10:01:08.137,35.4900,200
36068138786950,10:01:08.138,35.4900,100
36068138786950,10:01:08.138,35.4900,300
36068138786950,10:01:08.138,35.4900,100
36068138786950,10:01:08.138,35.4900,400
36068138786950,10:01:08.138,35.4900,75
36068138786950,10:01:08.138,35.4900,100
36068138786950,10:01:08.138,35.4900,100
36068138786950,10:01:08.138,35.4900,100
36068138786950,10:01:08.138,35.4900,300
36068141120494,10:01:08.141,35.4900,100
36068141447387,10:01:08.141,35.4900,79
36068141447387,10:01:08.141,35.4900,100
36068141447387,10:01:08.141,35.4900,100
36069129731508,10:01:09.129,35.4950,50
36069129731508,10:01:09.129,35.5000,100
36069129731508,10:01:09.129,35.5000,1100
36069129731508,10:01:09.129,35.5000,100
36069129930761,10:01:09.129,35.5000,100
36069129930761,10:01:09.129,35.5000,75
36069129930761,10:01:09.129,35.5000,100
36069129930761,10:01:09.129,35.5000,300
36069129930761,10:01:09.129,35.5000,100
36069130167087,10:01:09.130,35.4900,400
36069130167087,10:01:09.130,35.4900,200
36069130167087,10:01:09.130,35.4900,500
36069455944657,10:01:09.455,35.4900,12
36069455944657,10:01:09.455,35.4900,88
36069456437789,10:01:09.456,35.4900,100
36069456444990,10:01:09.456,35.4900,12
36078544086405,10:01:18.544,35.4900,200
36078544086405,10:01:18.544,35.4900,200
36079149732196,10:01:19.149,35.5000,1600
36079149732196,10:01:19.149,35.5000,200
36079149732196,10:01:19.149,35.5000,100
36079149760633,10:01:19.149,35.5000,100
36079149795677,10:01:19.149,35.5000,100
36089718735832,10:01:29.718,35.5000,50
36092513838478,10:01:32.513,35.5000,200
36097005525752,10:01:37.005,35.5000,200
36098556272590,10:01:38.556,35.5000,100
36099511650033,10:01:39.511,35.5100,200
36117143315070,10:01:57.143,35.5000,600
36121824835788,10:02:01.824,35.4700,100
36121824835788,10:02:01.824,35.4700,1300
36121824835788,10:02:01.824,35.4700,100
36122226525288,10:02:02.226,35.4700,100
36144909917088,10:02:24.909,35.4800,100
36147575249151,10:02:27.575,35.4800,100
36149489186025,10:02:29.489,35.4800,10
36160570289585,10:02:40.570,35.4700,100
36160570289585,10:02:40.570,35.4700,200
36165052965375,10:02:45.052,35.4500,100
36166688060964,10:02:46.688,35.4400,100
36166688907628,10:02:46.688,35.4400,668
36166690210178,10:02:46.690,35.4400,106
36166690744685,10:02:46.690,35.4400,294
36166690744685,10:02:46.690,35.4400,409
36166692935808,10:02:46.692,35.4400,487
36166694232572,10:02:46.694,35.4400,204
36166736462451,10:02:46.736,35.4300,100
36169408137793,10:02:49.408,35.4250,100
36169408137793,10:02:49.408,35.4300,300
36169408208976,10:02:49.408,35.4300,2000
36169408208976,10:02:49.408,35.4300,100
36169408208976,10:02:49.408,35.4300,200
36186847050418,10:03:06.847,35.4300,100
36187087839774,10:03:07.087,35.4200,2900
36187087839774,10:03:07.087,35.4200,100
36187087839774,10:03:07.087,35.4200,100
36187087839774,10:03:07.087,35.4200,200
36193565128047,10:03:13.565,35.4100,100
36196072504363,10:03:16.072,35.4100,600
36196072504363,10:03:16.072,35.4100,100
36203721689052,10:03:23.721,35.4050,50
36203721689052,10:03:23.721,35.4050,150
36203721689052,10:03:23.721,35.4100,100
36203721689052,10:03:23.721,35.4100,600
36203721689052,10:03:23.721,35.4100,100
36203721689052,10:03:23.721,35.4100,200
36206610612415,10:03:26.610,35.4000,400
36206610612415,10:03:26.610,35.4000,200
36207636072302,10:03:27.636,35.4000,100
36207636072302,10:03:27.636,35.4000,300
36207636072302,10:03:27.636,35.4000,200
36207636072302,10:03:27.636,35.4000,284
36233108688952,10:03:53.108,35.4200,100
36244611549599,10:04:04.611,35.4500,100
36262563795003,10:04:22.563,35.4600,50
36282504637066,10:04:42.504,35.4600,100
36282504677980,10:04:42.504,35.4600,200
36282504677980,10:04:42.504,35.4600,200
36282504677980,10:04:42.504,35.4600,13
36296008240167,10:04:56.008,35.4700,100
36296008240167,10:04:56.008,35.4700,200
36296008240167,10:04:56.008,35.4700,100
36296441994185,10:04:56.441,35.4700,1400
36307826936370,10:05:07.826,35.4800,900
36311927366040,10:05:11.927,35.4600,69
36311927366040,10:05:11.927,35.4600,31
36311928073049,10:05:11.928,35.4600,169
36311928073049,10:05:11.928,35.4600,31
36311928558689,10:05:11.928,35.4600,38
36323928062101,10:05:23.928,35.4600,100
36346462063433,10:05:46.462,35.4700,100
36357473882896,10:05:57.473,35.4800,100
36357473882896,10:05:57.473,35.4800,100
36357473882896,10:05:57.473,35.4800,100
36357473914308,10:05:57.473,35.4800,100
36357475418152,10:05:57.475,35.4800,300
36357475418152,10:05:57.475,35.4800,100
36357475444523,10:05:57.475,35.4800,200
36357475444523,10:05:57.475,35.4800,100
36357475444523,10:05:57.475,35.4800,300
36357475444523,10:05:57.475,35.4800,100
36357475444523,10:05:57.475,35.4800,83
36357475444523,10:05:57.475,35.4800,100
36371778405882,10:06:11.778,35.4800,400
36371778405882,10:06:11.778,35.4800,100
36378737680351,10:06:18.737,35.5000,100
36379711181399,10:06:19.711,35.5100,100
36379711181399,10:06:19.711,35.5100,100
36379711181399,10:06:19.711,35.5100,100
36379711181399,10:06:19.711,35.5100,200
36390237620058,10:06:30.237,35.5200,100
36390237620058,10:06:30.237,35.5200,100
36390237620058,10:06:30.237,35.5200,100
36390237670501,10:06:30.237,35.5200,100
36390776395907,10:06:30.776,35.5200,100
36395688152670,10:06:35.688,35.5200,200
36416338828148,10:06:56.338,35.5300,200
36416338828148,10:06:56.338,35.5300,800
36418601541692,10:06:58.601,35.5200,87
36418601541692,10:06:58.601,35.5200,700
36418601541692,10:06:58.601,35.5200,173
36418601553845,10:06:58.601,35.5200,27
36418601553845,10:06:58.601,35.5200,100
36431687279761,10:07:11.687,35.5100,100
36431687279761,10:07:11.687,35.5100,200
36431687279761,10:07:11.687,35.5100,200
36442078181944,10:07:22.078,35.5100,1
36442078181944,10:07:22.078,35.5100,7
36444235683329,10:07:24.235,35.5100,120
36456417674827,10:07:36.417,35.4800,400
36456561651789,10:07:36.561,35.4800,20
36460988465937,10:07:40.988,35.4800,80
36464017552361,10:07:44.017,35.4900,100
36474812006122,10:07:54.812,35.4850,300
36478486692271,10:07:58.486,35.4800,200
36478486692271,10:07:58.486,35.4800,300
36482591217222,10:08:02.591,35.4800,100
36483931519863,10:08:03.931,35.4800,100
36483931574143,10:08:03.931,35.4800,200
36504266944888,10:08:24.266,35.4600,100
36552869245048,10:09:12.869,35.4200,200
36577936354622,10:09:37.936,35.4300,100
36595846212461,10:09:55.846,35.4400,10
36638002247146,10:10:38.002,35.4500,1700
36638002713820,10:10:38.002,35.4500,100
36665325278252,10:11:05.325,35.4300,100
36667461625218,10:11:07.461,35.4300,100
36677124255812,10:11:17.124,35.4300,100
36677124255812,10:11:17.124,35.4300,300
36696904281956,10:11:36.904,35.4400,100
36696907074333,10:11:36.907,35.4500,100
36700954702563,10:11:40.954,35.4600,100
36700954702563,10:11:40.954,35.4600,100
36701590064995,10:11:41.590,35.4600,100
36701590064995,10:11:41.590,35.4600,100
36733062924135,10:12:13.062,35.4700,100
36733062924135,10:12:13.062,35.4700,100
36735450037712,10:12:15.450,35.4700,100
36756536286992,10:12:36.536,35.4700,200
36759222801521,10:12:39.222,35.4700,100
36759222801521,10:12:39.222,35.4700,100
36759222801521,10:12:39.222,35.4700,100
36778550496978,10:12:58.550,35.4500,100
36778550496978,10:12:58.550,35.4500,200
36788291583299,10:13:08.291,35.4700,100
36802564598252,10:13:22.564,35.4900,100
36802564598252,10:13:22.564,35.4900,400
36813501525725,10:13:33.501,35.4900,100
36828917779695,10:13:48.917,35.5000,122
36828917798707,10:13:48.917,35.5000,278
36828918297017,10:13:48.918,35.5000,300
36828918510345,10:13:48.918,35.5000,100
36828918568383,10:13:48.918,35.5000,125
36830138751428,10:13:50.138,35.5000,100
36830138751428,10:13:50.138,35.5000,100
36831082474619,10:13:51.082,35.4900,100
36835094975504,10:13:55.094,35.4900,100
36835094975504,10:13:55.094,35.4900,100
36838115983794,10:13:58.115,35.4900,100
36840208346724,10:14:00.208,35.4900,200
36851347745801,10:14:11.347,35.4800,100
36853012838670,10:14:13.012,35.4800,100
36861782988937,10:14:21.782,35.4700,100
36862513797771,10:14:22.513,35.4700,100
36862513797771,10:14:22.513,35.4700,200
36862513797771,10:14:22.513,35.4700,200
36864741520209,10:14:24.741,35.4700,100
36871042141855,10:14:31.042,35.4700,200
36875025187742,10:14:35.025,35.4700,100
36889576153574,10:14:49.576,35.4900,200
36901750734527,10:15:01.750,35.4900,100
36902647972793,10:15:02.647,35.4900,100
36902647972793,10:15:02.647,35.4900,100
36902647972793,10:15:02.647,35.4900,200
36919444946410,10:15:19.444,35.4900,100
36919444946410,10:15:19.444,35.4900,100
36928674444640,10:15:28.674,35.4900,3
36929195072608,10:15:29.195,35.4900,1
36933747611496,10:15:33.747,35.4800,200
36934150190746,10:15:34.150,35.4700,100
36934150216932,10:15:34.150,35.4700,100
36934150264798,10:15:34.150,35.4700,100
36942665213470,10:15:42.665,35.4700,300
36962597001774,10:16:02.597,35.4800,100
36965661018407,10:16:05.661,35.4800,100
36974371328438,10:16:14.371,35.4800,100
37018699155562,10:16:58.699,35.4700,20
37038519786538,10:17:18.519,35.4500,100
37044543461913,10:17:24.543,35.4500,100
37056020398563,10:17:36.020,35.4500,100
37077965017632,10:17:57.965,35.4300,10
37079544610576,10:17:59.544,35.4400,7
37105768491345,10:18:25.768,35.4200,340
37105768549585,10:18:25.768,35.4200,60
37112912503616,10:18:32.912,35.4100,100
37113728291845,10:18:33.728,35.4200,100
37131058283484,10:18:51.058,35.4200,100
37145183207409,10:19:05.183,35.4200,100
37149719812101,10:19:09.719,35.4300,100
37153747035065,10:19:13.747,35.4300,1
37155317569572,10:19:15.317,35.4300,200
37160282101885,10:19:20.282,35.4200,200
37160282101885,10:19:20.282,35.4200,300
37160282101885,10:19:20.282,35.4200,200
37160282101885,10:19:20.282,35.4200,100
37160282101885,10:19:20.282,35.4200,100
37160283372252,10:19:20.283,35.4200,100
37160283372252,10:19:20.283,35.4200,300
37160314334572,10:19:20.314,35.4200,100
37160314334572,10:19:20.314,35.4200,200
37173681001097,10:19:33.681,35.4500,100
37173681349171,10:19:33.681,35.4500,100
37173681349171,10:19:33.681,35.4500,100
37194860219340,10:19:54.860,35.4600,121
37194860296069,10:19:54.860,35.4600,121
37194860987293,10:19:54.860,35.4600,200
37200006908754,10:20:00.006,35.4600,300
37202455090251,10:20:02.455,35.4600,100
37211164220706,10:20:11.164,35.4600,100
37211164220706,10:20:11.164,35.4600,12
37214306518193,10:20:14.306,35.4800,200
37214306557668,10:20:14.306,35.4800,500
37214306557668,10:20:14.306,35.4800,80
37214306595662,10:20:14.306,35.4800,20
37221306771050,10:20:21.306,35.4900,84
37223640236234,10:20:23.640,35.4900,400
37232528061633,10:20:32.528,35.5000,100
37244546988502,10:20:44.546,35.5000,100
37244546988502,10:20:44.546,35.5000,200
37254248132080,10:20:54.248,35.5100,200
37266685307526,10:21:06.685,35.5200,200
37266687035837,10:21:06.687,35.5200,32
37266937383335,10:21:06.937,35.5200,100
37269621362223,10:21:09.621,35.5100,100
37270996124583,10:21:10.996,35.5100,300
37278312810551,10:21:18.312,35.5100,24
37300676550435,10:21:40.676,35.5400,600
37313620917636,10:21:53.620,35.5400,100
37313620917636,10:21:53.620,35.5400,100
37321084115946,10:22:01.084,35.5400,100
37322859723927,10:22:02.859,35.5400,100
37328080242521,10:22:08.080,35.5400,200
37329931613007,10:22:09.931,35.5500,103
37329931640569,10:22:09.931,35.5500,100
37329931650325,10:22:09.931,35.5500,100
37329931725562,10:22:09.931,35.5500,197
37329931725562,10:22:09.931,35.5500,100
37334752502804,10:22:14.752,35.5400,100
37334752502804,10:22:14.752,35.5400,100
37335076434539,10:22:15.076,35.5400,100
37335100606954,10:22:15.100,35.5400,100
37335101727071,10:22:15.101,35.5400,400
37347079361763,10:22:27.079,35.5400,100
37347079361763,10:22:27.079,35.5400,100
37347079361763,10:22:27.079,35.5400,100
37347079361763,10:22:27.079,35.5400,100
37347542751668,10:22:27.542,35.5400,100
37347542751668,10:22:27.542,35.5400,400
37365065707013,10:22:45.065,35.5500,200
37365065707013,10:22:45.065,35.5500,99
37365065736773,10:22:45.065,35.5500,101
37366012054143,10:22:46.012,35.5600,100
37372496724123,10:22:52.496,35.5500,100
37391862819329,10:23:11.862,35.5300,200
37391863297099,10:23:11.863,35.5300,300
37391863297099,10:23:11.863,35.5300,100
37391863297099,10:23:11.863,35.5300,200
37391863297099,10:23:11.863,35.5300,100
37391863297099,10:23:11.863,35.5300,100
37391863297099,10:23:11.863,35.5300,100
37391863297099,10:23:11.863,35.5300,100
37391863297099,10:23:11.863,35.5300,100
37391863297099,10:23:11.863,35.5300,100
37391863297099,10:23:11.863,35.5300,232
37391863330194,10:23:11.863,35.5300,68
37391863330194,10:23:11.863,35.5300,100
37393216318380,10:23:13.216,35.5300,200
37412356311469,10:23:32.356,35.5300,100
37412360087597,10:23:32.360,35.5400,100
37442055215559,10:24:02.055,35.5500,300
37442055215559,10:24:02.055,35.5500,100
37442055215559,10:24:02.055,35.5500,100
37442055215559,10:24:02.055,35.5500,1400
37442056312555,10:24:02.056,35.5500,100
37442056312555,10:24:02.056,35.5500,100
37442056312555,10:24:02.056,35.5500,300
37442056312555,10:24:02.056,35.5500,300
37442056312555,10:24:02.056,35.5500,100
37443756797589,10:24:03.756,35.5500,200
37443787921474,10:24:03.787,35.5500,100
37443787921474,10:24:03.787,35.5500,100
37443787921474,10:24:03.787,35.5500,200
37450145827601,10:24:10.145,35.5600,100
37450145827601,10:24:10.145,35.5600,200
37461064323793,10:24:21.064,35.5600,100
37473778357100,10:24:33.778,35.5600,100
37473778381821,10:24:33.778,35.5600,100
37473778381821,10:24:33.778,35.5600,200
37501183366195,10:25:01.183,35.5500,200
37503679196133,10:25:03.679,35.5500,100
37503679196133,10:25:03.679,35.5500,200
37503679196133,10:25:03.679,35.5500,200
37505084398175,10:25:05.084,35.5600,100
37505084398175,10:25:05.084,35.5600,300
37505084398175,10:25:05.084,35.5600,100
37505084398175,10:25:05.084,35.5600,200
37505084398175,10:25:05.084,35.5600,200
37508603105568,10:25:08.603,35.5700,68
37508603115391,10:25:08.603,35.5700,132
37508603115391,10:25:08.603,35.5700,200
37517910939794,10:25:17.910,35.5700,100
37524221653439,10:25:24.221,35.5700,100
37524221653439,10:25:24.221,35.5700,100
37524221653439,10:25:24.221,35.5700,200
37528481414682,10:25:28.481,35.5800,200
37528481414682,10:25:28.481,35.5800,200
37542064050429,10:25:42.064,35.5800,100
37543114596330,10:25:43.114,35.5800,100
37545025190609,10:25:45.025,35.5800,200
37545025190609,10:25:45.025,35.5800,100
37545025190609,10:25:45.025,35.5800,100
37561006700122,10:26:01.006,35.5900,100
37561006700122,10:26:01.006,35.5900,200
37561006728570,10:26:01.006,35.5900,100
37565059318350,10:26:05.059,35.6000,100
37565059318350,10:26:05.059,35.6000,100
37573614950714,10:26:13.614,35.6000,100
37573614950714,10:26:13.614,35.6000,100
37592256313944,10:26:32.256,35.5800,200
37593140767014,10:26:33.140,35.5800,300
37593140767014,10:26:33.140,35.5800,200
37593140767014,10:26:33.140,35.5800,200
37597024880438,10:26:37.024,35.5800,100
37613115540302,10:26:53.115,35.5700,200
37613116197840,10:26:53.116,35.5700,200
37617771742596,10:26:57.771,35.5700,200
37621636147367,10:27:01.636,35.5700,100
37621636147367,10:27:01.636,35.5700,200
37636363014536,10:27:16.363,35.5700,100
37636363014536,10:27:16.363,35.5700,100
37636363014536,10:27:16.363,35.5700,64
37636364791382,10:27:16.364,35.5700,104
37641094520609,10:27:21.094,35.5750,100
37641094520609,10:27:21.094,35.5800,200
37641094520609,10:27:21.094,35.5800,100
37641094548741,10:27:21.094,35.5800,100
37654076532043,10:27:34.076,35.5850,100
37654076532043,10:27:34.076,35.5900,200
37654076532043,10:27:34.076,35.5900,100
37654076563149,10:27:34.076,35.5900,100
37655552005927,10:27:35.552,35.5850,100
37656980977439,10:27:36.980,35.5900,100
37671738749043,10:27:51.738,35.5900,100
37671738749043,10:27:51.738,35.5900,200
37678130421640,10:27:58.130,35.5850,100
37680706928180,10:28:00.706,35.5900,100
37680706928180,10:28:00.706,35.5900,100
37680706928180,10:28:00.706,35.5900,200
37680706928180,10:28:00.706,35.5900,2
37680706936615,10:28:00.706,35.5900,198
37705084691876,10:28:25.084,35.5950,100
37705084691876,10:28:25.084,35.6000,200
37705084691876,10:28:25.084,35.6000,200
37705084691876,10:28:25.084,35.6000,200
37708849762753,10:28:28.849,35.6000,200
37714303021459,10:28:34.303,35.6000,10
37723024539730,10:28:43.024,35.6000,100
37724851576624,10:28:44.851,35.6100,100
37725193745939,10:28:45.193,35.6100,100
37725193745939,10:28:45.193,35.6100,100
37725193745939,10:28:45.193,35.6100,300
37725194194896,10:28:45.194,35.6200,100
37725194194896,10:28:45.194,35.6200,200
37725194194896,10:28:45.194,35.6200,200
37725194608603,10:28:45.194,35.6200,100
37725194608603,10:28:45.194,35.6200,100
37725194608603,10:28:45.194,35.6200,100
37725194608603,10:28:45.194,35.6200,100
37725194608603,10:28:45.194,35.6200,200
37725198286476,10:28:45.198,35.6200,200
37725198286476,10:28:45.198,35.6200,300
37725198286476,10:28:45.198,35.6200,100
37725198286476,10:28:45.198,35.6200,100
37725198286476,10:28:45.198,35.6200,300
37725198286476,10:28:45.198,35.6200,200
37725198286476,10:28:45.198,35.6200,381
37738328574547,10:28:58.328,35.6300,100
37751344294718,10:29:11.344,35.6300,200
37782482463747,10:29:42.482,35.6100,200
37786894148339,10:29:46.894,35.6100,100
37806048864578,10:30:06.048,35.6200,100
37806048864578,10:30:06.048,35.6200,300
37807132189041,10:30:07.132,35.6100,14
37809216018730,10:30:09.216,35.6100,86
37839698903738,10:30:39.698,35.6300,200
37839698903738,10:30:39.698,35.6300,100
37839698903738,10:30:39.698,35.6300,100
37860007159789,10:31:00.007,35.6400,200
37860007159789,10:31:00.007,35.6400,100
37860007159789,10:31:00.007,35.6400,100
37860008486686,10:31:00.008,35.6400,100
37860008486686,10:31:00.008,35.6400,100
37860008486686,10:31:00.008,35.6400,100
37860008486686,10:31:00.008,35.6400,200
37860008486686,10:31:00.008,35.6400,100
37860008486686,10:31:00.008,35.6400,100
37860008486686,10:31:00.008,35.6400,300
37860008486686,10:31:00.008,35.6400,250
37860018633727,10:31:00.018,35.6400,100
37860020813120,10:31:00.020,35.6400,100
37863171771036,10:31:03.171,35.6400,250
37875187701802,10:31:15.187,35.6500,100
37884609534360,10:31:24.609,35.6550,100
37889643802626,10:31:29.643,35.6500,100
37889643802626,10:31:29.643,35.6500,100
37889643802626,10:31:29.643,35.6500,100
37889643802626,10:31:29.643,35.6500,700
37901860860358,10:31:41.860,35.6400,232
37901860891979,10:31:41.860,35.6400,68
37901860891979,10:31:41.860,35.6400,100
37919386847235,10:31:59.386,35.6400,100
37919386847235,10:31:59.386,35.6400,100
37921810780384,10:32:01.810,35.6400,100
37939703526144,10:32:19.703,35.6500,100
37939703526144,10:32:19.703,35.6500,100
37946641714456,10:32:26.641,35.6750,100
37958602711660,10:32:38.602,35.6700,200
37958602711660,10:32:38.602,35.6700,100
37960776366506,10:32:40.776,35.6700,100
37960776366506,10:32:40.776,35.6700,300
38002136011124,10:33:22.136,35.6750,100
38019903647412,10:33:39.903,35.6800,100
38020846763227,10:33:40.846,35.6900,500
38020846763227,10:33:40.846,35.6900,100
38030314639523,10:33:50.314,35.6900,100
38030314639523,10:33:50.314,35.6900,300
38030314639523,10:33:50.314,35.6900,100
38030314639523,10:33:50.314,35.6900,1600
38030314639523,10:33:50.314,35.6900,200
38030317664516,10:33:50.317,35.6900,100
38030317664516,10:33:50.317,35.6900,300
38030317664516,10:33:50.317,35.6900,300
38030317664516,10:33:50.317,35.7000,100
38030317664516,10:33:50.317,35.7000,1300
38030317664516,10:33:50.317,35.7000,100
38030575753754,10:33:50.575,35.7000,100
38030575753754,10:33:50.575,35.7000,100
38030796625472,10:33:50.796,35.7000,761
38030796625472,10:33:50.796,35.7000,100
38030796625472,10:33:50.796,35.7000,100
38030796625472,10:33:50.796,35.7000,300
38030796625472,10:33:50.796,35.7000,100
38034507718594,10:33:54.507,35.7000,100
38034507718594,10:33:54.507,35.7000,100
38048620641287,10:34:08.620,35.7000,100
38048620641287,10:34:08.620,35.7000,100
38048828088868,10:34:08.828,35.7000,200
38059193176076,10:34:19.193,35.6900,100
38059193176076,10:34:19.193,35.6900,100
38067513661253,10:34:27.513,35.6900,100
38090215650304,10:34:50.215,35.7000,100
38090215650304,10:34:50.215,35.7000,100
38090215650304,10:34:50.215,35.7000,300
38108891932554,10:35:08.891,35.7000,100
38108891932554,10:35:08.891,35.7000,100
38108891932554,10:35:08.891,35.7000,200
38123336793832,10:35:23.336,35.6800,100
38137899681463,10:35:37.899,35.6900,100
38137899681463,10:35:37.899,35.6900,100
38153795122313,10:35:53.795,35.7000,100
38153795173720,10:35:53.795,35.7000,100
38160019586335,10:36:00.019,35.7000,100
38163375238194,10:36:03.375,35.6900,100
38163375238194,10:36:03.375,35.6900,100
38163375238194,10:36:03.375,35.6900,100
38185130568579,10:36:25.130,35.6700,100
38211456492491,10:36:51.456,35.6800,100
38211456492491,10:36:51.456,35.6800,100
38222223039632,10:37:02.223,35.6900,100
38234234019308,10:37:14.234,35.6800,100
38234782178969,10:37:14.782,35.6700,100
38248265370031,10:37:28.265,35.6600,100
38248265370031,10:37:28.265,35.6600,100
38248265370031,10:37:28.265,35.6600,100
38263215042439,10:37:43.215,35.6600,100
38264449949685,10:37:44.449,35.6600,100
38268485717752,10:37:48.485,35.6600,100
38268485717752,10:37:48.485,35.6600,100
38289726438088,10:38:09.726,35.6600,100
38329015539580,10:38:49.015,35.6700,100
38336066495806,10:38:56.066,35.6800,100
38336066696644,10:38:56.066,35.6800,200
38372926431230,10:39:32.926,35.6800,100
38428374180461,10:40:28.374,35.6800,100
38428374180461,10:40:28.374,35.6800,100
38457070507085,10:40:57.070,35.6700,100
38457070625511,10:40:57.070,35.6700,100
38465391165821,10:41:05.391,35.6600,100
38465391165821,10:41:05.391,35.6600,100
38465391165821,10:41:05.391,35.6600,100
38501436040477,10:41:41.436,35.6500,100
38515150275098,10:41:55.150,35.6500,67
38515150710078,10:41:55.150,35.6500,100
38540254586347,10:42:20.254,35.6200,100
38540254586347,10:42:20.254,35.6200,300
38580804024111,10:43:00.804,35.6200,100
38587559329486,10:43:07.559,35.6300,100
38596994115502,10:43:16.994,35.6300,100
38596994115502,10:43:16.994,35.6300,100
38596994115502,10:43:16.994,35.6300,400
38613706769262,10:43:33.706,35.6300,100
38682343163616,10:44:42.343,35.6500,100
38682343163616,10:44:42.343,35.6500,600
38683043113603,10:44:43.043,35.6400,100
38683043113603,10:44:43.043,35.6400,200
38685809347161,10:44:45.809,35.6300,100
38685809347161,10:44:45.809,35.6300,100
38685809347161,10:44:45.809,35.6300,100
38685809347161,10:44:45.809,35.6300,400
38685809347161,10:44:45.809,35.6300,300
38685809347161,10:44:45.809,35.6300,200
38685809347161,10:44:45.809,35.6300,100
38685921606587,10:44:45.921,35.6200,100
38685921606587,10:44:45.921,35.6200,100
38686503445177,10:44:46.503,35.6200,200
38707162647284,10:45:07.162,35.6400,100
38707162647284,10:45:07.162,35.6400,100
38707162647284,10:45:07.162,35.6400,100
38707162647284,10:45:07.162,35.6400,350
38711376118244,10:45:11.376,35.6300,100
38711376118244,10:45:11.376,35.6300,100
38751200273471,10:45:51.200,35.6300,100
38773607280787,10:46:13.607,35.6300,100
38790296828472,10:46:30.296,35.6600,100
38795001784483,10:46:35.001,35.6600,200
38816648027495,10:46:56.648,35.6500,100
38816648027495,10:46:56.648,35.6500,319
38816648059814,10:46:56.648,35.6500,181
38817060423744,10:46:57.060,35.6400,100
38824214249579,10:47:04.214,35.6300,100
38846804544095,10:47:26.804,35.6300,200
38856320249116,10:47:36.320,35.6200,100
38856320249116,10:47:36.320,35.6200,200
38858146498018,10:47:38.146,35.6100,200
38858146498018,10:47:38.146,35.6100,100
38884431484079,10:48:04.431,35.6200,100
38884431577748,10:48:04.431,35.6200,100
38914642330075,10:48:34.642,35.6200,500
38914642330075,10:48:34.642,35.6200,100
38914955490094,10:48:34.955,35.6200,100
38914955490094,10:48:34.955,35.6200,100
38914956025836,10:48:34.956,35.6200,100
38945130633142,10:49:05.130,35.6200,100
38960901641944,10:49:20.901,35.6400,50
38960901641944,10:49:20.901,35.6400,50
38969034770032,10:49:29.034,35.6400,100
38970424788256,10:49:30.424,35.6400,200
38970424788256,10:49:30.424,35.6400,64
38970424793892,10:49:30.424,35.6400,36
38986530150210,10:49:46.530,35.6400,100
39000252557013,10:50:00.252,35.6400,200
39000252585729,10:50:00.252,35.6400,100
39007918629644,10:50:07.918,35.6300,100
39007918629644,10:50:07.918,35.6300,200
39011627835806,10:50:11.627,35.6300,100
39030096746099,10:50:30.096,35.6300,200
39035125736053,10:50:35.125,35.6200,100
39035125736053,10:50:35.125,35.6200,100
39035724062981,10:50:35.724,35.6200,100
39038902020792,10:50:38.902,35.6100,100
39050366012290,10:50:50.366,35.6100,100
39058059285582,10:50:58.059,35.6000,100
39072211602500,10:51:12.211,35.6100,100
39072211602500,10:51:12.211,35.6100,42
39072211604378,10:51:12.211,35.6100,58
39085656481574,10:51:25.656,35.6200,100
39085656481574,10:51:25.656,35.6200,100
39123573798668,10:52:03.573,35.6200,92
39123573798668,10:52:03.573,35.6200,92
39147720123684,10:52:27.720,35.6200,100
39171280722119,10:52:51.280,35.6100,100
39243582780628,10:54:03.582,35.6300,100
39365886231637,10:56:05.886,35.6400,100
39365886231637,10:56:05.886,35.6400,100
39365886231637,10:56:05.886,35.6400,100
39381645490120,10:56:21.645,35.6300,100
39381645490120,10:56:21.645,35.6300,100
39381645490120,10:56:21.645,35.6300,100
39417225698514,10:56:57.225,35.6300,100
39423051151220,10:57:03.051,35.6300,100
39454541401521,10:57:34.541,35.6100,100
39454541401521,10:57:34.541,35.6100,100
39454541401521,10:57:34.541,35.6100,100
39465459924914,10:57:45.459,35.6100,66
39471342043801,10:57:51.342,35.6000,100
39471342043801,10:57:51.342,35.6000,100
39498004891418,10:58:18.004,35.6200,100
39498004891418,10:58:18.004,35.6200,100
39498004891418,10:58:18.004,35.6200,100
39498005352868,10:58:18.005,35.6200,100
39498005352868,10:58:18.005,35.6200,100
39498005352868,10:58:18.005,35.6200,100
39498005352868,10:58:18.005,35.6200,200
39498005352868,10:58:18.005,35.6200,100
39498005352868,10:58:18.005,35.6200,400
39498006344554,10:58:18.006,35.6200,200
39498006411139,10:58:18.006,35.6200,126
39501705667935,10:58:21.705,35.6100,200
39515392073738,10:58:35.392,35.6000,100
39543463269266,10:59:03.463,35.5900,100
39543463269266,10:59:03.463,35.5900,100
39543463269266,10:59:03.463,35.5900,100
39568273014504,10:59:28.273,35.5800,100
39568273014504,10:59:28.273,35.5800,100
39585101019599,10:59:45.101,35.5900,100
39600860446811,11:00:00.860,35.6000,100
39600860446811,11:00:00.860,35.6000,100
39601236865597,11:00:01.236,35.6100,100
39620454842983,11:00:20.454,35.6100,20
39632845326390,11:00:32.845,35.6100,80
39632845326390,11:00:32.845,35.6100,100
39635313079432,11:00:35.313,35.6050,400
39651919045887,11:00:51.919,35.6050,100
39655132046718,11:00:55.132,35.6000,300
39655132046718,11:00:55.132,35.6000,300
39655132046718,11:00:55.132,35.6000,400
39662825361101,11:01:02.825,35.6000,200
39662827326170,11:01:02.827,35.6000,100
39662827326170,11:01:02.827,35.6000,100
39662846582438,11:01:02.846,35.6000,100
39662846582438,11:01:02.846,35.6000,100
39662846582438,11:01:02.846,35.6000,100
39662846582438,11:01:02.846,35.6000,100
39663062540669,11:01:03.062,35.6100,600
39663062540669,11:01:03.062,35.6100,100
39663062540669,11:01:03.062,35.6100,100
39663062540669,11:01:03.062,35.6100,51
39663062584081,11:01:03.062,35.6100,149
39663062584081,11:01:03.062,35.6100,100
39663062623622,11:01:03.062,35.6100,32
39663062649288,11:01:03.062,35.6100,68
39663062649288,11:01:03.062,35.6100,32
39663062745022,11:01:03.062,35.6100,368
39663196861674,11:01:03.196,35.6100,100
39663463454098,11:01:03.463,35.6200,607
39663463585307,11:01:03.463,35.6200,193
39663463585307,11:01:03.463,35.6200,200
39663463585307,11:01:03.463,35.6200,214
39663464053275,11:01:03.464,35.6200,286
39663464053275,11:01:03.464,35.6200,200
39663464053275,11:01:03.464,35.6200,200
39663464053275,11:01:03.464,35.6200,200
39664792217240,11:01:04.792,35.6300,25
39664792235618,11:01:04.792,35.6300,375
39664792633095,11:01:04.792,35.6300,200
39664792633095,11:01:04.792,35.6300,100
39664792633997,11:01:04.792,35.6300,300
39664793405562,11:01:04.793,35.6300,300
39665796091473,11:01:05.796,35.6300,300
39665799984741,11:01:05.799,35.6250,400
39665804313054,11:01:05.804,35.6200,200
39666849539933,11:01:06.849,35.6200,300
39666851842473,11:01:06.851,35.6200,300
39666852070801,11:01:06.852,35.6200,200
39666922233870,11:01:06.922,35.6150,8
39670118122810,11:01:10.118,35.6200,500
39670197890230,11:01:10.197,35.6200,1000
39670197890230,11:01:10.197,35.6200,400
39670197890230,11:01:10.197,35.6200,200
39670198199507,11:01:10.198,35.6200,200
39670198199507,11:01:10.198,35.6200,100
39670199266544,11:01:10.199,35.6200,400
39670199266544,11:01:10.199,35.6200,500
39670200216529,11:01:10.200,35.6200,300
39670200216529,11:01:10.200,35.6200,200
39670200216529,11:01:10.200,35.6200,200
39670200216529,11:01:10.200,35.6200,100
39670371187126,11:01:10.371,35.6200,100
39670376020405,11:01:10.376,35.6200,100
39671082291162,11:01:11.082,35.6100,100
39671082291162,11:01:11.082,35.6100,100
39671082291162,11:01:11.082,35.6100,200
39686839929802,11:01:26.839,35.6200,100
39686839956111,11:01:26.839,35.6200,100
39686839956111,11:01:26.839,35.6200,100
39686839956111,11:01:26.839,35.6200,200
39687602236373,11:01:27.602,35.6300,300
39687602236373,11:01:27.602,35.6300,100
39687602623703,11:01:27.602,35.6300,100
39687602623703,11:01:27.602,35.6300,143
39692299205426,11:01:32.299,35.6400,300
39702258943832,11:01:42.258,35.6400,200
39702258943832,11:01:42.258,35.6400,100
39702258983056,11:01:42.258,35.6400,137
39702258996763,11:01:42.258,35.6400,163
39703366657365,11:01:43.366,35.6400,100
39722484460354,11:02:02.484,35.6400,100
39724699858750,11:02:04.699,35.6400,100
39724699858750,11:02:04.699,35.6400,100
39754473155477,11:02:34.473,35.6400,200
39763011135985,11:02:43.011,35.6400,100
39770725354964,11:02:50.725,35.6300,100
39775388099504,11:02:55.388,35.6300,84
39775388704292,11:02:55.388,35.6300,16
39775388704292,11:02:55.388,35.6300,100
39781395327748,11:03:01.395,35.6400,100
39781395327748,11:03:01.395,35.6400,100
39814133536327,11:03:34.133,35.6200,700
39842559283807,11:04:02.559,35.6200,100
39849516012143,11:04:09.516,35.6250,100
39857294867158,11:04:17.294,35.6200,200
39857294867158,11:04:17.294,35.6200,500
39857294867158,11:04:17.294,35.6200,100
39861447705913,11:04:21.447,35.6200,100
39875276026958,11:04:35.276,35.6250,100
39883916738567,11:04:43.916,35.6300,100
39894373984109,11:04:54.373,35.6300,2900
39894373984109,11:04:54.373,35.6300,100
39894373984109,11:04:54.373,35.6300,100
39894373984109,11:04:54.373,35.6300,100
39894373984109,11:04:54.373,35.6300,400
39894373984109,11:04:54.373,35.6300,500
39894375644542,11:04:54.375,35.6300,100
39894378480182,11:04:54.378,35.6300,100
39894378480182,11:04:54.378,35.6300,500
39894706657627,11:04:54.706,35.6300,100
39903745425489,11:05:03.745,35.6200,400
39913059372967,11:05:13.059,35.6100,100
39913059372967,11:05:13.059,35.6100,100
39913059372967,11:05:13.059,35.6100,334
39913059399161,11:05:13.059,35.6100,66
39940217870931,11:05:40.217,35.6100,46
39940217908707,11:05:40.217,35.6100,454
39952033380436,11:05:52.033,35.6100,100
39952098289527,11:05:52.098,35.6200,100
39952098324986,11:05:52.098,35.6200,100
39952098398256,11:05:52.098,35.6200,300
39952098426144,11:05:52.098,35.6200,400
39952098426144,11:05:52.098,35.6200,400
39952098495921,11:05:52.098,35.6200,100
39958975996091,11:05:58.975,35.6200,200
39967444003904,11:06:07.444,35.6200,100
39967444003904,11:06:07.444,35.6200,100
39967444003904,11:06:07.444,35.6200,350
39967444078090,11:06:07.444,35.6200,50
39974685045747,11:06:14.685,35.6200,100
39986145970877,11:06:26.145,35.6200,100
39986146513825,11:06:26.146,35.6200,100
39987056128920,11:06:27.056,35.6200,100
39987056128920,11:06:27.056,35.6200,100
39995628494106,11:06:35.628,35.6200,100
40000630764754,11:06:40.630,35.6200,100
40021191227309,11:07:01.191,35.6200,100
40027234791435,11:07:07.234,35.6200,100
40027234791435,11:07:07.234,35.6200,100
40033557498209,11:07:13.557,35.6200,121
40033557527354,11:07:13.557,35.6200,2679
40033557527354,11:07:13.557,35.6200,100
40034562460677,11:07:14.562,35.6100,100
40034562460677,11:07:14.562,35.6100,50
40034563074642,11:07:14.563,35.6100,100
40037074397256,11:07:17.074,35.6100,100
40038553178013,11:07:18.553,35.6100,100
40050433189142,11:07:30.433,35.6000,100
40067482012063,11:07:47.482,35.6150,100
40067569670278,11:07:47.569,35.6100,100
40067569670278,11:07:47.569,35.6100,200
40067569722800,11:07:47.569,35.6100,300
40092235655969,11:08:12.235,35.6000,100
40118271354060,11:08:38.271,35.6100,100
40152787904125,11:09:12.787,35.6300,100
40158007424965,11:09:18.007,35.6400,100
40158007424965,11:09:18.007,35.6400,100
40158007424965,11:09:18.007,35.6400,100
40158007424965,11:09:18.007,35.6400,400
40160566025307,11:09:20.566,35.6400,100
40160566053348,11:09:20.566,35.6400,100
40160566255390,11:09:20.566,35.6400,100
40169137682853,11:09:29.137,35.6500,400
40169137682853,11:09:29.137,35.6500,100
40169139464193,11:09:29.139,35.6500,100
40169231299203,11:09:29.231,35.6500,100
40169231299203,11:09:29.231,35.6500,100
40169231299203,11:09:29.231,35.6500,100
40169231299203,11:09:29.231,35.6500,201
40169231367685,11:09:29.231,35.6500,99
40169231367685,11:09:29.231,35.6500,100
40169231367685,11:09:29.231,35.6500,100
40169231367685,11:09:29.231,35.6500,100
40173015342191,11:09:33.015,35.6400,100
40173015342191,11:09:33.015,35.6400,100
40173015643703,11:09:33.015,35.6400,500
40173015643703,11:09:33.015,35.6400,100
40191005384226,11:09:51.005,35.6400,100
40191005384226,11:09:51.005,35.6400,100
40191005384226,11:09:51.005,35.6400,100
40193737555828,11:09:53.737,35.6400,100
40193737555828,11:09:53.737,35.6400,100
40242941219441,11:10:42.941,35.6300,300
40242941219441,11:10:42.941,35.6300,100
40245294859071,11:10:45.294,35.6200,100
40250482611164,11:10:50.482,35.6100,100
40267712515269,11:11:07.712,35.6100,100
40281138746113,11:11:21.138,35.6100,200
40296132404241,11:11:36.132,35.6000,100
40296132404241,11:11:36.132,35.6000,100
40296132404241,11:11:36.132,35.6000,100
40323875010972,11:12:03.875,35.6100,100
40323875010972,11:12:03.875,35.6100,100
40323875010972,11:12:03.875,35.6100,200
40365469350012,11:12:45.469,35.6100,51
40365469382870,11:12:45.469,35.6100,49
40392249397129,11:13:12.249,35.6000,251
40392251836422,11:13:12.251,35.6000,100
40392251836422,11:13:12.251,35.6000,100
40434193193995,11:13:54.193,35.6000,100
40434193193995,11:13:54.193,35.6000,100
40434193193995,11:13:54.193,35.6000,100
40443076918208,11:14:03.076,35.6000,100
40454742548573,11:14:14.742,35.6000,49
40463075739017,11:14:23.075,35.6000,32
40463075775742,11:14:23.075,35.6000,68
40481282473932,11:14:41.282,35.6100,200
40490003951325,11:14:50.003,35.6200,100
40490003951325,11:14:50.003,35.6200,100
40517880881793,11:15:17.880,35.5900,100
40531280665003,11:15:31.280,35.5800,500
40546701715936,11:15:46.701,35.5800,100
40554433723985,11:15:54.433,35.5900,100
40632095434565,11:17:12.095,35.6000,100
40637159336227,11:17:17.159,35.6000,100
40637159336227,11:17:17.159,35.6000,100
40643060472536,11:17:23.060,35.5900,1
40676168635133,11:17:56.168,35.6100,100
40688944318082,11:18:08.944,35.6100,100
40720137899878,11:18:40.137,35.6000,300
40741534018841,11:19:01.534,35.5850,100
40757004365729,11:19:17.004,35.5900,100
40757004365729,11:19:17.004,35.5900,100
40772427754787,11:19:32.427,35.5800,100
40772427754787,11:19:32.427,35.5800,100
40787093045515,11:19:47.093,35.5800,100
40807278035019,11:20:07.278,35.5800,100
40816646164859,11:20:16.646,35.5800,100
40816646164859,11:20:16.646,35.5800,100
40818004047378,11:20:18.004,35.5800,100
40902852260488,11:21:42.852,35.5700,100
40919912926753,11:21:59.912,35.5600,100
40930188407524,11:22:10.188,35.5500,100
40930188407524,11:22:10.188,35.5500,107
40930188440833,11:22:10.188,35.5500,93
40970513643542,11:22:50.513,35.5300,100
40980949817041,11:23:00.949,35.5300,100
40980949817041,11:23:00.949,35.5300,500
40992770614721,11:23:12.770,35.5300,100
40992770614721,11:23:12.770,35.5300,100
40992770614721,11:23:12.770,35.5300,500
40992770614721,11:23:12.770,35.5300,100
40998132607591,11:23:18.132,35.5300,53
40998132662740,11:23:18.132,35.5300,47
40998132662740,11:23:18.132,35.5300,100
41022626929478,11:23:42.626,35.5700,100
41038004167148,11:23:58.004,35.5700,200
41040059057031,11:24:00.059,35.5600,100
41040059057031,11:24:00.059,35.5600,100
41058836318763,11:24:18.836,35.5600,92
41070625772579,11:24:30.625,35.5600,200
41098747676533,11:24:58.747,35.5600,100
41105201762621,11:25:05.201,35.5600,100
41115045547417,11:25:15.045,35.5600,100
41126710527720,11:25:26.710,35.5500,100
41126710527720,11:25:26.710,35.5500,200
41162777412718,11:26:02.777,35.5200,1
41170618583261,11:26:10.618,35.5200,299
41184638867485,11:26:24.638,35.5200,100
41184638867485,11:26:24.638,35.5200,100
41203858192081,11:26:43.858,35.5200,101
41212227702167,11:26:52.227,35.5200,100
41258688332843,11:27:38.688,35.5400,100
41258692128019,11:27:38.692,35.5400,100
41258696779835,11:27:38.696,35.5400,100
41265797466931,11:27:45.797,35.5400,100
41265797466931,11:27:45.797,35.5400,100
41323985965429,11:28:43.985,35.5100,200
41323985986634,11:28:43.985,35.5100,100
41323985986634,11:28:43.985,35.5100,200
41323986170821,11:28:43.986,35.5000,200
41323986170821,11:28:43.986,35.5000,300
41323986170821,11:28:43.986,35.5000,1400
41323986170821,11:28:43.986,35.5000,700
41323986170821,11:28:43.986,35.5000,1500
41323986170821,11:28:43.986,35.5000,100
41323988666089,11:28:43.988,35.5000,100
41323988666089,11:28:43.988,35.5000,100
41323988666089,11:28:43.988,35.5000,200
41323988666089,11:28:43.988,35.5000,100
41323990353249,11:28:43.990,35.5000,100
41323992044041,11:28:43.992,35.5000,100
41327833798976,11:28:47.833,35.4900,100
41327834128392,11:28:47.834,35.4800,20
41327834128392,11:28:47.834,35.4800,300
41327834128392,11:28:47.834,35.4800,100
41327834128392,11:28:47.834,35.4800,100
41327834128392,11:28:47.834,35.4800,100
41327834128392,11:28:47.834,35.4800,880
41357398526437,11:29:17.398,35.4900,1
41368404615074,11:29:28.404,35.5000,100
41387787482842,11:29:47.787,35.5000,707
41387787544529,11:29:47.787,35.5000,93
41387787544529,11:29:47.787,35.5000,200
41387787544529,11:29:47.787,35.5000,100
41415835511150,11:30:15.835,35.4900,100
41415835511150,11:30:15.835,35.4900,100
41415836622389,11:30:15.836,35.4900,300
41415836622389,11:30:15.836,35.4900,500
41422633017867,11:30:22.633,35.4950,100
41429194210066,11:30:29.194,35.4900,100
41437158088482,11:30:37.158,35.4900,200
41437158130658,11:30:37.158,35.4900,300
41461338691520,11:31:01.338,35.5000,100
41505296226419,11:31:45.296,35.5000,300
41519508227595,11:31:59.508,35.5000,63
41519508227595,11:31:59.508,35.5000,100
41519508227595,11:31:59.508,35.5000,300
41540943040866,11:32:20.943,35.5000,100
41569106555276,11:32:49.106,35.5100,100
41569108816573,11:32:49.108,35.5100,500
41570421707729,11:32:50.421,35.5100,100
41570421707729,11:32:50.421,35.5100,600
41586753291354,11:33:06.753,35.5200,100
41595145454616,11:33:15.145,35.5300,100
41610114920109,11:33:30.114,35.5400,100
41610114924817,11:33:30.114,35.5400,100
41630464104764,11:33:50.464,35.5400,100
41630464143413,11:33:50.464,35.5400,100
41630464153421,11:33:50.464,35.5400,500
41698162935099,11:34:58.162,35.5300,100
41724407135254,11:35:24.407,35.5300,100
41724407135254,11:35:24.407,35.5300,100
41724407135254,11:35:24.407,35.5300,100
41732816214049,11:35:32.816,35.5200,200
41732816214049,11:35:32.816,35.5200,100
41732816214049,11:35:32.816,35.5200,100
41741064092998,11:35:41.064,35.5200,100
41744945682115,11:35:44.945,35.5200,100
41745578083178,11:35:45.578,35.5200,400
41745578083178,11:35:45.578,35.5200,374
41745578091545,11:35:45.578,35.5200,126
41752889498112,11:35:52.889,35.5200,100
41752889498112,11:35:52.889,35.5200,100
41752889498112,11:35:52.889,35.5200,100
41753098772384,11:35:53.098,35.5200,100
41753098834828,11:35:53.098,35.5200,400
41784674202922,11:36:24.674,35.5100,100
41784674202922,11:36:24.674,35.5100,100
41784674202922,11:36:24.674,35.5100,500
41784674202922,11:36:24.674,35.5100,100
41784674202922,11:36:24.674,35.5100,200
41784674202922,11:36:24.674,35.5100,100
41784674202922,11:36:24.674,35.5100,100
41823641113705,11:37:03.641,35.5100,569
41835014220239,11:37:15.014,35.5100,100
41854243935716,11:37:34.243,35.5000,100
41854243935716,11:37:34.243,35.5000,100
41882262560814,11:38:02.262,35.5100,100
41882262560814,11:38:02.262,35.5100,22
41882262587864,11:38:02.262,35.5100,178
41913567719471,11:38:33.567,35.5100,100
41918215405291,11:38:38.215,35.5100,100
41925210039614,11:38:45.210,35.5100,100
41925210039614,11:38:45.210,35.5100,100
41974414699573,11:39:34.414,35.5100,100
41982488646195,11:39:42.488,35.5100,100
41991479601627,11:39:51.479,35.5000,100
41991479601627,11:39:51.479,35.5000,100
41991479601627,11:39:51.479,35.5000,46
42009852082090,11:40:09.852,35.4900,100
42009852082090,11:40:09.852,35.4900,200
42014064110599,11:40:14.064,35.4800,100
42054657847173,11:40:54.657,35.4600,200
42134402044358,11:42:14.402,35.4900,100
42175441411962,11:42:55.441,35.4900,100
42175441411962,11:42:55.441,35.4900,100
42195858713742,11:43:15.858,35.5000,100
42209980176756,11:43:29.980,35.5000,200
42209981567692,11:43:29.981,35.5000,200
42255744101912,11:44:15.744,35.5000,200
42270303187932,11:44:30.303,35.5200,500
42278297718946,11:44:38.297,35.5200,200
42291473283765,11:44:51.473,35.5200,100
42300288705708,11:45:00.288,35.5200,100
42302278057513,11:45:02.278,35.5200,100
42302278057513,11:45:02.278,35.5200,100
42311465021331,11:45:11.465,35.5250,100
42336505748079,11:45:36.505,35.5400,100
42345503196031,11:45:45.503,35.5400,30
42357314121974,11:45:57.314,35.5500,100
42365088927971,11:46:05.088,35.5500,100
42380743005015,11:46:20.743,35.5550,100
42393384237594,11:46:33.384,35.5500,100
42403579280958,11:46:43.579,35.5400,100
42403579280958,11:46:43.579,35.5400,100
42403579280958,11:46:43.579,35.5400,100
42425236335092,11:47:05.236,35.5500,313
42425236383960,11:47:05.236,35.5500,313
42429164455104,11:47:09.164,35.5500,180
42441925679934,11:47:21.925,35.5600,200
42450041340543,11:47:30.041,35.5600,453
42450041351574,11:47:30.041,35.5600,147
42450041351574,11:47:30.041,35.5600,100
42450041372353,11:47:30.041,35.5600,27
42450041378819,11:47:30.041,35.5600,247
42463563912939,11:47:43.563,35.5700,100
42509647410778,11:48:29.647,35.5800,35
42532534592928,11:48:52.534,35.5900,100
42540270758782,11:49:00.270,35.5900,100
42558740280776,11:49:18.740,35.5900,100
42562337562827,11:49:22.337,35.5900,100
42580654347185,11:49:40.654,35.5800,200
42591711865385,11:49:51.711,35.5700,66
42611740852753,11:50:11.740,35.5700,174
42611741170925,11:50:11.741,35.5700,326
42611741170925,11:50:11.741,35.5700,200
42613655673807,11:50:13.655,35.5600,300
42614378926816,11:50:14.378,35.5500,10
42614402441648,11:50:14.402,35.5500,100
42620355679497,11:50:20.355,35.5600,100
42628117552624,11:50:28.117,35.5600,100
42667934112819,11:51:07.934,35.5600,14
42674364041334,11:51:14.364,35.5600,100
42690031473186,11:51:30.031,35.5500,100
42695578266204,11:51:35.578,35.5400,100
42734686235988,11:52:14.686,35.5300,20
42738967559142,11:52:18.967,35.5300,100
42749116774327,11:52:29.116,35.5200,100
42775970681383,11:52:55.970,35.5300,10
42911395092256,11:55:11.395,35.5500,100
43013033589593,11:56:53.033,35.5300,1
43013033619997,11:56:53.033,35.5300,99
43013033619997,11:56:53.033,35.5300,100
43013033619997,11:56:53.033,35.5300,100
43013033619997,11:56:53.033,35.5300,100
43029368312768,11:57:09.368,35.5300,100
43029368312768,11:57:09.368,35.5300,500
43039308379807,11:57:19.308,35.5200,351
43039308415973,11:57:19.308,35.5200,149
43039308415973,11:57:19.308,35.5200,100
43039308415973,11:57:19.308,35.5200,100
43050265842829,11:57:30.265,35.5100,25
43050265861067,11:57:30.265,35.5100,421
43050266065095,11:57:30.266,35.5100,54
43050266065095,11:57:30.266,35.5100,100
43079236846742,11:57:59.236,35.5000,500
43079236846742,11:57:59.236,35.5000,100
43168975232892,11:59:28.975,35.4800,100
43176296975487,11:59:36.296,35.4700,100
43200970091460,12:00:00.970,35.4800,200
43203533618440,12:00:03.533,35.4900,100
43208989313557,12:00:08.989,35.4900,100
43231180002228,12:00:31.180,35.4900,100
43278130941544,12:01:18.130,35.4800,200
43278130941544,12:01:18.130,35.4800,100
43278196908086,12:01:18.196,35.4800,20
43289776120098,12:01:29.776,35.4700,500
43289776120098,12:01:29.776,35.4700,100
43319378227250,12:01:59.378,35.4600,200
43320263857606,12:02:00.263,35.4600,1143
43320263859724,12:02:00.263,35.4600,1157
43320263859724,12:02:00.263,35.4600,500
43320263859724,12:02:00.263,35.4600,100
43332593117207,12:02:12.593,35.4700,100
43332593117207,12:02:12.593,35.4700,101
43379724989689,12:02:59.724,35.5000,500
43379724989689,12:02:59.724,35.5000,100
43379724989689,12:02:59.724,35.5000,100
43387846764053,12:03:07.846,35.5100,100
43388064166959,12:03:08.064,35.5100,100
43388064166959,12:03:08.064,35.5100,100
43388066109964,12:03:08.066,35.5200,337
43388066136546,12:03:08.066,35.5200,163
43406256461500,12:03:26.256,35.5400,100
43406256461500,12:03:26.256,35.5400,100
43406256461500,12:03:26.256,35.5400,100
43435224290669,12:03:55.224,35.5300,100
43444810914616,12:04:04.810,35.5200,200
43444810914616,12:04:04.810,35.5200,100
43552416196390,12:05:52.416,35.5100,92
43553196427767,12:05:53.196,35.5150,400
43553196427767,12:05:53.196,35.5200,100
43553196427767,12:05:53.196,35.5200,100
43553196427767,12:05:53.196,35.5200,200
43553196427767,12:05:53.196,35.5200,500
43553196427767,12:05:53.196,35.5200,100
43553196427767,12:05:53.196,35.5200,1000
43553196427767,12:05:53.196,35.5200,100
43553196495337,12:05:53.196,35.5200,100
43553199520717,12:05:53.199,35.5200,100
43553199840132,12:05:53.199,35.5200,389
43553199840132,12:05:53.199,35.5200,500
43553199840132,12:05:53.199,35.5200,100
43553200604236,12:05:53.200,35.5200,100
43553200604236,12:05:53.200,35.5200,476
43553207021602,12:05:53.207,35.5200,3
43561400531278,12:06:01.400,35.5100,100
43561400531278,12:06:01.400,35.5100,100
43561400620927,12:06:01.400,35.5100,800
43561400645296,12:06:01.400,35.5100,100
43561400645296,12:06:01.400,35.5100,200
43561400673089,12:06:01.400,35.5100,100
43561400673089,12:06:01.400,35.5100,44
43562036946412,12:06:02.036,35.5100,47
43562036975562,12:06:02.036,35.5100,53
43562036975562,12:06:02.036,35.5100,100
43562036975562,12:06:02.036,35.5100,500
43562547542027,12:06:02.547,35.5100,100
43576791923348,12:06:16.791,35.5100,88
43591674643580,12:06:31.674,35.5000,100
43591674643580,12:06:31.674,35.5000,200
43591674643580,12:06:31.674,35.5000,200
43622636639830,12:07:02.636,35.5000,200
43637561958747,12:07:17.561,35.5000,100
43774482332090,12:09:34.482,35.5300,100
43786351011054,12:09:46.351,35.5200,2
43828011070135,12:10:28.011,35.5300,200
43828011070135,12:10:28.011,35.5300,100
43828011070135,12:10:28.011,35.5300,100
43860173845080,12:11:00.173,35.5300,100
43865567289786,12:11:05.567,35.5400,100
43865567289786,12:11:05.567,35.5400,200
43870969349503,12:11:10.969,35.5400,100
43913877925952,12:11:53.877,35.5400,32
43913877985815,12:11:53.877,35.5400,168
43948562539213,12:12:28.562,35.5300,1
43951852575606,12:12:31.852,35.5300,99
43951852575606,12:12:31.852,35.5300,100
44046123332041,12:14:06.123,35.5400,100
44046123332041,12:14:06.123,35.5400,32
44058119820367,12:14:18.119,35.5400,100
44060787561228,12:14:20.787,35.5300,100
44107593627479,12:15:07.593,35.5300,1
44117240604844,12:15:17.240,35.5400,200
44134833858619,12:15:34.833,35.5500,100
44147265761242,12:15:47.265,35.5500,100
44155326963603,12:15:55.326,35.5400,100
44155326963603,12:15:55.326,35.5400,100
44155326963603,12:15:55.326,35.5400,100
44155326963603,12:15:55.326,35.5400,600
44209452101926,12:16:49.452,35.5600,500
44214936853398,12:16:54.936,35.5700,100
44232495304651,12:17:12.495,35.5700,200
44239618447964,12:17:19.618,35.5600,100
44239618447964,12:17:19.618,35.5600,100
44240354039509,12:17:20.354,35.5600,100
44267609511590,12:17:47.609,35.5600,1
44291827462015,12:18:11.827,35.5600,100
44305395560895,12:18:25.395,35.5600,100
44317324554183,12:18:37.324,35.5600,100
44326301617737,12:18:46.301,35.5500,100
44326301617737,12:18:46.301,35.5500,100
44336791934403,12:18:56.791,35.5400,100
44336791934403,12:18:56.791,35.5400,100
44353903599158,12:19:13.903,35.5400,100
44369041478723,12:19:29.041,35.5300,100
44383975444885,12:19:43.975,35.5400,4
44386009115936,12:19:46.009,35.5400,56
44388876928950,12:19:48.876,35.5400,100
44388876928950,12:19:48.876,35.5400,100
44388877992449,12:19:48.877,35.5400,100
44393645569865,12:19:53.645,35.5400,100
44455114595858,12:20:55.114,35.5400,100
44455114650656,12:20:55.114,35.5400,100
44466972699652,12:21:06.972,35.5400,60
44518414310892,12:21:58.414,35.5400,100
44518414310892,12:21:58.414,35.5400,100
44530255867531,12:22:10.255,35.5400,100
44530255867531,12:22:10.255,35.5400,200
44530255867531,12:22:10.255,35.5400,100
44530255867531,12:22:10.255,35.5400,100
44548466298677,12:22:28.466,35.5500,100
44553911301302,12:22:33.911,35.5500,100
44553911469715,12:22:33.911,35.5500,100
44638040630490,12:23:58.040,35.5400,100
44638040646851,12:23:58.040,35.5400,200
44638040646851,12:23:58.040,35.5400,200
44638040646851,12:23:58.040,35.5400,100
44646620183016,12:24:06.620,35.5300,8
44656703301243,12:24:16.703,35.5400,100
44698055962752,12:24:58.055,35.5300,500
44698055962752,12:24:58.055,35.5300,100
44698055962752,12:24:58.055,35.5300,200
44701033018028,12:25:01.033,35.5300,100
44735810965810,12:25:35.810,35.5300,100
44778888302567,12:26:18.888,35.5300,100
44787076452478,12:26:27.076,35.5300,100
44787076452478,12:26:27.076,35.5300,200
44800490166113,12:26:40.490,35.5400,100
44852606423549,12:27:32.606,35.5400,200
44891710818152,12:28:11.710,35.5400,100
44910014528203,12:28:30.014,35.5400,8
44910014568465,12:28:30.014,35.5400,92
44914088533158,12:28:34.088,35.5400,100
44914088533158,12:28:34.088,35.5400,100
44914088533158,12:28:34.088,35.5400,88
44938290804519,12:28:58.290,35.5500,100
44938290804519,12:28:58.290,35.5500,8
44954411647471,12:29:14.411,35.5500,1
44958254368788,12:29:18.254,35.5600,200
44958254368788,12:29:18.254,35.5600,100
44964330528483,12:29:24.330,35.5700,100
44989225286558,12:29:49.225,35.5700,200
45022941554839,12:30:22.941,35.5700,37
45068115981775,12:31:08.115,35.5700,200
45068116011482,12:31:08.116,35.5700,1
45068116544707,12:31:08.116,35.5700,100
45068116593780,12:31:08.116,35.5700,400
45069489969107,12:31:09.489,35.5700,100
45128103942382,12:32:08.103,35.5600,200
45128103942382,12:32:08.103,35.5600,100
45128103942382,12:32:08.103,35.5600,200
45142484199457,12:32:22.484,35.5500,100
45144763889129,12:32:24.763,35.5500,100
45144860739923,12:32:24.860,35.5500,20
45156575449843,12:32:36.575,35.5500,100
45167706452222,12:32:47.706,35.5500,100
45167706452222,12:32:47.706,35.5500,600
45203430328458,12:33:23.430,35.5500,488
45203430510921,12:33:23.430,35.5500,12
45203430510921,12:33:23.430,35.5500,100
45218490014732,12:33:38.490,35.5400,100
45218490014732,12:33:38.490,35.5400,100
45218490014732,12:33:38.490,35.5400,100
45273302591189,12:34:33.302,35.5400,100
45273302591189,12:34:33.302,35.5400,100
45281539796320,12:34:41.539,35.5500,100
45308570587210,12:35:08.570,35.5500,100
45312405509496,12:35:12.405,35.5600,600
45312405509496,12:35:12.405,35.5700,100
45312405509496,12:35:12.405,35.5700,100
45312405509496,12:35:12.405,35.5700,100
45312405509496,12:35:12.405,35.5700,1400
45312405509496,12:35:12.405,35.5700,900
45312411892441,12:35:12.411,35.5700,100
45312411907943,12:35:12.411,35.5700,300
45312411976842,12:35:12.411,35.5700,100
45312411976842,12:35:12.411,35.5700,100
45312880164357,12:35:12.880,35.5700,100
45312880164357,12:35:12.880,35.5700,500
45312880451936,12:35:12.880,35.5700,400
45312880451936,12:35:12.880,35.5700,800
45312880804194,12:35:12.880,35.5700,200
45312880839245,12:35:12.880,35.5700,100
45312880879334,12:35:12.880,35.5700,100
45312880879334,12:35:12.880,35.5700,200
45312880917893,12:35:12.880,35.5700,100
45312880917893,12:35:12.880,35.5700,100
45312880917893,12:35:12.880,35.5700,100
45312880917893,12:35:12.880,35.5700,300
45312881349313,12:35:12.881,35.5700,600
45312881630399,12:35:12.881,35.5700,300
45312881781476,12:35:12.881,35.5700,300
45332170143888,12:35:32.170,35.5600,100
45367150647174,12:36:07.150,35.5500,1
45379884512425,12:36:19.884,35.5400,100
45381322106718,12:36:21.322,35.5400,31
45381325126976,12:36:21.325,35.5400,600
45397817778875,12:36:37.817,35.5300,100
45397817778875,12:36:37.817,35.5300,3
45402862924133,12:36:42.862,35.5300,100
45450179561258,12:37:30.179,35.5300,100
45456569322020,12:37:36.569,35.5200,100
45501469053947,12:38:21.469,35.5200,100
45598952561076,12:39:58.952,35.5300,100
45598952955718,12:39:58.952,35.5300,500
45631694809844,12:40:31.694,35.5300,100
45650321575336,12:40:50.321,35.5200,100
45674794188650,12:41:14.794,35.5300,200
45678383509191,12:41:18.383,35.5300,100
45684514340952,12:41:24.514,35.5200,200
45707031781781,12:41:47.031,35.5100,100
45707031781781,12:41:47.031,35.5100,100
45708543899294,12:41:48.543,35.5100,25
45708544125102,12:41:48.544,35.5100,505
45708548766539,12:41:48.548,35.5100,117
45717513154166,12:41:57.513,35.4900,2500
45717513154166,12:41:57.513,35.4900,100
45717513154166,12:41:57.513,35.4900,300
45717513154166,12:41:57.513,35.4900,100
45717513154166,12:41:57.513,35.4900,100
45717513154166,12:41:57.513,35.4900,600
45717513154166,12:41:57.513,35.4900,500
45717513154166,12:41:57.513,35.4900,100
45759557389280,12:42:39.557,35.4900,100
45760724719025,12:42:40.724,35.4900,157
45771968735492,12:42:51.968,35.5000,200
45771968735492,12:42:51.968,35.5000,200
45771968735492,12:42:51.968,35.5000,100
45772459099733,12:42:52.459,35.5000,300
45772459099733,12:42:52.459,35.5000,600
45772459099733,12:42:52.459,35.5000,100
45772459099733,12:42:52.459,35.5000,100
45772459099733,12:42:52.459,35.5000,100
45772459099733,12:42:52.459,35.5000,300
45772459099733,12:42:52.459,35.5000,600
45772459099733,12:42:52.459,35.5000,1300
45819388322298,12:43:39.388,35.5000,200
45819388464455,12:43:39.388,35.5000,100
45829158127699,12:43:49.158,35.4900,313
45829158172424,12:43:49.158,35.4900,187
45829158172424,12:43:49.158,35.4900,200
45910160199396,12:45:10.160,35.5000,100
45910160590617,12:45:10.160,35.5000,600
45910160590617,12:45:10.160,35.5000,100
45951276626414,12:45:51.276,35.5000,100
45951276626414,12:45:51.276,35.5000,100
45951277229190,12:45:51.277,35.5000,100
45963380456051,12:46:03.380,35.4900,30
45968525043864,12:46:08.525,35.4850,100
46016688397839,12:46:56.688,35.4900,25
46044243394703,12:47:24.243,35.5000,100
46071112375915,12:47:51.112,35.5000,200
46074752589460,12:47:54.752,35.5000,100
46074752982061,12:47:54.752,35.5000,25
46074752982061,12:47:54.752,35.5000,100
46081577538045,12:48:01.577,35.5000,100
46120595563651,12:48:40.595,35.5000,100
46136042868980,12:48:56.042,35.5000,33
46196297778753,12:49:56.297,35.5100,100
46207233329849,12:50:07.233,35.5100,400
46207233329849,12:50:07.233,35.5100,200
46207233329849,12:50:07.233,35.5100,100
46211630705207,12:50:11.630,35.5200,100
46211630705207,12:50:11.630,35.5200,92
46213081352061,12:50:13.081,35.5200,100
46235053377320,12:50:35.053,35.5200,100
46235053377320,12:50:35.053,35.5200,85
46235053415575,12:50:35.053,35.5200,15
46252886399210,12:50:52.886,35.5200,100
46279156079427,12:51:19.156,35.5300,100
46317555024337,12:51:57.555,35.5200,100
46446820728212,12:54:06.820,35.5100,100
46446820728212,12:54:06.820,35.5100,100
46446820728212,12:54:06.820,35.5100,100
46446820728212,12:54:06.820,35.5100,1300
46461770677703,12:54:21.770,35.5100,252
46461770704047,12:54:21.770,35.5100,248
46461770704047,12:54:21.770,35.5100,100
46461770704047,12:54:21.770,35.5100,100
46461770704047,12:54:21.770,35.5100,100
46461770704047,12:54:21.770,35.5100,100
46461770704047,12:54:21.770,35.5100,100
46461770704047,12:54:21.770,35.5100,300
46518435040085,12:55:18.435,35.5000,100
46518435040085,12:55:18.435,35.5000,100
46518435040085,12:55:18.435,35.5000,200
46518435040085,12:55:18.435,35.5000,100
46535020236478,12:55:35.020,35.4900,600
46535020236478,12:55:35.020,35.4900,100
46535020236478,12:55:35.020,35.4900,100
46535020236478,12:55:35.020,35.4900,200
46535021137214,12:55:35.021,35.4900,20
46535021137214,12:55:35.021,35.4900,400
46567320820349,12:56:07.320,35.4800,100
46624600925813,12:57:04.600,35.5000,100
46628707397569,12:57:08.707,35.5000,100
46660216662677,12:57:40.216,35.4900,100
46690254133895,12:58:10.254,35.5000,100
46785187363223,12:59:45.187,35.5100,500
46785187363223,12:59:45.187,35.5100,100
46785187363223,12:59:45.187,35.5100,100
46785187363223,12:59:45.187,35.5100,100
46785187363223,12:59:45.187,35.5100,200
46785187363223,12:59:45.187,35.5100,1605
46787142557944,12:59:47.142,35.5100,5
46796713171351,12:59:56.713,35.5200,698
46796713183796,12:59:56.713,35.5200,2
46796713183796,12:59:56.713,35.5200,100
46812184819063,13:00:12.184,35.5200,100
46812184819063,13:00:12.184,35.5200,100
46812184819063,13:00:12.184,35.5200,100
46812184819063,13:00:12.184,35.5200,200
46816501538563,13:00:16.501,35.5100,95
46816501538563,13:00:16.501,35.5100,100
46911405677379,13:01:51.405,35.5100,100
46962255150459,13:02:42.255,35.5000,100
46988655113196,13:03:08.655,35.5000,300
47006394446390,13:03:26.394,35.5000,100
47013141866052,13:03:33.141,35.5000,100
47016815015148,13:03:36.815,35.4900,200
47016815015148,13:03:36.815,35.4900,100
47058860326863,13:04:18.860,35.4800,553
47058860334407,13:04:18.860,35.4800,532
47058860668024,13:04:18.860,35.4800,484
47058860717529,13:04:18.860,35.4800,116
47058860717529,13:04:18.860,35.4800,100
47058860717529,13:04:18.860,35.4800,100
47058860717529,13:04:18.860,35.4800,100
47059519185199,13:04:19.519,35.4700,100
47059519185199,13:04:19.519,35.4700,100
47059519185199,13:04:19.519,35.4700,100
47059519209401,13:04:19.519,35.4700,100
47059519209401,13:04:19.519,35.4700,600
47066609501575,13:04:26.609,35.4700,600
47070005693640,13:04:30.005,35.4600,100
47072141849832,13:04:32.141,35.4600,100
47092175681091,13:04:52.175,35.4600,100
47092344293340,13:04:52.344,35.4600,20
47209862168004,13:06:49.862,35.4800,100
47362987268529,13:09:22.987,35.5000,100
47362987268529,13:09:22.987,35.5000,100
47371016204800,13:09:31.016,35.5000,100
47422187503630,13:10:22.187,35.5000,100
47424883111122,13:10:24.883,35.5000,100
47424883111122,13:10:24.883,35.5000,200
47461107462502,13:11:01.107,35.5000,181
47461107523226,13:11:01.107,35.5000,232
47461107685593,13:11:01.107,35.5000,487
47470331124042,13:11:10.331,35.5100,200
47494611036667,13:11:34.611,35.5100,100
47494611036667,13:11:34.611,35.5100,600
47532455000542,13:12:12.455,35.5100,100
47551028511481,13:12:31.028,35.5100,100
47551141156820,13:12:31.141,35.5100,100
47551344372833,13:12:31.344,35.5100,100
47639622517645,13:13:59.622,35.5000,200
47639623139830,13:13:59.623,35.5000,64
47639623190015,13:13:59.623,35.5000,36
47639623190015,13:13:59.623,35.5000,300
47639623195707,13:13:59.623,35.5000,400
47639623464432,13:13:59.623,35.5000,100
47653094050076,13:14:13.094,35.5000,100
47660772170586,13:14:20.772,35.5000,300
47660772170586,13:14:20.772,35.5000,200
47660772182216,13:14:20.772,35.5000,500
47660772201705,13:14:20.772,35.5000,100
47660772207852,13:14:20.772,35.5000,100
47660772220357,13:14:20.772,35.5000,200
47660772220896,13:14:20.772,35.5000,500
47660772244201,13:14:20.772,35.5000,500
47660772436665,13:14:20.772,35.5000,577
47660772633204,13:14:20.772,35.5000,123
47705066130215,13:15:05.066,35.4900,300
47745168838481,13:15:45.168,35.4900,100
47843774017753,13:17:23.774,35.5000,100
47895302788534,13:18:15.302,35.5200,92
47895302788534,13:18:15.302,35.5200,200
47895302788534,13:18:15.302,35.5200,100
47895303303575,13:18:15.303,35.5200,300
47895303303575,13:18:15.303,35.5200,100
47913890317920,13:18:33.890,35.5200,100
47913890317920,13:18:33.890,35.5200,100
48008500256228,13:20:08.500,35.5100,200
48018494319773,13:20:18.494,35.5100,200
48018494346994,13:20:18.494,35.5100,200
48023032070371,13:20:23.032,35.5100,100
48044039429962,13:20:44.039,35.5100,80
48044039491729,13:20:44.039,35.5100,20
48044039491729,13:20:44.039,35.5100,100
48073333098584,13:21:13.333,35.5100,100
48074789615668,13:21:14.789,35.5100,100
48085013548781,13:21:25.013,35.5100,93
48085013710340,13:21:25.013,35.5100,100
48085013710340,13:21:25.013,35.5100,93
48128235838204,13:22:08.235,35.5200,200
48129702519739,13:22:09.702,35.5200,46
48129702519739,13:22:09.702,35.5200,46
48132291391967,13:22:12.291,35.5200,100
48142687937236,13:22:22.687,35.5100,100
48142687937236,13:22:22.687,35.5100,300
48147078749023,13:22:27.078,35.5000,524
48147079105499,13:22:27.079,35.5000,76
48147079105499,13:22:27.079,35.5000,38
48147079167339,13:22:27.079,35.5000,62
48147079167339,13:22:27.079,35.5000,100
48284654089843,13:24:44.654,35.5000,100
48336497114250,13:25:36.497,35.5000,5
48403867142883,13:26:43.867,35.4900,5
48422898930017,13:27:02.898,35.4900,595
48422898930017,13:27:02.898,35.4900,100
48422898930017,13:27:02.898,35.4900,200
48438683362540,13:27:18.683,35.4800,600
48500903893060,13:28:20.903,35.4800,100
48523477612486,13:28:43.477,35.4900,100
48523477612486,13:28:43.477,35.4900,100
48523477612486,13:28:43.477,35.4900,100
48523477612486,13:28:43.477,35.4900,600
48523480337410,13:28:43.480,35.4850,400
48523480337410,13:28:43.480,35.4800,2300
48523480337410,13:28:43.480,35.4800,600
48523480337410,13:28:43.480,35.4800,600
48523480337410,13:28:43.480,35.4800,300
48523480337410,13:28:43.480,35.4800,100
48523480337410,13:28:43.480,35.4800,100
48523480337410,13:28:43.480,35.4800,100
48523480337410,13:28:43.480,35.4800,100
48523480337410,13:28:43.480,35.4800,600
48523480337410,13:28:43.480,35.4800,100
48523483835029,13:28:43.483,35.4800,200
48523483835029,13:28:43.483,35.4800,100
48539387955608,13:28:59.387,35.4900,484
48585541805824,13:29:45.541,35.5000,100
48644082137603,13:30:44.082,35.5100,100
48666976414759,13:31:06.976,35.5100,100
48693284180218,13:31:33.284,35.5100,300
48693284218457,13:31:33.284,35.5100,300
48712372016854,13:31:52.372,35.5000,100
48712372016854,13:31:52.372,35.5000,100
48712372016854,13:31:52.372,35.5000,100
48712372016854,13:31:52.372,35.5000,100
48798793774329,13:33:18.793,35.5200,200
48798793774329,13:33:18.793,35.5200,100
48836863700060,13:33:56.863,35.5200,200
48836863700060,13:33:56.863,35.5200,100
48836863754631,13:33:56.863,35.5200,400
48836863762058,13:33:56.863,35.5200,400
48867937675566,13:34:27.937,35.5200,33
48905331264000,13:35:05.331,35.5100,200
49137326981024,13:38:57.326,35.5000,200
49137326981024,13:38:57.326,35.5000,154
49137327030175,13:38:57.327,35.5000,46
49163834483189,13:39:23.834,35.5000,100
49163834483189,13:39:23.834,35.5000,100
49163834483189,13:39:23.834,35.5000,1100
49163834483189,13:39:23.834,35.5000,100
49163834483189,13:39:23.834,35.5000,100
49163834674074,13:39:23.834,35.5000,100
49231848994007,13:40:31.848,35.5100,100
49237877691455,13:40:37.877,35.5200,100
49270763200626,13:41:10.763,35.5200,100
49270763200626,13:41:10.763,35.5200,100
49270763271544,13:41:10.763,35.5200,100
49331642982309,13:42:11.642,35.5250,100
49388527452621,13:43:08.527,35.5300,100
49388527452621,13:43:08.527,35.5300,100
49388527832156,13:43:08.527,35.5300,100
49410550683163,13:43:30.550,35.5400,100
49410776044252,13:43:30.776,35.5400,100
49410776044252,13:43:30.776,35.5400,100
49410776044252,13:43:30.776,35.5400,100
49410776044252,13:43:30.776,35.5400,100
49410776044252,13:43:30.776,35.5400,5
49410776044252,13:43:30.776,35.5400,100
49410776044252,13:43:30.776,35.5400,100
49414061656813,13:43:34.061,35.5400,5
49414061656813,13:43:34.061,35.5400,5
49451525586086,13:44:11.525,35.5400,2600
49451525586086,13:44:11.525,35.5400,100
49451525586086,13:44:11.525,35.5400,100
49451525586086,13:44:11.525,35.5400,100
49451525586086,13:44:11.525,35.5400,83
49451525586086,13:44:11.525,35.5400,600
49451525586086,13:44:11.525,35.5400,217
49465083943018,13:44:25.083,35.5300,123
49465083974284,13:44:25.083,35.5300,77
49465083974284,13:44:25.083,35.5300,300
49501312587081,13:45:01.312,35.5200,100
49501312587081,13:45:01.312,35.5200,300
49509418858067,13:45:09.418,35.5200,100
49518155924653,13:45:18.155,35.5100,200
49568727041466,13:46:08.727,35.5300,100
49580381101154,13:46:20.381,35.5400,100
49580394849857,13:46:20.394,35.5400,300
49580394849857,13:46:20.394,35.5400,600
49590942882408,13:46:30.942,35.5400,200
49590942882408,13:46:30.942,35.5400,300
49600666765331,13:46:40.666,35.5300,100
49600666765331,13:46:40.666,35.5300,100
49600666765331,13:46:40.666,35.5300,600
49721293548405,13:48:41.293,35.5300,100
49721293548405,13:48:41.293,35.5300,100
49721293548405,13:48:41.293,35.5300,100
49728847448451,13:48:48.847,35.5400,100
49738106085441,13:48:58.106,35.5400,200
49738106085441,13:48:58.106,35.5400,300
49748283750806,13:49:08.283,35.5300,200
49748283750806,13:49:08.283,35.5300,100
49748283750806,13:49:08.283,35.5300,100
49748344782392,13:49:08.344,35.5300,20
49749394746574,13:49:09.394,35.5300,100
49749394746574,13:49:09.394,35.5300,100
49764616924417,13:49:24.616,35.5300,100
49779747955541,13:49:39.747,35.5400,100
49800008535408,13:50:00.008,35.5400,100
49800008535408,13:50:00.008,35.5400,100
49807837953885,13:50:07.837,35.5300,600
49807837953885,13:50:07.837,35.5300,100
49823102813733,13:50:23.102,35.5200,100
49826030973075,13:50:26.030,35.5200,100
49826030973075,13:50:26.030,35.5200,32
49826031019961,13:50:26.031,35.5200,268
49874436351153,13:51:14.436,35.5200,600
49875938573084,13:51:15.938,35.5200,200
49885818495350,13:51:25.818,35.5100,100
49925065739229,13:52:05.065,35.5000,100
49927052455566,13:52:07.052,35.5000,100
49943552105373,13:52:23.552,35.5000,700
49943552105373,13:52:23.552,35.5000,60
49976756949702,13:52:56.756,35.5000,33
49983692350361,13:53:03.692,35.5100,100
49983692610743,13:53:03.692,35.5100,100
50012487584561,13:53:32.487,35.5000,100
50012487584561,13:53:32.487,35.5000,100
50012487584561,13:53:32.487,35.5000,200
50012487584561,13:53:32.487,35.5000,600
50012487584561,13:53:32.487,35.5000,200
50012487584561,13:53:32.487,35.5000,300
50025979674470,13:53:45.979,35.5000,100
50049521618795,13:54:09.521,35.5000,100
50125253207732,13:55:25.253,35.5000,200
50125273652755,13:55:25.273,35.5000,100
50125273652755,13:55:25.273,35.5000,100
50125273652755,13:55:25.273,35.5000,100
50125273652755,13:55:25.273,35.5000,300
50125273652755,13:55:25.273,35.5000,123
50125602300837,13:55:25.602,35.5000,200
50156114849015,13:55:56.114,35.4800,100
50171517629973,13:56:11.517,35.5000,100
50239852462921,13:57:19.852,35.5300,600
50239852462921,13:57:19.852,35.5300,50
50239852493791,13:57:19.852,35.5300,50
50255852938588,13:57:35.852,35.5300,200
50259486543860,13:57:39.486,35.5200,100
50259486543860,13:57:39.486,35.5200,300
50276045289904,13:57:56.045,35.5200,67
50276045289904,13:57:56.045,35.5200,4
50298325385743,13:58:18.325,35.5300,543
50298325401474,13:58:18.325,35.5300,57
50304782942775,13:58:24.782,35.5300,200
50330798275055,13:58:50.798,35.5200,600
50338451636441,13:58:58.451,35.5100,100
50338660765894,13:58:58.660,35.5100,200
50339855741103,13:58:59.855,35.5100,500
50339855741103,13:58:59.855,35.5100,300
50339855741103,13:58:59.855,35.5100,983
50339856330903,13:58:59.856,35.5100,100
50355543395406,13:59:15.543,35.5200,600
50355574955624,13:59:15.574,35.5200,190
50355948276085,13:59:15.948,35.5200,300
50363818258364,13:59:23.818,35.5300,347
50363818270019,13:59:23.818,35.5300,253
50363818270019,13:59:23.818,35.5300,90
50363818277037,13:59:23.818,35.5300,539
50363818292384,13:59:23.818,35.5300,171
50363818292384,13:59:23.818,35.5300,200
50402686681606,14:00:02.686,35.5300,200
50402688828849,14:00:02.688,35.5200,300
50402704982112,14:00:02.704,35.5300,100
50402705002985,14:00:02.705,35.5300,100
50402705002985,14:00:02.705,35.5300,100
50402708518480,14:00:02.708,35.5300,100
50402711311994,14:00:02.711,35.5400,200
50402737594036,14:00:02.737,35.5300,100
50403202130802,14:00:03.202,35.5400,400
50405720524489,14:00:05.720,35.5500,237
50405720555013,14:00:05.720,35.5500,363
50405724582229,14:00:05.724,35.5700,100
50405725713683,14:00:05.725,35.5700,100
50408598715612,14:00:08.598,35.5900,365
50408598729232,14:00:08.598,35.5900,135
50408598815335,14:00:08.598,35.5900,100
50408598873232,14:00:08.598,35.5900,100
50408598886610,14:00:08.598,35.5900,100
50408598892270,14:00:08.598,35.5900,144
50408598916236,14:00:08.598,35.5900,300
50408598930041,14:00:08.598,35.5900,106
50408598982818,14:00:08.598,35.5900,133
50408599020200,14:00:08.599,35.5900,67
50408599100659,14:00:08.599,35.5900,100
50408599100659,14:00:08.599,35.5900,35
50408600189778,14:00:08.600,35.5900,265
50408600189778,14:00:08.600,35.5900,35
50408601573896,14:00:08.601,35.5600,100
50408601671656,14:00:08.601,35.5800,300
50408601671656,14:00:08.601,35.5800,78
50408601680475,14:00:08.601,35.5800,222
50408991163098,14:00:08.991,35.5900,98
50408991163098,14:00:08.991,35.5900,67
