timestamp,time,price,volume
34200808184232,09:30:00.808,31.4600,261
34603074136855,09:36:43.074,31.1700,7
34717621371311,09:38:37.621,31.7600,1
34770848522599,09:39:30.848,31.8400,32
34771111193844,09:39:31.111,31.8500,2
34943317954235,09:42:23.317,31.2600,11
35254504113302,09:47:34.504,31.2800,10
35539646252927,09:52:19.646,31.2800,11
35748654201564,09:55:48.654,31.4700,1
35748654201564,09:55:48.654,31.4300,99
35748654228643,09:55:48.654,31.4300,1
35748654228643,09:55:48.654,31.4300,137
35748654228643,09:55:48.654,31.4300,21
35848938164379,09:57:28.938,31.1300,11
36151248608040,10:02:31.248,31.1400,10
36466450790482,10:07:46.450,31.1400,11
36740422843535,10:12:20.422,31.1900,11
37039639073901,10:17:19.639,31.1800,10
37345424328803,10:22:25.424,31.1900,11
37480809094215,10:24:40.809,31.2500,100
37660540375079,10:27:40.540,31.2700,11
37944566471889,10:32:24.566,31.2700,10
38212215219356,10:36:52.215,31.5200,100
38212215257061,10:36:52.215,31.5200,11
38212215257061,10:36:52.215,31.5300,89
38212215280236,10:36:52.215,31.5300,11
38212215331616,10:36:52.215,31.5200,11
38212215358680,10:36:52.215,31.5200,57
38212216402951,10:36:52.216,31.5200,32
38212450370359,10:36:52.450,31.5300,50
38244163773095,10:37:24.163,31.5200,11
38541300890075,10:42:21.300,31.5400,11
38757895354863,10:45:57.895,31.6800,3
38838998209910,10:47:18.998,31.6100,10
38839105537281,10:47:19.105,31.6100,47
38839105566159,10:47:19.105,31.6950,100
38842451532143,10:47:22.451,31.6400,100
39144779353138,10:52:24.779,31.6500,11
39181109274657,10:53:01.109,31.6500,33
39181109301150,10:53:01.109,31.6500,67
39181109301150,10:53:01.109,31.6500,146
39181109301150,10:53:01.109,31.6500,100
39181109301150,10:53:01.109,31.6500,100
39181109301150,10:53:01.109,31.6500,100
39181109301150,10:53:01.109,31.6500,100
39181109352968,10:53:01.109,31.6400,100
39181109358989,10:53:01.109,31.5900,100
39452689124535,10:57:32.689,31.5300,100
39460327142869,10:57:40.327,31.4500,11
39663048775832,11:01:03.048,31.5500,42
39663048775832,11:01:03.048,31.5600,18
39663048776991,11:01:03.048,31.5600,40
39663048789286,11:01:03.048,31.5600,2
39663054407706,11:01:03.054,31.5600,40
39744846294285,11:02:24.846,31.5000,10
39779572945868,11:02:59.572,31.5500,5
39779572983888,11:02:59.572,31.5500,39
39842570753258,11:04:02.570,31.5500,56
40065146642944,11:07:45.146,31.5000,11
40351430435140,11:12:31.430,31.4700,1
40351430460630,11:12:31.430,31.4700,3
40351430492989,11:12:31.430,31.4700,96
40427034981480,11:13:47.034,31.5000,15
40427036075011,11:13:47.036,31.5000,5
40649228918166,11:17:29.228,31.4200,11
41225653709402,11:27:05.653,31.5000,5
41236354544018,11:27:16.354,31.4200,10
41265392602740,11:27:45.392,31.4400,96
41265392691277,11:27:45.392,31.4400,4
41265392717859,11:27:45.392,31.4400,100
41463321635954,11:31:03.321,31.5600,5
41559538085057,11:32:39.538,31.4100,11
41842900634857,11:37:22.900,31.4100,11
42144745475695,11:42:24.745,31.4000,10
42460049388318,11:47:40.049,31.4800,5
42460049388318,11:47:40.049,31.4800,6
42577972958282,11:49:37.972,31.5700,100
42577973066266,11:49:37.973,31.6200,1
42577975791027,11:49:37.975,31.6200,100
42635856606280,11:50:35.856,31.5900,100
42694773457777,11:51:34.773,31.5700,58
42694773457777,11:51:34.773,31.5700,42
42694773494874,11:51:34.773,31.5700,58
42694773494874,11:51:34.773,31.5700,100
42694773494874,11:51:34.773,31.5700,100
42694773507494,11:51:34.773,31.4900,95
42694773976664,11:51:34.773,31.4900,5
42694773976664,11:51:34.773,31.4900,95
42694774004311,11:51:34.774,31.4900,5
42694774053796,11:51:34.774,31.5300,5
42742862206479,11:52:22.862,31.4900,100
42754054099366,11:52:34.054,31.4200,11
43049706853992,11:57:29.706,31.4200,10
43363574904538,12:02:43.574,31.4400,11
43660688882800,12:07:40.688,31.4400,11
43940735309387,12:12:20.735,31.4600,10
44245039404197,12:17:25.039,31.4600,11
44415997313907,12:20:15.997,31.5700,100
44415997341741,12:20:15.997,31.5700,4
44555922476472,12:22:35.922,31.4500,11
44850619344842,12:27:30.619,31.4600,10
45162732682887,12:32:42.732,31.4400,11
45455591580254,12:37:35.591,31.4600,11
45717308002746,12:41:57.308,31.6400,5
45743936528456,12:42:23.936,31.4500,10
45992694181701,12:46:32.694,31.6300,100
46044821945170,12:47:24.821,31.5900,5
46044821971289,12:47:24.821,31.5900,95
46044822333429,12:47:24.822,31.6300,5
46044824505729,12:47:24.824,31.6300,5
46044824543158,12:47:24.824,31.6300,90
46050196359787,12:47:30.196,31.5900,11
46231863100303,12:50:31.863,31.6800,1
46231863127094,12:50:31.863,31.6800,99
46231864754747,12:50:31.864,31.7800,5
46359495815233,12:52:39.495,31.6400,11
46533754688761,12:55:33.754,31.6200,89
46533754688761,12:55:33.754,31.6200,100
46533754688761,12:55:33.754,31.6100,11
46533754735794,12:55:33.754,31.6100,89
46533754735794,12:55:33.754,31.6100,58
46533754735794,12:55:33.754,31.6100,16
46533754738021,12:55:33.754,31.6100,51
46533754797784,12:55:33.754,31.6100,100
46533754822222,12:55:33.754,31.6100,33
46533754822222,12:55:33.754,31.6100,100
46533754837365,12:55:33.754,31.6100,2
46533754852542,12:55:33.754,31.6100,100
46533755328905,12:55:33.755,31.6000,2
46533755764070,12:55:33.755,31.6000,2
46533755835363,12:55:33.755,31.6000,2
46656731792910,12:57:36.731,31.5700,10
46956080327588,13:02:36.080,31.5900,11
47255214129752,13:07:35.214,31.6000,10
47255214129752,13:07:35.214,31.5900,1
47561692545685,13:12:41.692,31.6000,10
47765707366271,13:16:05.707,31.7000,100
47861064209285,13:17:41.064,31.6000,11
47911403456818,13:18:31.403,31.7000,100
47911403532849,13:18:31.403,31.7300,20
47924783083826,13:18:44.783,31.7450,100
48090511952632,13:21:30.511,31.8100,82
48090512006593,13:21:30.512,31.8100,18
48090512006593,13:21:30.512,31.8100,1
48090514314876,13:21:30.514,31.8400,4
48163956137323,13:22:43.956,31.7600,11
48180568302163,13:23:00.568,31.7500,100
48180568302163,13:23:00.568,31.7500,92
48180568309476,13:23:00.568,31.7500,8
48180568309476,13:23:00.568,31.7100,88
48180568845058,13:23:00.568,31.7100,12
48181025521013,13:23:01.025,31.6800,100
48448773455170,13:27:28.773,31.5900,10
48761275109178,13:32:41.275,31.5900,11
49049747522856,13:37:29.747,31.5900,11
49342520697780,13:42:22.520,31.5900,10
49644324061441,13:47:24.324,31.6200,10
49644324061441,13:47:24.324,31.6000,1
49696975071502,13:48:16.975,31.6200,10
49777299692173,13:49:37.299,31.7600,5
49940541939924,13:52:20.541,31.6200,11
50224686860888,13:57:04.686,31.7900,100
50240321660489,13:57:20.321,31.7000,10
50551196341293,14:02:31.196,31.7000,11
50644959303982,14:04:04.959,31.9000,100
50644959303982,14:04:04.959,31.9000,5
50666182564771,14:04:26.182,31.9300,5
50666182564771,14:04:26.182,31.9300,95
50839291149324,14:07:19.291,31.9300,10
50872353189925,14:07:52.353,32.1000,5
50947280116394,14:09:07.280,32.1100,100
50947280116394,14:09:07.280,32.1100,30
50947280116394,14:09:07.280,32.1100,12
51037385701193,14:10:37.385,32.2050,100
51037385701193,14:10:37.385,32.1000,100
51037385701193,14:10:37.385,32.1000,100
51144963133603,14:12:24.963,32.1200,10
51144963133603,14:12:24.963,32.1100,1
51441181414864,14:17:21.181,32.1300,11
51442408360840,14:17:22.408,32.1300,9
51442408360840,14:17:22.408,32.1300,30
51442408360840,14:17:22.408,32.1100,5
51442408405678,14:17:22.408,32.1100,95
51442408405678,14:17:22.408,32.1100,28
51442408487209,14:17:22.408,32.1100,72
51442408487209,14:17:22.408,32.1100,100
51442408556174,14:17:22.408,32.0900,5
51461408616685,14:17:41.408,32.1100,12
51635892473144,14:20:35.892,32.0400,3
51748854229845,14:22:28.854,32.0400,10
51749728074835,14:22:29.728,32.1600,35
51983342380803,14:26:23.342,32.0500,35
51983342380803,14:26:23.342,32.0300,73
52038921556374,14:27:18.921,31.9400,10
52038921556374,14:27:18.921,31.9400,1
52038921624970,14:27:18.921,31.9900,98
52038921652892,14:27:18.921,31.9900,2
52101521726203,14:28:21.521,31.9900,25
52101521788653,14:28:21.521,31.9900,32
52275169208305,14:31:15.169,32.2400,5
52275169235207,14:31:15.169,32.2400,95
52275171679205,14:31:15.171,32.2400,2
52275171679205,14:31:15.171,32.2400,41
52305878799171,14:31:45.878,32.2600,83
52306473530326,14:31:46.473,32.2600,17
52306473530326,14:31:46.473,32.2600,16
52323472901559,14:32:03.472,32.2500,6
52349532524976,14:32:29.532,32.2300,36
52356478478037,14:32:36.478,32.2200,7
52557782927059,14:35:57.782,32.3600,1
52557783094369,14:35:57.783,32.3600,100
52557783094369,14:35:57.783,32.3700,20
52557783213785,14:35:57.783,32.3700,80
52557783213785,14:35:57.783,32.3700,20
52557783257954,14:35:57.783,32.3800,100
52557783278806,14:35:57.783,32.4000,41
52557783539971,14:35:57.783,32.4000,59
52557785957704,14:35:57.785,32.6200,17
52639789902544,14:37:19.789,32.3500,10
52703744349608,14:38:23.744,32.6000,1
52703744365474,14:38:23.744,32.6000,10
52703744702467,14:38:23.744,32.6000,5
52703744925753,14:38:23.744,32.6000,2
52703745406487,14:38:23.745,32.6000,1
52703746548605,14:38:23.746,32.6000,6
52703746655962,14:38:23.746,32.6000,8
52759954223617,14:39:19.954,32.6200,100
52759954732371,14:39:19.954,32.6400,20
52759954732371,14:39:19.954,32.6500,10
52880439683923,14:41:20.439,32.6700,1
52880439683923,14:41:20.439,32.6700,99
52949224960203,14:42:29.224,32.5700,11
53191662569758,14:46:31.662,32.5600,58
53191662652073,14:46:31.662,32.5500,100
53250672534408,14:47:30.672,32.4900,3
53250672536913,14:47:30.672,32.4900,4
53261545691385,14:47:41.545,32.4400,11
53279001312435,14:47:59.001,32.4200,10
53444983833617,14:50:44.983,32.4600,1
53444984245997,14:50:44.984,32.4600,1
53448910589946,14:50:48.910,32.4600,1
53448912789628,14:50:48.912,32.4600,1
53550196479382,14:52:30.196,32.4600,1
53599844227161,14:53:19.844,32.4800,1
53865203245746,14:57:45.203,32.3400,11
53956129231264,14:59:16.129,32.4900,20
54149736398539,15:02:29.736,32.4000,11
54208872630597,15:03:28.872,32.3900,4
54208872630597,15:03:28.872,32.3800,4
54208872632114,15:03:28.872,32.3800,3
54208872632114,15:03:28.872,32.3800,23
54208872680979,15:03:28.872,32.3800,12
54208872701724,15:03:28.872,32.3800,65
54208873318982,15:03:28.873,32.3600,12
54208873445672,15:03:28.873,32.3600,12
54208873477833,15:03:28.873,32.3600,34
54208873524631,15:03:28.873,32.3600,42
54212828112160,15:03:32.828,32.3400,100
54238546522833,15:03:58.546,32.4200,2
54238546586209,15:03:58.546,32.4200,2
54238546835811,15:03:58.546,32.4400,2
54423241415316,15:07:03.241,32.3900,5
54448695964307,15:07:28.695,32.2700,4
54448695964307,15:07:28.695,32.2600,6
54642456886098,15:10:42.456,32.2500,100
54642456886098,15:10:42.456,32.2500,58
54743078543715,15:12:23.078,32.1300,11
55065782126448,15:17:45.782,32.1300,11
55147791400386,15:19:07.791,32.2500,50
55208528459952,15:20:08.528,32.2800,1
55329494516572,15:22:09.494,32.2100,100
55329499185931,15:22:09.499,32.2200,10
55329499185931,15:22:09.499,32.2000,90
55329499253646,15:22:09.499,32.2000,10
55339155866260,15:22:19.155,32.1300,10
55676962454007,15:27:56.962,32.2800,28
55676962454007,15:27:56.962,32.2800,10
55676962454007,15:27:56.962,32.2800,40
55676962454007,15:27:56.962,32.3000,22
55676965314654,15:27:56.965,32.3000,78
55676965314654,15:27:56.965,32.3000,22
55677021648867,15:27:57.021,32.3000,78
55677021648867,15:27:57.021,32.3000,100
55677661072216,15:27:57.661,32.3000,10
55796745152105,15:29:56.745,32.3300,7
55796745377755,15:29:56.745,32.3300,8
55803399937547,15:30:03.399,32.3300,5
55974803391829,15:32:54.803,32.3000,10
55974803404451,15:32:54.803,32.3100,100
55974803805323,15:32:54.803,32.3000,10
56074135046335,15:34:34.135,32.3100,10
56252517720135,15:37:32.517,32.3000,10
56252517720135,15:37:32.517,32.3100,90
56252519841129,15:37:32.519,32.3100,10
56272828514875,15:37:52.828,32.3400,5
56331079462902,15:38:51.079,32.3400,5
56482164750724,15:41:22.164,32.3300,100
56521156299215,15:42:01.156,32.3400,96
56521156337814,15:42:01.156,32.3400,4
56561537638982,15:42:41.537,32.3600,10
56578361537279,15:42:58.361,32.3800,18
56578361537279,15:42:58.361,32.3800,32
56578361537279,15:42:58.361,32.3900,20
56578364691102,15:42:58.364,32.4200,10
56578364745887,15:42:58.364,32.4300,15
56762041288049,15:46:02.041,32.4400,10
56762041378507,15:46:02.041,32.4500,39
56804256639459,15:46:44.256,32.5100,1
56804256639459,15:46:44.256,32.5400,4
57155742534209,15:52:35.742,32.4400,77
57155742605378,15:52:35.742,32.4400,7
57155742735147,15:52:35.742,32.4400,16
57155742735147,15:52:35.742,32.4400,2
57155742737286,15:52:35.742,32.4400,34
57155742785847,15:52:35.742,32.4400,5
57155742812336,15:52:35.742,32.4400,59
57155742812336,15:52:35.742,32.4400,41
57155742851152,15:52:35.742,32.4400,59
57155742851152,15:52:35.742,32.4400,41
57155742878632,15:52:35.742,32.4400,59
57155744375336,15:52:35.744,32.4200,2
57155744405072,15:52:35.744,32.4200,8
57155744405072,15:52:35.744,32.4200,5
57160945573218,15:52:40.945,32.3400,100
57176406068468,15:52:56.406,32.3400,1
57240159085227,15:54:00.159,32.3400,99
57240159085227,15:54:00.159,32.3400,1
57287864116702,15:54:47.864,32.3300,60
57300181059685,15:55:00.181,32.4000,7
57315092785297,15:55:15.092,32.4000,100
57315093333798,15:55:15.093,32.4200,100
57315094884746,15:55:15.094,32.4300,10
57320827843511,15:55:20.827,32.4200,18
57351029395941,15:55:51.029,32.4100,10
57351030324443,15:55:51.030,32.4000,3
57357168001475,15:55:57.168,32.4000,18
57358093709638,15:55:58.093,32.4000,1
57379565119097,15:56:19.565,32.4100,2
57386483409324,15:56:26.483,32.4600,5
57415077012004,15:56:55.077,32.4100,4
57415077012004,15:56:55.077,32.4100,6
57416124597114,15:56:56.124,32.4100,15
57417134817957,15:56:57.134,32.4100,3
57417139322373,15:56:57.139,32.4000,36
57417647837517,15:56:57.647,32.4000,1
57417647863525,15:56:57.647,32.4000,1
57417649326399,15:56:57.649,32.4000,5
57435413979978,15:57:15.413,32.4100,6
57435430575347,15:57:15.430,32.4000,93
57477122413541,15:57:57.122,32.4000,14
57477122413541,15:57:57.122,32.4000,4
57477170918580,15:57:57.170,32.3700,10
57477187228006,15:57:57.187,32.3600,10
57544489761661,15:59:04.489,32.3600,5
57549224630904,15:59:09.224,32.3600,1
57559069893079,15:59:19.069,32.4000,4
57559494691590,15:59:19.494,32.4000,77
57559619511006,15:59:19.619,32.4200,100
57559619536638,15:59:19.619,32.4200,148
57580073316784,15:59:40.073,32.4100,49
57583895281942,15:59:43.895,32.4400,100
57583895281942,15:59:43.895,32.4400,26
57590185047739,15:59:50.185,32.4400,33
57593125379074,15:59:53.125,32.5100,69
57594307570847,15:59:54.307,32.5200,48
57598688906385,15:59:58.688,32.5000,67
57600262264332,16:00:00.262,32.5000,5459
