timestamp,time,price,volume
34200613918108,09:30:00.613,0.0000,0
34434090239933,09:33:54.090,49.1900,200
34434090239933,09:33:54.090,49.2700,100
34479289879426,09:34:39.289,49.3000,100
34528091496769,09:35:28.091,49.0200,100
34541292496164,09:35:41.292,49.0200,100
34624505250328,09:37:04.505,48.9000,100
34641823895866,09:37:21.823,48.9200,100
34644810266075,09:37:24.810,48.9400,100
34677497628263,09:37:57.497,48.9200,100
34677497699597,09:37:57.497,48.9300,100
34726703115237,09:38:46.703,49.0800,100
34761086619713,09:39:21.086,49.0900,100
34762087686876,09:39:22.087,49.0900,100
34890371897681,09:41:30.371,49.0900,100
34903907082618,09:41:43.907,49.1000,100
34904652130010,09:41:44.652,49.1000,62
34904652131595,09:41:44.652,49.1000,38
34904652136166,09:41:44.652,49.0900,12
34904652136690,09:41:44.652,49.0900,50
34904652137167,09:41:44.652,49.0900,38
34904652520586,09:41:44.652,49.0900,62
34925674637750,09:42:05.674,49.1000,100
34932009338966,09:42:12.009,49.1000,100
34939689995832,09:42:19.689,49.1000,100
34956517499666,09:42:36.517,49.0900,38
34956517499666,09:42:36.517,49.0900,4
34978808601547,09:42:58.808,49.0900,96
35264240969335,09:47:44.240,49.0500,66
35276149513629,09:47:56.149,49.1100,19
35276149513629,09:47:56.149,49.1200,100
35276149513629,09:47:56.149,49.1300,81
35276149516588,09:47:56.149,49.1300,19
35276149516588,09:47:56.149,49.1300,100
35276149516588,09:47:56.149,49.1300,81
35276149530218,09:47:56.149,49.1300,50
35276149532697,09:47:56.149,49.1300,100
35276149547964,09:47:56.149,49.1300,200
35276149981737,09:47:56.149,49.1300,100
35276150062374,09:47:56.150,49.1300,100
35276150062374,09:47:56.150,49.1300,100
35280371412781,09:48:00.371,49.0500,100
35280371416424,09:48:00.371,49.0500,100
35280371418956,09:48:00.371,49.0500,100
35280371472314,09:48:00.371,49.0500,34
35280584730603,09:48:00.584,49.0400,100
35286114143016,09:48:06.114,49.0400,50
35286114143016,09:48:06.114,49.0300,50
35287119236842,09:48:07.119,49.0400,100
35289082658243,09:48:09.082,49.0300,50
35289082658243,09:48:09.082,48.9800,15
35289082683488,09:48:09.082,48.9800,85
35289083107935,09:48:09.083,49.0200,65
35289083160484,09:48:09.083,49.0200,35
35289083160484,09:48:09.083,49.0200,65
35289083213733,09:48:09.083,49.0200,35
35289083345699,09:48:09.083,49.0300,75
35289083400054,09:48:09.083,49.0300,100
35289083400054,09:48:09.083,49.0300,86
35440327187918,09:50:40.327,48.9200,100
35497138860283,09:51:37.138,48.9200,100
35497138860283,09:51:37.138,48.9200,100
35497147088984,09:51:37.147,48.8800,25
35498124325709,09:51:38.124,48.8800,100
35498124339326,09:51:38.124,48.8800,100
35498144985925,09:51:38.144,48.8800,75
35583512909406,09:53:03.512,48.7700,2
35669915247550,09:54:29.915,48.8100,100
35724342858117,09:55:24.342,48.8000,200
35741354178380,09:55:41.354,48.8000,100
35842704394825,09:57:22.704,48.7700,98
35929072817979,09:58:49.072,48.8200,100
35985073054687,09:59:45.073,48.8500,34
35985073084332,09:59:45.073,48.8500,50
36038408458527,10:00:38.408,48.8700,100
36098945486838,10:01:38.945,48.9200,100
36098945557223,10:01:38.945,48.9200,100
36166700151276,10:02:46.700,48.9200,42
36166700979590,10:02:46.700,48.9200,8
36166700999439,10:02:46.700,48.9200,50
36166709895760,10:02:46.709,48.9000,38
36166710008158,10:02:46.710,48.9000,84
36166710568096,10:02:46.710,48.9000,2
36166715159523,10:02:46.715,48.9000,42
36167702322741,10:02:47.702,48.9200,100
36168635694781,10:02:48.635,48.9000,134
36271263689990,10:04:31.263,48.9300,68
36271310075610,10:04:31.310,48.9200,32
36271317397227,10:04:31.317,48.9200,65
36274613630080,10:04:34.613,48.9200,103
36274624565888,10:04:34.624,48.9100,100
36274624591669,10:04:34.624,48.9100,100
36275614618268,10:04:35.614,48.9200,42
36275614652974,10:04:35.614,48.9200,158
36359977893196,10:05:59.977,48.8700,52
36360703909694,10:06:00.703,48.8700,448
36360703909694,10:06:00.703,48.8700,97
36360703971248,10:06:00.703,48.8700,3
36395418233863,10:06:35.418,48.8000,46
36488508222912,10:08:08.508,48.9000,100
36489794925587,10:08:09.794,48.9400,100
36586804017849,10:09:46.804,48.9100,100
36586804017849,10:09:46.804,48.9000,100
36648720865525,10:10:48.720,48.9800,100
36648720976301,10:10:48.720,48.9900,100
36649949505770,10:10:49.949,49.0000,1
36649949530976,10:10:49.949,49.0000,99
36703942638997,10:11:43.942,49.1300,1
36712501721490,10:11:52.501,49.1400,1
36748144887386,10:12:28.144,49.2100,1
36750185599288,10:12:30.185,49.2100,1
36764915839348,10:12:44.915,49.2100,1
36769181215778,10:12:49.181,49.2000,1
36769183191846,10:12:49.183,49.2200,1
36781005963115,10:13:01.005,49.2200,1
36781007353560,10:13:01.007,49.2300,1
36781018888491,10:13:01.018,49.2300,1
36781020368484,10:13:01.020,49.2300,1
36781021763889,10:13:01.021,49.2300,1
36796377854809,10:13:16.377,49.2000,66
36796377882697,10:13:16.377,49.2000,334
36796567930036,10:13:16.567,49.1700,11
36796567930036,10:13:16.567,49.1700,60
36796568150394,10:13:16.568,49.1600,9
36796568153606,10:13:16.568,49.1600,9
36796568194547,10:13:16.568,49.1600,50
36796574484860,10:13:16.574,49.1600,66
36796577486642,10:13:16.577,49.1600,34
36796577486642,10:13:16.577,49.1400,57
36796599273783,10:13:16.599,49.1300,46
36797378782814,10:13:17.378,49.1900,100
36797378867455,10:13:17.378,49.2000,100
36797502856420,10:13:17.502,49.2000,65
36801025294911,10:13:21.025,49.2200,59
36801025416249,10:13:21.025,49.2200,13
36806347329367,10:13:26.347,49.2000,35
36806349199727,10:13:26.349,49.1700,65
36820793841376,10:13:40.793,49.2600,95
36937350002184,10:15:37.350,49.1800,2
36937350002184,10:15:37.350,49.1800,35
36937350002184,10:15:37.350,49.1800,13
36937350002184,10:15:37.350,49.1800,2
37032819257553,10:17:12.819,49.1800,100
37032820521796,10:17:12.820,49.1700,100
37032820545381,10:17:12.820,49.1700,100
37032828687378,10:17:12.828,49.1800,2
37032828883923,10:17:12.828,49.1800,50
37032834008733,10:17:12.834,49.1800,48
37032834008733,10:17:12.834,49.1300,100
37032834008733,10:17:12.834,49.1300,52
37032840331866,10:17:12.840,49.1300,32
37052068090461,10:17:32.068,49.1700,42
37052068151719,10:17:32.068,49.1700,58
37052123356562,10:17:32.123,49.1200,77
37058037454664,10:17:38.037,49.1300,76
37155880920324,10:19:15.880,49.1000,9
37155881018471,10:19:15.881,49.0900,28
37155881018471,10:19:15.881,49.0900,7
37155881018471,10:19:15.881,49.0900,9
37157395203479,10:19:17.395,49.1200,101
37157397199494,10:19:17.397,49.1200,77
37157398280670,10:19:17.398,49.1100,100
37159570012668,10:19:19.570,49.1300,1
37160997785770,10:19:20.997,49.1300,1
37161555017038,10:19:21.555,49.1300,1
37163311700080,10:19:23.311,49.1300,1
37163311727181,10:19:23.311,49.1300,96
37163311727181,10:19:23.311,49.1300,100
37163311727181,10:19:23.311,49.1300,100
37163311727181,10:19:23.311,49.1300,100
37163313262365,10:19:23.313,49.1400,100
37163313312408,10:19:23.313,49.1400,100
37163313604953,10:19:23.313,49.1500,50
37163323654329,10:19:23.323,49.1500,66
37165703319871,10:19:25.703,49.1300,21
37166426599494,10:19:26.426,49.1600,1
37166987890141,10:19:26.987,49.1600,1
37168506649893,10:19:28.506,49.1600,1
37172811996409,10:19:32.811,49.1600,1
37176179737431,10:19:36.179,49.1600,96
37203771964306,10:20:03.771,49.2500,1
37402060841219,10:23:22.060,49.2500,36
37413273693683,10:23:33.273,49.2900,76
37422534603067,10:23:42.534,49.3700,100
37468609890622,10:24:28.609,49.3600,100
37468609890622,10:24:28.609,49.3600,100
37468624438452,10:24:28.624,49.3600,1
37475689208557,10:24:35.689,49.3600,1
37484051720599,10:24:44.051,49.3400,12
37494088962225,10:24:54.088,49.3300,100
37494088990671,10:24:54.088,49.3300,200
37543365844376,10:25:43.365,49.3500,6
37543366077275,10:25:43.366,49.3500,6
37657487320616,10:27:37.487,49.3500,100
37657490796231,10:27:37.490,49.3500,100
37660070559927,10:27:40.070,49.3400,31
37673988384104,10:27:53.988,49.3400,32
37674796822119,10:27:54.796,49.3500,65
37676704383564,10:27:56.704,49.3500,35
37724788511030,10:28:44.788,49.3900,100
37724788649226,10:28:44.788,49.4000,100
37724788833718,10:28:44.788,49.4100,46
37724789918006,10:28:44.789,49.4200,4
37724789945368,10:28:44.789,49.4200,96
37727792077524,10:28:47.792,49.4600,100
37733253827628,10:28:53.253,49.4300,4
37754792520708,10:29:14.792,49.4900,100
37754804142044,10:29:14.804,49.4500,43
37755019650980,10:29:15.019,49.4600,42
37755541435635,10:29:15.541,49.4800,1
37756451076438,10:29:16.451,49.4800,1
37757403682452,10:29:17.403,49.4800,1
37758356750690,10:29:18.356,49.4800,1
37759353357490,10:29:19.353,49.4800,1
37760349954466,10:29:20.349,49.4800,1
37761389505164,10:29:21.389,49.4800,1
37762429219152,10:29:22.429,49.4800,1
37763344206137,10:29:23.344,49.4600,4
37763344385083,10:29:23.344,49.4600,2
37763511867817,10:29:23.511,49.4800,1
37764627520448,10:29:24.627,49.4800,1
37765754028115,10:29:25.754,49.4800,1
37766179267950,10:29:26.179,49.4800,89
37766179267950,10:29:26.179,49.4800,11
37766923641593,10:29:26.923,49.4800,1
37768093355946,10:29:28.093,49.4800,1
37769305973232,10:29:29.305,49.4800,1
37770518662790,10:29:30.518,49.4800,1
37771731341881,10:29:31.731,49.4800,1
37771731656743,10:29:31.731,49.4800,66
37771731656743,10:29:31.731,49.4800,172
37774477600237,10:29:34.477,49.4600,52
37774477600237,10:29:34.477,49.4500,2
37776923027695,10:29:36.923,49.4600,100
37776923855661,10:29:36.923,49.4300,100
37776938122502,10:29:36.938,49.4400,100
37776945042865,10:29:36.945,49.4300,100
37776945042865,10:29:36.945,49.4300,100
37776965353510,10:29:36.965,49.4200,66
37784218197838,10:29:44.218,49.4300,150
37784218226708,10:29:44.218,49.4300,66
37784218230356,10:29:44.218,49.4300,84
37784220651186,10:29:44.220,49.4300,100
37784220651186,10:29:44.220,49.4400,100
37784224815279,10:29:44.224,49.4500,38
37800088877985,10:30:00.088,49.5200,54
37800088885005,10:30:00.088,49.5200,46
37800088888396,10:30:00.088,49.5300,54
37800088941995,10:30:00.088,49.5300,46
37800088941995,10:30:00.088,49.5300,54
37800123722309,10:30:00.123,49.5400,100
37810020738969,10:30:10.020,49.5700,100
37849418375525,10:30:49.418,49.5900,12
37849421127325,10:30:49.421,49.5700,18
37849423206154,10:30:49.423,49.5700,4
37941152856924,10:32:21.152,49.5800,100
37941152884343,10:32:21.152,49.5800,110
37941152884343,10:32:21.152,49.5800,100
37994791870786,10:33:14.791,49.6600,100
37994791953000,10:33:14.791,49.6600,100
37994792537240,10:33:14.792,49.6700,100
38008043154270,10:33:28.043,49.6500,37
38008043154270,10:33:28.043,49.6500,3
38008084368568,10:33:28.084,49.5800,100
38094157189468,10:34:54.157,49.6000,100
38094157189468,10:34:54.157,49.5900,100
38094158165705,10:34:54.158,49.5800,100
38094171591193,10:34:54.171,49.5400,4
38094188118980,10:34:54.188,49.5400,88
38094205175147,10:34:54.205,49.5400,100
38153172466575,10:35:53.172,49.5400,3
38153172468483,10:35:53.172,49.5400,26
38153172468483,10:35:53.172,49.5400,40
38153172468483,10:35:53.172,49.5400,2
38153172468483,10:35:53.172,49.5400,2
38153172468483,10:35:53.172,49.5400,3
38153174740886,10:35:53.174,49.5400,19
38153182377962,10:35:53.182,49.4900,100
38153187647475,10:35:53.187,49.4800,100
38153188948022,10:35:53.188,49.4800,100
38153188999867,10:35:53.188,49.4800,38
38153227206446,10:35:53.227,49.4500,147
38153326670518,10:35:53.326,49.4500,12
38157467215597,10:35:57.467,49.4400,100
38157816948367,10:35:57.816,49.4400,100
38157816948367,10:35:57.816,49.4500,100
38157816948367,10:35:57.816,49.4500,100
38157816948367,10:35:57.816,49.4600,133
38289922625467,10:38:09.922,49.4600,100
38289922655789,10:38:09.922,49.4600,38
38289922655789,10:38:09.922,49.4600,100
38289922655789,10:38:09.922,49.4600,100
38289923243202,10:38:09.923,49.4600,100
38350725326235,10:39:10.725,49.5600,87
38498845716708,10:41:38.845,49.5300,76
38498845785222,10:41:38.845,49.5300,24
38498845785222,10:41:38.845,49.5200,100
38498845785222,10:41:38.845,49.5200,4
38498845902242,10:41:38.845,49.5200,76
38498846197928,10:41:38.846,49.5200,20
38498846197928,10:41:38.846,49.5200,3
38498855518311,10:41:38.855,49.5200,73
38498855538813,10:41:38.855,49.5200,24
38498855538813,10:41:38.855,49.5200,76
38498855549101,10:41:38.855,49.5200,12
38498855613445,10:41:38.855,49.5200,12
38498855647564,10:41:38.855,49.5100,39
38498855709205,10:41:38.855,49.5500,100
38599743616652,10:43:19.743,49.4900,76
38599751915789,10:43:19.751,49.4900,45
38599752554430,10:43:19.752,49.4900,86
38599757338044,10:43:19.757,49.4900,93
38599758322721,10:43:19.758,49.4800,41
38600721780984,10:43:20.721,49.4600,100
38600730496986,10:43:20.730,49.4200,62
38600758994750,10:43:20.758,49.4800,200
38601760634816,10:43:21.760,49.4900,200
38654653928365,10:44:14.653,49.4900,100
38654653955892,10:44:14.653,49.4900,57
38654653955892,10:44:14.653,49.4900,100
38654654441901,10:44:14.654,49.5100,50
38654655743872,10:44:14.655,49.5100,16
38734791714409,10:45:34.791,49.6000,100
38737796992004,10:45:37.796,49.6400,100
38737796992004,10:45:37.796,49.6400,100
38737796992004,10:45:37.796,49.6400,100
38851147101710,10:47:31.147,49.6100,10
38851148028138,10:47:31.148,49.6100,2
38851150344990,10:47:31.150,49.6100,2
38890599716663,10:48:10.599,49.6400,1
38890599948954,10:48:10.599,49.6400,99
38890601057834,10:48:10.601,49.6400,41
38890696370792,10:48:10.696,49.6800,100
38892344979064,10:48:12.344,49.6900,100
38892362949976,10:48:12.362,49.7100,100
38894443525167,10:48:14.443,49.6900,100
38894443525167,10:48:14.443,49.6900,100
38905095655956,10:48:25.095,49.6300,2
38905529101134,10:48:25.529,49.6900,100
38929556441419,10:48:49.556,49.6900,100
38939109925402,10:48:59.109,49.6400,1
38949445494090,10:49:09.445,49.6300,27
38949448969310,10:49:09.448,49.6500,100
38949454758650,10:49:09.454,49.6500,100
38949454758650,10:49:09.454,49.6600,100
38972726812603,10:49:32.726,49.6200,42
38981204446883,10:49:41.204,49.6200,42
39019845299888,10:50:19.845,49.6100,20
39029637711112,10:50:29.637,49.6000,73
39029637711112,10:50:29.637,49.6000,27
39029637741554,10:50:29.637,49.6000,73
39029638733919,10:50:29.638,49.5600,100
39029643343140,10:50:29.643,49.5700,9
39029643746148,10:50:29.643,49.5700,51
39029643791658,10:50:29.643,49.5700,71
39029646519343,10:50:29.646,49.5800,100
39029646519343,10:50:29.646,49.5700,69
39029663614272,10:50:29.663,49.6000,100
39029671358397,10:50:29.671,49.6300,100
39029687633484,10:50:29.687,49.6000,86
39050146435878,10:50:50.146,49.5900,16
39050149891399,10:50:50.149,49.6100,100
39050149947475,10:50:50.149,49.6100,100
39054254895520,10:50:54.254,49.6000,42
39072057972220,10:51:12.057,49.6000,42
39072061699336,10:51:12.061,49.6000,16
39259276021450,10:54:19.276,49.5900,2
39259392794160,10:54:19.392,49.5900,42
39260351966861,10:54:20.351,49.5900,42
39260354066555,10:54:20.354,49.5900,14
39294235577306,10:54:54.235,49.5900,42
39326902905132,10:55:26.902,49.6300,5
39326903131917,10:55:26.903,49.6300,5
39326903199157,10:55:26.903,49.6300,29
39326903729425,10:55:26.903,49.6300,6
39326903911727,10:55:26.903,49.6300,30
39339337191749,10:55:39.337,49.6000,44
39339337191749,10:55:39.337,49.6000,18
39339337438116,10:55:39.337,49.6000,14
39394762478205,10:56:34.762,49.6400,40
39394766249785,10:56:34.766,49.6500,100
39394766481789,10:56:34.766,49.6400,8
39394766507933,10:56:34.766,49.6400,7
39466531669969,10:57:46.531,49.6300,11
39466531888542,10:57:46.531,49.6300,5
39466531968132,10:57:46.531,49.6300,5
39467248901541,10:57:47.248,49.6300,7
39467249504205,10:57:47.249,49.6300,20
39467250451945,10:57:47.250,49.6300,6
39467250999040,10:57:47.250,49.6300,10
39467251201107,10:57:47.251,49.6300,12
39474578273407,10:57:54.578,49.6300,7
39474578353844,10:57:54.578,49.6300,8
39474578450671,10:57:54.578,49.6300,14
39625024154406,11:00:25.024,49.7200,100
39625027490763,11:00:25.027,49.7300,66
39646417448971,11:00:46.417,49.8100,1
39646421700550,11:00:46.421,49.8100,1
39646955273105,11:00:46.955,49.8100,100
39646969557961,11:00:46.969,49.7600,7
39646976585848,11:00:46.976,49.7600,93
39646976585848,11:00:46.976,49.7600,1
39647458965895,11:00:47.458,49.8100,1
39663793381495,11:01:03.793,49.8200,100
39696633448554,11:01:36.633,49.8700,1
39696633493975,11:01:36.633,49.8700,99
39697900068969,11:01:37.900,49.8700,100
39697904717157,11:01:37.904,49.8700,1
39697916248627,11:01:37.916,49.8700,1
39698727303978,11:01:38.727,49.8700,98
39703975553496,11:01:43.975,49.8700,100
39703986696096,11:01:43.986,49.8700,1
39722187231128,11:02:02.187,49.8700,22
39789766119679,11:03:09.766,49.8600,100
39789770442195,11:03:09.770,49.8500,100
39841801112740,11:04:01.801,49.8400,100
39841801209684,11:04:01.801,49.8400,28
39886448501615,11:04:46.448,49.8700,1
39886448530250,11:04:46.448,49.8700,99
39900852762311,11:05:00.852,49.9400,100
39907021718671,11:05:07.021,49.9400,44
39907021718671,11:05:07.021,49.9400,12
39907021756385,11:05:07.021,49.9400,50
39907021756385,11:05:07.021,49.9400,50
39907021859528,11:05:07.021,49.9400,50
39958598960955,11:05:58.598,49.9100,1
39960810141553,11:06:00.810,49.8900,100
39960810141553,11:06:00.810,49.8900,100
39975854099374,11:06:15.854,49.9100,99
40027792809356,11:07:07.792,49.9900,100
40035793115347,11:07:15.793,50.0200,2
40035793880335,11:07:15.793,50.0200,50
40035793906393,11:07:15.793,50.0200,48
40035802016820,11:07:15.802,50.0400,100
40038414479853,11:07:18.414,50.0500,100
40061095578693,11:07:41.095,50.0100,100
40258437760529,11:10:58.437,50.0700,100
40258437760529,11:10:58.437,50.0700,66
40258439758522,11:10:58.439,50.0900,100
40281800182900,11:11:21.800,50.1500,100
40297865116138,11:11:37.865,50.1100,16
40297865116138,11:11:37.865,50.1100,2
40297865116138,11:11:37.865,50.1100,5
40297865116138,11:11:37.865,50.1100,33
40297865261194,11:11:37.865,50.0900,44
40297865267263,11:11:37.865,50.0900,6
40297865267763,11:11:37.865,50.0900,50
40297866303281,11:11:37.866,50.1100,100
40302794665978,11:11:42.794,50.0900,200
40302794774250,11:11:42.794,50.0900,36
40385781313091,11:13:05.781,50.0300,100
40385781313091,11:13:05.781,50.0300,100
40385781591298,11:13:05.781,50.0200,100
40385789645236,11:13:05.789,50.0000,100
40385792076362,11:13:05.792,50.0000,31
40385819121012,11:13:05.819,49.9800,100
40385819121012,11:13:05.819,49.9800,69
40388783486834,11:13:08.783,49.9800,100
40388783823742,11:13:08.783,49.9800,100
40512282120243,11:15:12.282,50.0300,100
40679481665296,11:17:59.481,50.0900,50
40679481722695,11:17:59.481,50.0800,22
40679481722695,11:17:59.481,50.0800,24
40679481722695,11:17:59.481,50.0800,15
40687815444072,11:18:07.815,50.0700,25
40719027555009,11:18:39.027,49.9800,10
40782737654941,11:19:42.737,49.9800,36
40782738453478,11:19:42.738,49.9800,26
40782741117826,11:19:42.741,49.9800,36
40782741268158,11:19:42.741,49.9800,18
40782741315592,11:19:42.741,49.9800,8
40782741399613,11:19:42.741,49.9800,8
40785585637662,11:19:45.585,49.9800,30
40785585647158,11:19:45.585,49.9800,69
40785585647158,11:19:45.585,49.9700,31
40785585682894,11:19:45.585,49.9700,69
40785585854681,11:19:45.585,49.9600,2
40785585854681,11:19:45.585,49.9600,98
40785585869436,11:19:45.585,49.9600,2
40785585869436,11:19:45.585,49.9600,45
40785585922401,11:19:45.585,49.9600,24
40785585922401,11:19:45.585,49.9600,76
40785586016012,11:19:45.586,49.9600,11
40785586270321,11:19:45.586,49.9600,13
40785586284858,11:19:45.586,49.9600,13
40911456469605,11:21:51.456,50.0000,100
40911458378143,11:21:51.458,50.0400,100
40935022929050,11:22:15.022,50.0200,23
40935022929050,11:22:15.022,50.0200,18
40935022929050,11:22:15.022,50.0200,6
40935022929050,11:22:15.022,50.0200,12
40935022955768,11:22:15.022,50.0200,50
41201526766660,11:26:41.526,50.0700,100
41201526793129,11:26:41.526,50.0700,100
41201527468374,11:26:41.527,50.0400,20
41238113929094,11:27:18.113,50.0400,100
41257744500249,11:27:37.744,50.0000,13
41257744500249,11:27:37.744,50.0000,100
41257809066238,11:27:37.809,50.0000,57
41587250489060,11:33:07.250,50.0700,100
41587250489060,11:33:07.250,50.0700,100
41587278138127,11:33:07.278,50.0600,37
41587287894616,11:33:07.287,50.0300,48
41683495844491,11:34:43.495,50.0700,100
41683496331551,11:34:43.496,50.0700,100
41716536872444,11:35:16.536,50.0700,100
41716536977883,11:35:16.536,50.0700,100
41721026657297,11:35:21.026,50.0400,19
41721026657297,11:35:21.026,50.0400,37
41740605342520,11:35:40.605,50.0200,100
41740605491192,11:35:40.605,50.0100,71
41740605778390,11:35:40.605,50.0100,29
41748791878003,11:35:48.791,50.0200,100
41748792061421,11:35:48.792,50.0200,100
41793388382349,11:36:33.388,50.0000,14
41793388700126,11:36:33.388,50.0000,14
41793389458049,11:36:33.389,50.0000,14
41793389788140,11:36:33.389,50.0000,8
41793389788140,11:36:33.389,49.9900,6
41793389814354,11:36:33.389,49.9900,8
41793390361056,11:36:33.390,49.9700,100
41793391427359,11:36:33.391,49.9700,17
41793391427359,11:36:33.391,49.9700,8
41793391427359,11:36:33.391,49.9700,18
41793391427359,11:36:33.391,49.9700,10
41798027332952,11:36:38.027,49.9900,48
41821019905331,11:37:01.019,49.9900,100
41821020009956,11:37:01.020,49.9900,100
41821020196151,11:37:01.020,49.9900,40
41821020221876,11:37:01.020,49.9900,60
41821020248724,11:37:01.020,49.9900,100
41821020422426,11:37:01.020,49.9900,200
41821020422426,11:37:01.020,49.9900,18
41821020558124,11:37:01.020,49.9900,100
41821020565226,11:37:01.020,49.9900,100
41822005133764,11:37:02.005,49.9900,100
41835024118977,11:37:15.024,49.9900,100
41835092217613,11:37:15.092,49.9900,100
41867025903705,11:37:47.025,49.9900,77
41871246198829,11:37:51.246,49.9800,100
41885247808837,11:38:05.247,49.9800,100
41917534460751,11:38:37.534,50.0100,100
41920291369428,11:38:40.291,49.9900,100
41920291369428,11:38:40.291,49.9900,100
41920291369428,11:38:40.291,49.9900,100
41920292076097,11:38:40.292,49.9800,100
41920292076097,11:38:40.292,49.9800,100
41920292076097,11:38:40.292,49.9800,100
41920292076097,11:38:40.292,49.9800,100
41978466877559,11:39:38.466,49.9900,100
41978466880623,11:39:38.466,49.9900,100
41978466907166,11:39:38.466,49.9900,100
41978466936706,11:39:38.466,49.9900,100
41978968479193,11:39:38.968,49.9800,200
41979075964239,11:39:39.075,49.9800,50
41979076008011,11:39:39.076,49.9800,50
42041735160215,11:40:41.735,49.9900,100
42041735341465,11:40:41.735,49.9900,100
42048841290365,11:40:48.841,49.9800,100
42058036606535,11:40:58.036,49.9900,100
42103067652986,11:41:43.067,49.9600,100
42108101533710,11:41:48.101,49.9900,100
42108101814957,11:41:48.101,49.9900,24
42108102294772,11:41:48.102,49.9900,45
42108102321294,11:41:48.102,49.9900,31
42108102321294,11:41:48.102,49.9900,100
42108102497952,11:41:48.102,49.9900,48
42108110310665,11:41:48.110,50.0100,100
42108110310665,11:41:48.110,50.0100,100
42110888212870,11:41:50.888,50.0100,100
42110888706935,11:41:50.888,50.0100,100
42110888742225,11:41:50.888,50.0100,100
42110889132721,11:41:50.889,50.0100,100
42114040972097,11:41:54.040,50.0100,100
42126793146046,11:42:06.793,50.0500,100
42129792937483,11:42:09.792,50.0600,100
42129792937483,11:42:09.792,50.0600,100
42130293024658,11:42:10.293,50.0700,200
42136189941640,11:42:16.189,50.0600,100
42136189941640,11:42:16.189,50.0600,100
42136191452366,11:42:16.191,50.0700,200
42162525472702,11:42:42.525,50.0500,21
42185574595045,11:43:05.574,50.0600,100
42185574649472,11:43:05.574,50.0600,100
42185574667888,11:43:05.574,50.0600,100
42280969480335,11:44:40.969,50.0700,9
42280969480335,11:44:40.969,50.0700,7
42280969480335,11:44:40.969,50.0700,5
42280969480335,11:44:40.969,50.0700,79
42493060899006,11:48:13.060,50.1200,100
42568285228733,11:49:28.285,50.1100,400
42574589672888,11:49:34.589,50.1000,100
42574589672888,11:49:34.589,50.1000,100
42583874424519,11:49:43.874,50.0900,15
42583874424519,11:49:43.874,50.0900,100
42583874424519,11:49:43.874,50.0900,32
42613065249709,11:50:13.065,50.0900,100
42613065339387,11:50:13.065,50.0800,100
42613065339387,11:50:13.065,50.0800,100
42613066114086,11:50:13.066,50.0700,100
42613066139871,11:50:13.066,50.0700,100
42613066899950,11:50:13.066,50.0700,100
42646392318803,11:50:46.392,50.0500,100
42647738017605,11:50:47.738,50.0400,100
42651647550160,11:50:51.647,50.0200,50
42651792177082,11:50:51.792,50.0200,50
42662793675922,11:51:02.793,50.0700,100
42809874282858,11:53:29.874,50.1000,100
42809874282858,11:53:29.874,50.1000,100
42911408099549,11:55:11.408,50.1200,100
42917162692507,11:55:17.162,50.1100,36
42917162692507,11:55:17.162,50.1100,1
42917162692507,11:55:17.162,50.1100,8
42917162692507,11:55:17.162,50.1100,21
42917163491730,11:55:17.163,50.1100,50
43286059494757,12:01:26.059,50.1700,1
43311240400105,12:01:51.240,50.1600,1
43317482721444,12:01:57.482,50.1600,200
43332166965990,12:02:12.166,50.1700,100
43356684094898,12:02:36.684,50.1800,100
43356684094898,12:02:36.684,50.1800,100
43358362246586,12:02:38.362,50.1800,1
43369520950195,12:02:49.520,50.1600,67
43369520950195,12:02:49.520,50.1600,27
43369520950195,12:02:49.520,50.1600,11
43405268616361,12:03:25.268,50.1400,8
43450712732228,12:04:10.712,50.1000,12
43450712732228,12:04:10.712,50.1000,11
43578114846915,12:06:18.114,50.1100,100
43701971561355,12:08:21.971,50.1800,99
43701971561355,12:08:21.971,50.1800,1
43750700819593,12:09:10.700,50.1800,1
43750701083317,12:09:10.701,50.1800,99
43755625157619,12:09:15.625,50.1900,100
43762580216786,12:09:22.580,50.2000,218
43762580216786,12:09:22.580,50.2000,100
43762580216786,12:09:22.580,50.2000,100
43762580621505,12:09:22.580,50.2100,100
43762581829343,12:09:22.581,50.2200,100
43762582148341,12:09:22.582,50.2200,100
43764793177826,12:09:24.793,50.2300,100
43770953384318,12:09:30.953,50.2500,80
43770953410252,12:09:30.953,50.2500,100
43821069207977,12:10:21.069,50.2700,1
43821070735773,12:10:21.070,50.2700,1
43830985424548,12:10:30.985,50.2700,1
43878039263296,12:11:18.039,50.2700,1
43883906629078,12:11:23.906,50.2800,1
43883906656926,12:11:23.906,50.2800,99
43935010923611,12:12:15.010,50.3100,2
43986925605670,12:13:06.925,50.3500,100
44000935371519,12:13:20.935,50.3600,1
44000936876835,12:13:20.936,50.3600,1
44015816801695,12:13:35.816,50.3600,1
44015818204305,12:13:35.818,50.3600,1
44018358655701,12:13:38.358,50.3600,100
44045289163904,12:14:05.289,50.3600,100
44054521161761,12:14:14.521,50.3200,6
44054521161761,12:14:14.521,50.3200,30
44054522424967,12:14:14.522,50.3500,100
44057722518538,12:14:17.722,50.3400,100
44102732289682,12:15:02.732,50.3500,100
44102733351299,12:15:02.733,50.3500,100
44112742769812,12:15:12.742,50.3600,100
44112743111389,12:15:12.743,50.3500,12
44112743150315,12:15:12.743,50.3500,39
44112743168178,12:15:12.743,50.3500,12
44112743174371,12:15:12.743,50.3600,100
44112743411286,12:15:12.743,50.3500,37
44112748832887,12:15:12.748,50.3400,100
44189569199145,12:16:29.569,50.3700,15
44189569243014,12:16:29.569,50.3700,85
44195515311864,12:16:35.515,50.3800,100
44260793563466,12:17:40.793,50.4000,100
44260793563466,12:17:40.793,50.4000,100
44275618020779,12:17:55.618,50.4100,15
44290361902334,12:18:10.361,50.4100,100
44290398444838,12:18:10.398,50.3800,2
44290398444838,12:18:10.398,50.3800,100
44344592000639,12:19:04.592,50.3400,100
44575618001766,12:22:55.618,50.4300,100
44600327687456,12:23:20.327,50.4300,1
44650294008794,12:24:10.294,50.4800,1
44650295336430,12:24:10.295,50.4800,1
44656019183952,12:24:16.019,50.4700,1
44674011403616,12:24:34.011,50.4700,1
44674169699890,12:24:34.169,50.4700,1
44692874259352,12:24:52.874,50.4400,4
44692874940954,12:24:52.874,50.4400,2
44704713759235,12:25:04.713,50.4400,100
44723683028746,12:25:23.683,50.4800,1
44723696436300,12:25:23.696,50.4800,1
44727357843102,12:25:27.357,50.4800,1
44727413519899,12:25:27.413,50.4800,1
44727414920564,12:25:27.414,50.4800,1
44727416353061,12:25:27.416,50.4800,1
44738066846509,12:25:38.066,50.4700,1
44738068198907,12:25:38.068,50.4700,1
44738069532485,12:25:38.069,50.4700,1
44738070849457,12:25:38.070,50.4700,1
44747263186689,12:25:47.263,50.4700,1
44747264536640,12:25:47.264,50.4700,1
44747265911741,12:25:47.265,50.4700,1
44747267323427,12:25:47.267,50.4700,1
44747268644989,12:25:47.268,50.4700,1
44747270079161,12:25:47.270,50.4700,1
44747271410490,12:25:47.271,50.4700,1
44780134157203,12:26:20.134,50.4700,100
44825617571335,12:27:05.617,50.4800,100
44825617571335,12:27:05.617,50.4800,100
44866011624755,12:27:46.011,50.4600,21
44866011624755,12:27:46.011,50.4600,38
44866011624755,12:27:46.011,50.4600,42
44866018000139,12:27:46.018,50.4400,100
44866037236789,12:27:46.037,50.4400,100
44866037236789,12:27:46.037,50.4300,100
44969794182931,12:29:29.794,50.4400,30
44974793166002,12:29:34.793,50.4600,100
44982792636707,12:29:42.792,50.4700,100
45020337322569,12:30:20.337,50.4600,100
45020337383084,12:30:20.337,50.4600,100
45020337404662,12:30:20.337,50.4600,100
45072291407166,12:31:12.291,50.4500,4
45072291407166,12:31:12.291,50.4500,19
45072291407166,12:31:12.291,50.4500,2
45072291407166,12:31:12.291,50.4500,17
45072585868296,12:31:12.585,50.4500,30
45072585895670,12:31:12.585,50.4500,6
45148680845600,12:32:28.680,50.4300,31
45148680973604,12:32:28.680,50.4300,31
45148680989294,12:32:28.680,50.4300,31
45148681266358,12:32:28.681,50.4300,31
45148685672941,12:32:28.685,50.4300,31
45148685977604,12:32:28.685,50.4300,31
45148686027617,12:32:28.686,50.4300,14
45148686027617,12:32:28.686,50.4200,5
45148686201466,12:32:28.686,50.4200,9
45148686201466,12:32:28.686,50.4200,10
45148686201466,12:32:28.686,50.4200,7
45148686201466,12:32:28.686,50.4100,5
45237093371791,12:33:57.093,50.3700,100
45247275896724,12:34:07.275,50.4200,100
45247276171743,12:34:07.276,50.4100,100
45294446238369,12:34:54.446,50.4200,12
45294446238369,12:34:54.446,50.4200,9
45294446238369,12:34:54.446,50.4200,6
45294446238369,12:34:54.446,50.4200,13
45321155369514,12:35:21.155,50.4200,100
45354944773851,12:35:54.944,50.4200,11
45354944773851,12:35:54.944,50.4200,100
45366450886358,12:36:06.450,50.3900,7
45366450886358,12:36:06.450,50.3700,100
45431789727617,12:37:11.789,50.4100,37
45431789753853,12:37:11.789,50.4100,63
45555625525112,12:39:15.625,50.4400,100
45555626289245,12:39:15.626,50.4500,100
45555672190268,12:39:15.672,50.4700,6
45555672232258,12:39:15.672,50.4700,94
45555672232258,12:39:15.672,50.4800,100
45555672232258,12:39:15.672,50.4800,6
45555672262451,12:39:15.672,50.4800,94
45555691699302,12:39:15.691,50.4600,52
45667074788179,12:41:07.074,50.4800,10
45667076180845,12:41:07.076,50.4800,100
45680776571689,12:41:20.776,50.4500,100
45680776602614,12:41:20.776,50.4500,100
45680776607507,12:41:20.776,50.4500,100
45680776631206,12:41:20.776,50.4500,50
45680777028976,12:41:20.777,50.4500,50
45680887462815,12:41:20.887,50.4300,100
45680887870225,12:41:20.887,50.4300,100
45680887890662,12:41:20.887,50.4300,100
45680887907015,12:41:20.887,50.4300,100
45683047176862,12:41:23.047,50.4200,100
45683048050573,12:41:23.048,50.4200,100
45683048071075,12:41:23.048,50.4200,58
45683048219325,12:41:23.048,50.4200,7
45683048238995,12:41:23.048,50.4200,100
45683048334771,12:41:23.048,50.4200,5
45708551811180,12:41:48.551,50.4100,100
45708552812519,12:41:48.552,50.4100,100
45711509459204,12:41:51.509,50.3900,4
45717918142967,12:41:57.918,50.3900,6
45781504097086,12:43:01.504,50.4600,194
45781504123998,12:43:01.504,50.4600,6
45798208871774,12:43:18.208,50.4400,29
45882248335174,12:44:42.248,50.4700,100
45882248850775,12:44:42.248,50.4700,50
45882251185536,12:44:42.251,50.4600,100
46038164074912,12:47:18.164,50.4350,27
46038164158781,12:47:18.164,50.4300,27
46038165664943,12:47:18.165,50.4300,1
46064733399142,12:47:44.733,50.4100,3
46064733413392,12:47:44.733,50.4000,50
46064733450863,12:47:44.733,50.4000,50
46110965916589,12:48:30.965,50.3900,17
46230452486438,12:50:30.452,50.4100,147
46230452491455,12:50:30.452,50.4100,3
46230455217503,12:50:30.455,50.4100,100
46230462387775,12:50:30.462,50.4000,100
46480218498887,12:54:40.218,50.4400,31
46480991151588,12:54:40.991,50.4400,22
46534073552057,12:55:34.073,50.4300,26
46534999426118,12:55:34.999,50.4300,22
46535010103440,12:55:35.010,50.4200,100
46535059767281,12:55:35.059,50.4100,100
46535081290060,12:55:35.081,50.3600,200
46535991588998,12:55:35.991,50.3500,100
46535991588998,12:55:35.991,50.3500,100
46722465006946,12:58:42.465,50.4200,100
46722468000109,12:58:42.468,50.4300,85
46722468026557,12:58:42.468,50.4300,15
46722468057335,12:58:42.468,50.4300,15
46723126946605,12:58:43.126,50.4300,200
46723126946605,12:58:43.126,50.4300,57
46723130496810,12:58:43.130,50.4100,100
46730699279817,12:58:50.699,50.4100,18
46819157880811,13:00:19.157,50.3900,12
46877284646319,13:01:17.284,50.4000,100
46877285565155,13:01:17.285,50.3900,4
46931188588912,13:02:11.188,50.4100,2
46931188615984,13:02:11.188,50.4100,98
46931188615984,13:02:11.188,50.4100,100
46931188712466,13:02:11.188,50.4100,100
46931188726636,13:02:11.188,50.4100,100
46931188729170,13:02:11.188,50.4100,100
46931192574095,13:02:11.192,50.4100,100
46934282007457,13:02:14.282,50.4100,100
46953601775155,13:02:33.601,50.3900,5
46953601775155,13:02:33.601,50.3900,4
46953601775155,13:02:33.601,50.3900,12
46953601775155,13:02:33.601,50.3900,47
46956974230457,13:02:36.974,50.3900,65
46966706009184,13:02:46.706,50.3900,35
47000633170701,13:03:20.633,50.4100,100
47000633272065,13:03:20.633,50.4100,100
47000633787415,13:03:20.633,50.4100,30
47016291925155,13:03:36.291,50.4100,70
47016291925155,13:03:36.291,50.4100,30
47021488340649,13:03:41.488,50.4000,100
47210891386592,13:06:50.891,50.4000,100
47210891533282,13:06:50.891,50.4000,100
47273458259853,13:07:53.458,50.4000,1
47278050226867,13:07:58.050,50.4000,1
47278712939023,13:07:58.712,50.4000,1
47283806932567,13:08:03.806,50.4000,1
47284525618259,13:08:04.525,50.4000,1
47289062715620,13:08:09.062,50.4000,1
47304068931670,13:08:24.068,50.4000,1
47304591541032,13:08:24.591,50.4000,1
47305179279288,13:08:25.179,50.4000,1
47305775901497,13:08:25.775,50.4000,1
47305775929322,13:08:25.775,50.4000,90
47305775929322,13:08:25.775,50.4000,100
47315520789562,13:08:35.520,50.3900,5
47315521521527,13:08:35.521,50.3900,8
47315521521527,13:08:35.521,50.3900,12
47315521521527,13:08:35.521,50.3900,48
47315521521527,13:08:35.521,50.3900,11
47348568408677,13:09:08.568,50.3900,1
47444780243716,13:10:44.780,50.3900,99
47444780344635,13:10:44.780,50.3900,99
47444780534384,13:10:44.780,50.3900,99
47444780625134,13:10:44.780,50.3900,2
47445727734749,13:10:45.727,50.3800,100
47445727770526,13:10:45.727,50.3800,9
47445735349289,13:10:45.735,50.3800,200
47455326142101,13:10:55.326,50.3700,74
47455326167604,13:10:55.326,50.3700,26
47458307499291,13:10:58.307,50.3700,13
47563196874480,13:12:43.196,50.3700,4
47563196898794,13:12:43.196,50.3700,83
47570784565379,13:12:50.784,50.3700,100
47570784565379,13:12:50.784,50.3700,100
47582821743980,13:13:02.821,50.3600,13
47582821743980,13:13:02.821,50.3600,8
47582821743980,13:13:02.821,50.3600,6
47582821743980,13:13:02.821,50.3600,7
47582823163744,13:13:02.823,50.3500,100
47884539240785,13:18:04.539,50.4000,1
47957827714733,13:19:17.827,50.3700,100
47957828515753,13:19:17.828,50.3400,55
47957828540069,13:19:17.828,50.3400,45
48059075921919,13:20:59.075,50.3300,9
48059075921919,13:20:59.075,50.3300,9
48059075921919,13:20:59.075,50.3300,6
48059075921919,13:20:59.075,50.3300,8
48494296035771,13:28:14.296,50.3400,100
48531778934313,13:28:51.778,50.3700,1
48542371778890,13:29:02.371,50.3300,3
48542371778890,13:29:02.371,50.3300,10
48542371778890,13:29:02.371,50.3300,67
48544234062307,13:29:04.234,50.3100,100
48566354078548,13:29:26.354,50.2800,100
48693764114096,13:31:33.764,50.2700,85
48693764114096,13:31:33.764,50.2700,100
48730276134878,13:32:10.276,50.2700,100
48820359470505,13:33:40.359,50.2850,100
48848580954249,13:34:08.580,50.2700,13
48848580954249,13:34:08.580,50.2700,100
49153736992641,13:39:13.736,50.2700,26
49271102855763,13:41:11.102,50.2600,1
49285057613674,13:41:25.057,50.2300,100
49353894170559,13:42:33.894,50.2000,100
49353894170559,13:42:33.894,50.2000,100
49385091396535,13:43:05.091,50.1700,100
49385091396535,13:43:05.091,50.1500,200
49385091396535,13:43:05.091,50.1500,100
49385091396535,13:43:05.091,50.1500,100
49385091396535,13:43:05.091,50.1500,100
49385410688084,13:43:05.410,50.1500,100
49396834576684,13:43:16.834,50.1500,1
49410415131259,13:43:30.415,50.1500,100
49432558718880,13:43:52.558,50.1500,1
49434787045408,13:43:54.787,50.1500,1
49434806908036,13:43:54.806,50.1500,1
49443222698413,13:44:03.222,50.1500,1
49523644283673,13:45:23.644,50.1600,100
49552287487336,13:45:52.287,50.2000,1
49553610591713,13:45:53.610,50.2000,1
49570835995890,13:46:10.835,50.2300,10
49579959326524,13:46:19.959,50.2400,1
49586594859563,13:46:26.594,50.2400,1
49642946644162,13:47:22.946,50.2400,97
49779221252444,13:49:39.221,50.2500,1
49779232842632,13:49:39.232,50.2500,1
49911445306913,13:51:51.445,50.2500,1
50043798639467,13:54:03.798,50.2200,100
50156522320519,13:55:56.522,50.2200,96
50156522634247,13:55:56.522,50.2200,4
50156522634247,13:55:56.522,50.2100,92
50156522648645,13:55:56.522,50.2100,96
50253145124261,13:57:33.145,50.2100,100
50281636754954,13:58:01.636,50.2200,100
50321661737730,13:58:41.661,50.2600,1
50321661763861,13:58:41.661,50.2600,99
50390095601160,13:59:50.095,50.2700,100
50402723745857,14:00:02.723,50.2100,100
50402723774748,14:00:02.723,50.2100,12
50402723774748,14:00:02.723,50.2100,88
50410071266099,14:00:10.071,50.2500,100
50413012846539,14:00:13.012,50.2700,100
50413017265964,14:00:13.017,50.2800,50
50417591425018,14:00:17.591,50.2400,20
50417591425018,14:00:17.591,50.2400,36
50495683783509,14:01:35.683,50.2500,600
50512556041962,14:01:52.556,50.2000,3
50514571150376,14:01:54.571,50.2000,9
50514571586590,14:01:54.571,50.2000,100
50514571769204,14:01:54.571,50.2000,88
50514571769204,14:01:54.571,50.2000,12
50515784967348,14:01:55.784,50.2000,9
50515784967897,14:01:55.784,50.2000,100
50528022296574,14:02:08.022,50.2100,100
50528022649663,14:02:08.022,50.2100,27
50542899373333,14:02:22.899,50.1700,91
50547476610065,14:02:27.476,50.2200,97
50547476612653,14:02:27.476,50.2200,3
50617991248875,14:03:37.991,50.2600,100
50686519971331,14:04:46.519,50.2900,100
50702123700682,14:05:02.123,50.3400,100
50702123700682,14:05:02.123,50.3400,100
50702125014024,14:05:02.125,50.3600,20
50715235034802,14:05:15.235,50.3900,98
50715235063040,14:05:15.235,50.3900,2
50715235231097,14:05:15.235,50.3800,100
50715718005048,14:05:15.718,50.3800,10
50726997472591,14:05:26.997,50.3400,33
50726997472591,14:05:26.997,50.3300,100
50726997472591,14:05:26.997,50.3300,100
50778336597165,14:06:18.336,50.2800,100
50778336597165,14:06:18.336,50.2800,100
50925316833854,14:08:45.316,50.2700,100
50925316833854,14:08:45.316,50.2700,94
50925319717951,14:08:45.319,50.2600,100
50925319737587,14:08:45.319,50.2600,6
50925319859677,14:08:45.319,50.2500,100
50963075197064,14:09:23.075,50.2300,100
50963075197064,14:09:23.075,50.2300,100
50963075197064,14:09:23.075,50.2300,100
50963075197064,14:09:23.075,50.2300,600
50963075878000,14:09:23.075,50.2100,100
50981259570478,14:09:41.259,50.2000,9
51285092454447,14:14:45.092,50.2800,100
51285092454447,14:14:45.092,50.2800,100
51285124350800,14:14:45.124,50.2900,1
51285124375666,14:14:45.124,50.2900,9
51285124375666,14:14:45.124,50.2900,90
51300207408911,14:15:00.207,50.3000,100
51300207408911,14:15:00.207,50.3000,100
51300265036691,14:15:00.265,50.3000,100
51300782227275,14:15:00.782,50.2900,100
51301586188861,14:15:01.586,50.2900,37
51339422143138,14:15:39.422,50.3400,100
51339722856737,14:15:39.722,50.3600,1
51339722881711,14:15:39.722,50.3600,99
51339722881711,14:15:39.722,50.3600,100
51376183516587,14:16:16.183,50.4000,1
51376183543793,14:16:16.183,50.4000,99
51427675025627,14:17:07.675,50.4100,100
51435194575967,14:17:15.194,50.4000,100
51435194699417,14:17:15.194,50.3900,14
51435194757043,14:17:15.194,50.3900,26
51435195868704,14:17:15.195,50.4000,90
51435195924079,14:17:15.195,50.4000,10
51435195992172,14:17:15.195,50.4100,100
51435197336606,14:17:15.197,50.4200,100
51443321053946,14:17:23.321,50.4200,100
51443321689085,14:17:23.321,50.4200,10
51443323081348,14:17:23.323,50.4200,200
51443323081348,14:17:23.323,50.4200,100
51515475870581,14:18:35.475,50.4700,100
51515475971926,14:18:35.475,50.4700,100
51515476538070,14:18:35.476,50.4800,100
51515477839989,14:18:35.477,50.4600,100
51515480143780,14:18:35.480,50.4600,100
51515480143780,14:18:35.480,50.4600,10
51515480143780,14:18:35.480,50.4600,20
51515480446586,14:18:35.480,50.4600,20
51515480854290,14:18:35.480,50.4400,100
51515481250121,14:18:35.481,50.4400,62
51515542120128,14:18:35.542,50.4600,10
51515542697684,14:18:35.542,50.4600,29
51516745899880,14:18:36.745,50.4400,27
51518160441961,14:18:38.160,50.4200,100
51518160669046,14:18:38.160,50.4100,50
51582276363880,14:19:42.276,50.4200,71
51635699974092,14:20:35.699,50.4300,6
51635699974092,14:20:35.699,50.4300,80
51635699974092,14:20:35.699,50.4300,13
51635699974092,14:20:35.699,50.4300,1
51803848340135,14:23:23.848,50.4750,200
51954077037166,14:25:54.077,50.4700,100
51954077280458,14:25:54.077,50.4600,8
51954077280458,14:25:54.077,50.4600,51
51954077280458,14:25:54.077,50.4600,13
51954077280458,14:25:54.077,50.4600,100
51963070248347,14:26:03.070,50.4700,45
51963070259251,14:26:03.070,50.4700,50
52028634949533,14:27:08.634,50.4400,27
52028634949533,14:27:08.634,50.4400,23
52028634949533,14:27:08.634,50.4400,2
52028634949533,14:27:08.634,50.4400,48
52028635314867,14:27:08.635,50.4400,52
52028635919677,14:27:08.635,50.4400,16
52034411400747,14:27:14.411,50.4400,6
52051447484942,14:27:31.447,50.4400,35
52270776036105,14:31:10.776,50.4150,200
52275200110875,14:31:15.200,50.4150,100
52281359508953,14:31:21.359,50.4000,8
52281359508953,14:31:21.359,50.4000,4
52281359508953,14:31:21.359,50.4000,55
52281359508953,14:31:21.359,50.4000,33
52281359606757,14:31:21.359,50.4000,67
52281360311759,14:31:21.360,50.3900,100
52281360924470,14:31:21.360,50.3900,15
52281768082041,14:31:21.768,50.3700,100
52312849861444,14:31:52.849,50.3100,86
52323656815971,14:32:03.656,50.2800,100
52443133260476,14:34:03.133,50.3000,50
52443133266872,14:34:03.133,50.3000,39
52443133266872,14:34:03.133,50.3000,61
52443133296732,14:34:03.133,50.3000,6
52570761507900,14:36:10.761,50.3150,1000
52572340839824,14:36:12.340,50.2900,100
52610403529290,14:36:50.403,50.2700,100
52627676140739,14:37:07.676,50.2500,6
52639374146343,14:37:19.374,50.2650,200
52639376547178,14:37:19.376,50.2300,18
52639377193315,14:37:19.377,50.2300,10
52762356782379,14:39:22.356,50.2800,100
52762356860695,14:39:22.356,50.2800,100
52762357115349,14:39:22.357,50.2700,50
52800123171316,14:40:00.123,50.3100,10
52805639456699,14:40:05.639,50.2900,18
52807346531302,14:40:07.346,50.3000,100
52896600529919,14:41:36.600,50.3000,300
52995934605000,14:43:15.934,50.3000,6
52995935027649,14:43:15.935,50.3000,6
52995935188244,14:43:15.935,50.3000,8
52995935624747,14:43:15.935,50.3000,2
53042061835453,14:44:02.061,50.3300,100
53073366705208,14:44:33.366,50.3400,2
53073409340488,14:44:33.409,50.3600,1
53075310650056,14:44:35.310,50.3700,100
53127529631636,14:45:27.529,50.3650,200
53127530172576,14:45:27.530,50.3900,2
53160491665882,14:46:00.491,50.3700,100
53190091737173,14:46:30.091,50.3900,1
53217704365661,14:46:57.704,50.4000,100
53222304187801,14:47:02.304,50.4100,1
53222305743030,14:47:02.305,50.4100,1
53225917029047,14:47:05.917,50.4000,100
53228566442699,14:47:08.566,50.4100,1
53228578038728,14:47:08.578,50.4100,1
53228589630681,14:47:08.589,50.4100,1
53228938039834,14:47:08.938,50.3700,69
53228938700031,14:47:08.938,50.4000,1
53240442039770,14:47:20.442,50.4200,1
53471328142434,14:51:11.328,50.3900,1
53494125061800,14:51:34.125,50.3700,54
53494125061800,14:51:34.125,50.3700,46
53509410586539,14:51:49.410,50.3900,1
53537347622002,14:52:17.347,50.4100,100
53542068157353,14:52:22.068,50.4300,1
53543310991071,14:52:23.310,50.4400,8
53545579629351,14:52:25.579,50.4300,21
53545579629351,14:52:25.579,50.4300,15
53545579629351,14:52:25.579,50.4300,46
53545579629351,14:52:25.579,50.4300,15
53690541985258,14:54:50.541,50.4200,17
53724078529479,14:55:24.078,50.4200,100
53725006482258,14:55:25.006,50.4200,100
53725903933639,14:55:25.903,50.4200,83
53729829367985,14:55:29.829,50.4000,100
53730673742421,14:55:30.673,50.4100,100
53749298578521,14:55:49.298,50.4400,100
53773561779167,14:56:13.561,50.4100,200
53778350486024,14:56:18.350,50.4000,199
53778350512916,14:56:18.350,50.4000,1
53823007349967,14:57:03.007,50.4000,42
53823007349967,14:57:03.007,50.4000,8
53830042318936,14:57:10.042,50.3800,2
53830042345375,14:57:10.042,50.3800,14
53851718378450,14:57:31.718,50.3800,43
53897349841969,14:58:17.349,50.3900,41
53958064836485,14:59:18.064,50.3800,54
53958064836485,14:59:18.064,50.3800,5
53958064836485,14:59:18.064,50.3800,3
53958066094667,14:59:18.066,50.3800,100
54022349117408,15:00:22.349,50.4200,100
54023393268935,15:00:23.393,50.4300,100
54064008488636,15:01:04.008,50.4100,100
54067823250481,15:01:07.823,50.4100,100
54075287423927,15:01:15.287,50.4000,17
54075287423927,15:01:15.287,50.4000,18
54075287423927,15:01:15.287,50.4000,9
54193467429618,15:03:13.467,50.3800,6
54193467429618,15:03:13.467,50.3800,22
54193468167992,15:03:13.468,50.3800,21
54193468313535,15:03:13.468,50.3700,78
54193468962221,15:03:13.468,50.3700,22
54193469502672,15:03:13.469,50.3700,32
54264046734354,15:04:24.046,50.3500,19
54297350147755,15:04:57.350,50.3500,100
54297350965362,15:04:57.350,50.3600,33
54297352539042,15:04:57.352,50.3700,100
54351763648562,15:05:51.763,50.3400,28
54351763648562,15:05:51.763,50.3400,10
54351763652925,15:05:51.763,50.3400,2
54387336538666,15:06:27.336,50.3300,41
54387847307330,15:06:27.847,50.3200,11
54437445149855,15:07:17.445,50.3000,53
54437445611333,15:07:17.445,50.3000,53
54472346871519,15:07:52.346,50.3200,100
54483141471864,15:08:03.141,50.3300,100
54571020529327,15:09:31.020,50.3100,100
54571061628742,15:09:31.061,50.3000,16
54571061628742,15:09:31.061,50.3000,15
54571061628742,15:09:31.061,50.3000,4
54635859929569,15:10:35.859,50.2500,133
54635859999653,15:10:35.859,50.2500,67
54635859999653,15:10:35.859,50.2400,23
54635859999653,15:10:35.859,50.2400,43
54635860026469,15:10:35.860,50.2400,57
54635860026469,15:10:35.860,50.2400,10
54636860918782,15:10:36.860,50.2400,61
54636860918782,15:10:36.860,50.2400,39
54666432566346,15:11:06.432,50.2200,100
54666432566346,15:11:06.432,50.2200,100
54685044149001,15:11:25.044,50.2200,28
54685044177130,15:11:25.044,50.2200,72
54796796747882,15:13:16.796,50.2300,100
54822350589041,15:13:42.350,50.2500,100
54822350614580,15:13:42.350,50.2500,48
54883053554534,15:14:43.053,50.2700,100
54883053579327,15:14:43.053,50.2700,100
54883053597155,15:14:43.053,50.2700,200
54883057003694,15:14:43.057,50.2700,53
54888259474984,15:14:48.259,50.2800,100
54906816356773,15:15:06.816,50.2500,16
54908361798369,15:15:08.361,50.2400,3
54912812876707,15:15:12.812,50.2300,8
54912812904991,15:15:12.812,50.2300,25
54912812904991,15:15:12.812,50.2300,100
54912812933161,15:15:12.812,50.2300,100
54913974167600,15:15:13.974,50.2100,100
54913974451712,15:15:13.974,50.2100,100
54913974451712,15:15:13.974,50.2100,100
54913974672967,15:15:13.974,50.2000,100
54914126059457,15:15:14.126,50.1900,100
54915253340993,15:15:15.253,50.1900,10
54915253340993,15:15:15.253,50.1900,90
54915253377322,15:15:15.253,50.1900,10
54937624009404,15:15:37.624,50.2400,100
54957686335252,15:15:57.686,50.2900,100
54959135069168,15:15:59.135,50.2900,100
54960342275268,15:16:00.342,50.2800,100
54960342301939,15:16:00.342,50.2800,100
54960455144739,15:16:00.455,50.2800,100
54960574117816,15:16:00.574,50.2500,100
54960740067383,15:16:00.740,50.2500,100
54977520602205,15:16:17.520,50.3100,10
54977520602205,15:16:17.520,50.3300,10
54977520602205,15:16:17.520,50.3300,80
54996813555866,15:16:36.813,50.2700,23
54996813598316,15:16:36.813,50.2700,77
55013721040672,15:16:53.721,50.2900,100
55015542499862,15:16:55.542,50.2900,100
55016972604938,15:16:56.972,50.2900,100
55018014846498,15:16:58.014,50.3000,100
55261008187775,15:21:01.008,50.3500,25
55264898409876,15:21:04.898,50.3500,100
55264912852922,15:21:04.912,50.3500,100
55273450899268,15:21:13.450,50.3500,1
55287565186074,15:21:27.565,50.3500,7
55287566307398,15:21:27.566,50.3500,7
55287567426659,15:21:27.567,50.3500,7
55287567979104,15:21:27.567,50.3500,7
55287568005535,15:21:27.568,50.3500,69
55322133115566,15:22:02.133,50.3400,1
55322134612855,15:22:02.134,50.3400,1
55322136030292,15:22:02.136,50.3400,1
55322621279067,15:22:02.621,50.3200,25
55322621279067,15:22:02.621,50.3200,25
55322621287222,15:22:02.621,50.3200,44
55322621287222,15:22:02.621,50.3200,3
55322621287222,15:22:02.621,50.3200,2
55322621303047,15:22:02.621,50.3200,2
55388618903250,15:23:08.618,50.3100,100
55388619464182,15:23:08.619,50.3100,100
55418792012425,15:23:38.792,50.3000,100
55418792196203,15:23:38.792,50.3000,100
55418792252681,15:23:38.792,50.3000,100
55447618085582,15:24:07.618,50.2800,1
55451087433467,15:24:11.087,50.2800,1
55452822118042,15:24:12.822,50.2800,1
55458918458422,15:24:18.918,50.2700,100
55477349825423,15:24:37.349,50.2900,100
55495759917276,15:24:55.759,50.3000,100
55495760441455,15:24:55.760,50.3100,80
55495760466869,15:24:55.760,50.3100,20
55495760714267,15:24:55.760,50.3200,100
55495764481710,15:24:55.764,50.3200,10
55508367012259,15:25:08.367,50.3200,10
55526438006046,15:25:26.438,50.3400,200
55526438446220,15:25:26.438,50.3500,100
55526438497912,15:25:26.438,50.3500,100
55526438508758,15:25:26.438,50.3500,99
55530577587402,15:25:30.577,50.3400,100
55530577614409,15:25:30.577,50.3400,100
55562349045664,15:26:02.349,50.3600,7
55562349045664,15:26:02.349,50.3600,93
55576597549217,15:26:16.597,50.3400,1
55576597549217,15:26:16.597,50.3200,99
55578166964887,15:26:18.166,50.3100,100
55602873502646,15:26:42.873,50.3200,100
55677346962659,15:27:57.346,50.3700,2
55682496651483,15:28:02.496,50.3600,200
55702348283968,15:28:22.348,50.3800,100
55706618962715,15:28:26.618,50.3800,1
55706620326757,15:28:26.620,50.3800,1
55706621720405,15:28:26.621,50.3800,1
55706623158020,15:28:26.623,50.3800,1
55706624476750,15:28:26.624,50.3800,1
55706659957136,15:28:26.659,50.3800,1
55710136308536,15:28:30.136,50.3800,1
55710137402668,15:28:30.137,50.3800,99
55710137402668,15:28:30.137,50.3800,1
55713133309065,15:28:33.133,50.3600,42
55713133309065,15:28:33.133,50.3600,58
55713134962291,15:28:33.134,50.3700,7
55737346994015,15:28:57.346,50.3800,100
55757474966660,15:29:17.474,50.3700,4
55757475018800,15:29:17.475,50.3700,10
55757475044659,15:29:17.475,50.3700,86
55757475317699,15:29:17.475,50.3700,6
55757475940562,15:29:17.475,50.3700,50
55757476615774,15:29:17.476,50.3700,8
55757476645603,15:29:17.476,50.3700,5
55757476674293,15:29:17.476,50.3700,32
55757476703467,15:29:17.476,50.3700,5
55757476703467,15:29:17.476,50.3700,13
55757476824854,15:29:17.476,50.3700,10
55757476950070,15:29:17.476,50.3700,28
55757494294845,15:29:17.494,50.3700,43
55758281977259,15:29:18.281,50.3600,100
55758341998855,15:29:18.341,50.3600,200
55786636811861,15:29:46.636,50.3700,100
55786636811861,15:29:46.636,50.3700,27
55786646022155,15:29:46.646,50.3700,73
55786653410280,15:29:46.653,50.3800,100
55807902877101,15:30:07.902,50.3600,40
55807902877101,15:30:07.902,50.3600,2
55807902877101,15:30:07.902,50.3600,100
55807902877101,15:30:07.902,50.3600,58
55807903728874,15:30:07.903,50.3600,100
55807903728874,15:30:07.903,50.3600,100
55807903728874,15:30:07.903,50.3600,10
55807903728874,15:30:07.903,50.3600,10
55807903728874,15:30:07.903,50.3600,42
55847350215267,15:30:47.350,50.3900,100
55873938234261,15:31:13.938,50.4100,18
55873946660611,15:31:13.946,50.3900,25
55882350290098,15:31:22.350,50.3900,100
55911050933313,15:31:51.050,50.3900,13
55919594461128,15:31:59.594,50.4200,4
55919594461128,15:31:59.594,50.4200,6
55919603046872,15:31:59.603,50.4200,93
55919621348880,15:31:59.621,50.4200,7
55920578475768,15:32:00.578,50.4200,93
55920578981050,15:32:00.578,50.4200,100
55920589303018,15:32:00.589,50.4100,100
55920591242340,15:32:00.591,50.4000,6
55920591242340,15:32:00.591,50.4000,1
55944330927459,15:32:24.330,50.4050,100
55947651109466,15:32:27.651,50.3900,100
56013900108547,15:33:33.900,50.4100,100
56047739201779,15:34:07.739,50.4000,8
56047739236342,15:34:07.739,50.4000,4
56047739236342,15:34:07.739,50.4000,40
56047739249172,15:34:07.739,50.4000,2
56062410372887,15:34:22.410,50.4000,98
56095260977205,15:34:55.260,50.4000,2
56112348838224,15:35:12.348,50.4000,200
56112354363053,15:35:12.354,50.3900,13
56112354363053,15:35:12.354,50.3900,16
56114449747215,15:35:14.449,50.3900,15
56114449747215,15:35:14.449,50.3900,10
56123326172277,15:35:23.326,50.3800,100
56137342117001,15:35:37.342,50.4100,100
56143661903115,15:35:43.661,50.4000,21
56155927048970,15:35:55.927,50.3700,59
56157883262216,15:35:57.883,50.3700,100
56162052284168,15:36:02.052,50.3600,49
56162052841758,15:36:02.052,50.3500,100
56206441982441,15:36:46.441,50.3850,4
56217981098246,15:36:57.981,50.4000,200
56237347861453,15:37:17.347,50.4000,61
56237347861453,15:37:17.347,50.4100,39
56262220515672,15:37:42.220,50.4100,16
56265584054675,15:37:45.584,50.4000,100
56315120192600,15:38:35.120,50.4000,37
56320452540329,15:38:40.452,50.3900,116
56323509383901,15:38:43.509,50.3900,100
56323509464539,15:38:43.509,50.3900,100
56348966899953,15:39:08.966,50.3800,100
56348967022827,15:39:08.967,50.3700,42
56392347268580,15:39:52.347,50.3700,100
56405411635672,15:40:05.411,50.3600,100
56432354137882,15:40:32.354,50.3900,100
56432354137882,15:40:32.354,50.4000,100
56435973714243,15:40:35.973,50.3800,100
56435973714243,15:40:35.973,50.3700,100
56468452335799,15:41:08.452,50.3500,42
56468452411833,15:41:08.452,50.3500,58
56468453164283,15:41:08.453,50.3500,15
56470722233599,15:41:10.722,50.3500,50
56492347699604,15:41:32.347,50.3700,100
56492365699760,15:41:32.365,50.3700,200
56492365699760,15:41:32.365,50.3700,15
56492953626970,15:41:32.953,50.3700,30
56523045885292,15:42:03.045,50.3800,3
56523045885292,15:42:03.045,50.4000,97
56542349843084,15:42:22.349,50.3950,28
56542349843084,15:42:22.349,50.4100,72
56547796386235,15:42:27.796,50.3900,100
56547817912055,15:42:27.817,50.3800,21
56547817912055,15:42:27.817,50.3800,21
56547817912055,15:42:27.817,50.3800,25
56547817912055,15:42:27.817,50.3800,2
56547821436666,15:42:27.821,50.3600,18
56607356550367,15:43:27.356,50.4100,100
56647348784087,15:44:07.348,50.4100,100
56647348784087,15:44:07.348,50.4100,12
56647348784087,15:44:07.348,50.4100,88
56647349222615,15:44:07.349,50.4100,12
56647349222615,15:44:07.349,50.4100,16
56652231710163,15:44:12.231,50.4000,4
56692348993321,15:44:52.348,50.3950,90
56692348993321,15:44:52.348,50.4000,10
56692349309333,15:44:52.349,50.4000,14
56692350349035,15:44:52.350,50.4000,76
56714838079515,15:45:14.838,50.3900,98
56740198660806,15:45:40.198,50.4100,200
56744095367498,15:45:44.095,50.4200,100
56747595116944,15:45:47.595,50.4200,100
56747596738865,15:45:47.596,50.4200,100
56747599797391,15:45:47.599,50.4200,200
56763097703759,15:46:03.097,50.4100,26
56784457049728,15:46:24.457,50.4200,90
56787619701860,15:46:27.619,50.4100,74
56787619701860,15:46:27.619,50.4100,100
56787619701860,15:46:27.619,50.4100,26
56787621840674,15:46:27.621,50.4100,27
56789652659259,15:46:29.652,50.4100,47
56852620849403,15:47:32.620,50.4000,100
56852620849403,15:47:32.620,50.4000,4
56852620849403,15:47:32.620,50.4000,96
56852622274986,15:47:32.622,50.4000,4
56939229815875,15:48:59.229,50.4000,75
56941677133422,15:49:01.677,50.4100,100
56972144769211,15:49:32.144,50.4100,100
56972145487822,15:49:32.145,50.4100,200
56993429884775,15:49:53.429,50.4200,59
56997287566861,15:49:57.287,50.4300,4
56997287566861,15:49:57.287,50.4400,100
56997289449878,15:49:57.289,50.4500,100
56997289449878,15:49:57.289,50.4500,100
56997289449878,15:49:57.289,50.4500,100
56997289449878,15:49:57.289,50.4500,3
56998922317278,15:49:58.922,50.4500,5
56998922317278,15:49:58.922,50.4500,1
57004671452763,15:50:04.671,50.4500,100
57004672242945,15:50:04.672,50.4500,88
57004672269034,15:50:04.672,50.4500,12
57004676783811,15:50:04.676,50.4500,81
57006018414482,15:50:06.018,50.4600,14
57006018414482,15:50:06.018,50.4600,86
57014677948784,15:50:14.677,50.4500,27
57014677948784,15:50:14.677,50.4500,23
57014677948784,15:50:14.677,50.4500,6
57014677948784,15:50:14.677,50.4500,28
57016640901998,15:50:16.640,50.4400,100
57037912628596,15:50:37.912,50.4600,100
57040294723945,15:50:40.294,50.4600,100
57051007148326,15:50:51.007,50.4800,75
57051013338540,15:50:51.013,50.4600,100
57053685230783,15:50:53.685,50.4700,100
57055941967477,15:50:55.941,50.4600,45
57055942879676,15:50:55.942,50.4600,2
57059051766274,15:50:59.051,50.4800,100
57059705482970,15:50:59.705,50.4600,98
57059705482970,15:50:59.705,50.4500,2
57064150180849,15:51:04.150,50.4700,100
57069424159039,15:51:09.424,50.4900,100
57074550755719,15:51:14.550,50.4900,100
57077349530345,15:51:17.349,50.5000,119
57077349530345,15:51:17.349,50.5000,10
57077349530345,15:51:17.349,50.5000,100
57077349530345,15:51:17.349,50.5000,200
57077349530345,15:51:17.349,50.5000,71
57080333741909,15:51:20.333,50.4900,16
57085183360490,15:51:25.183,50.5000,100
57102354789905,15:51:42.354,50.5000,74
57102358777561,15:51:42.358,50.5000,126
57102366595765,15:51:42.366,50.5000,125
57102388720257,15:51:42.388,50.4900,30
57102388720257,15:51:42.388,50.4900,14
57102388720257,15:51:42.388,50.4900,2
57102388720257,15:51:42.388,50.4900,8
57105571383854,15:51:45.571,50.4900,29
57105580487331,15:51:45.580,50.4800,200
57105585466707,15:51:45.585,50.4700,100
57106135779935,15:51:46.135,50.4900,100
57131651958555,15:52:11.651,50.4700,1
57131652101175,15:52:11.652,50.4700,4
57131652248407,15:52:11.652,50.4700,5
57131652248407,15:52:11.652,50.4700,3
57131652451352,15:52:11.652,50.4700,4
57134903449425,15:52:14.903,50.4700,81
57136850111019,15:52:16.850,50.4500,100
57136850111019,15:52:16.850,50.4500,200
57136851393661,15:52:16.851,50.4500,100
57152893887587,15:52:32.893,50.4000,8
57170716964962,15:52:50.716,50.4000,50
57170716975370,15:52:50.716,50.4000,1
57170721381578,15:52:50.721,50.3950,54
57170721381578,15:52:50.721,50.3950,46
57170724887407,15:52:50.724,50.3900,50
57197355758715,15:53:17.355,50.4300,100
57215280666217,15:53:35.280,50.4300,10
57215280666707,15:53:35.280,50.4300,16
57215288876693,15:53:35.288,50.4300,8
57224175375025,15:53:44.175,50.4300,100
57224175375025,15:53:44.175,50.4300,30
57224178654090,15:53:44.178,50.4200,100
57224178654090,15:53:44.178,50.4200,100
57224178654090,15:53:44.178,50.4200,100
57224189971875,15:53:44.189,50.4100,100
57224190005217,15:53:44.190,50.4100,32
57224190502681,15:53:44.190,50.4100,100
57234938399650,15:53:54.938,50.4000,100
57234942925279,15:53:54.942,50.4000,10
57234943472875,15:53:54.943,50.3900,100
57234943472875,15:53:54.943,50.3900,100
57240120955286,15:54:00.120,50.3800,55
57270842286211,15:54:30.842,50.4050,100
57272088955302,15:54:32.088,50.4050,100
57273090636958,15:54:33.090,50.4000,100
57273091034934,15:54:33.091,50.4000,100
57282349012248,15:54:42.349,50.4000,100
57306153103112,15:55:06.153,50.4200,15
57319831416265,15:55:19.831,50.4300,17
57322124774264,15:55:22.124,50.4300,8
57322129223269,15:55:22.129,50.4300,100
57344851271763,15:55:44.851,50.4500,13
57350350400033,15:55:50.350,50.4600,5
57352357166809,15:55:52.357,50.5100,5
57352357166809,15:55:52.357,50.5100,5
57357574027509,15:55:57.574,50.5200,100
57367356584874,15:56:07.356,50.5400,100
57367368555385,15:56:07.368,50.5400,200
57367368649724,15:56:07.368,50.5400,52
57367375701903,15:56:07.375,50.5500,100
57369287320365,15:56:09.287,50.5400,100
57378451221841,15:56:18.451,50.5300,68
57378451244805,15:56:18.451,50.5300,32
57378451849257,15:56:18.451,50.5300,100
57378452308503,15:56:18.452,50.5300,4
57378452487075,15:56:18.452,50.5300,8
57378452630793,15:56:18.452,50.5300,6
57378452740478,15:56:18.452,50.5300,4
57378461268141,15:56:18.461,50.5300,3
57378470753401,15:56:18.470,50.5300,40
57378601486044,15:56:18.601,50.5300,1
57385219932879,15:56:25.219,50.5600,100
57385219932879,15:56:25.219,50.5600,100
57385245554360,15:56:25.245,50.5600,24
57385245905779,15:56:25.245,50.5600,32
57385253618855,15:56:25.253,50.5600,110
57385256989995,15:56:25.256,50.5600,34
57385256989995,15:56:25.256,50.5600,3
57385263238866,15:56:25.263,50.5600,49
57385263238866,15:56:25.263,50.5600,31
57385286799372,15:56:25.286,50.5600,66
57391316955172,15:56:31.316,50.5600,3
57391316955172,15:56:31.316,50.5600,97
57391317040172,15:56:31.317,50.5600,3
57406603135296,15:56:46.603,50.5200,42
57406603135296,15:56:46.603,50.5200,100
57415154914204,15:56:55.154,50.5200,100
57415154914204,15:56:55.154,50.5100,100
57415155691354,15:56:55.155,50.5100,100
57415155691354,15:56:55.155,50.5100,100
57415161703445,15:56:55.161,50.5200,100
57422351310306,15:57:02.351,50.5400,100
57424374641236,15:57:04.374,50.5300,100
57424374641236,15:57:04.374,50.5300,100
57424374641236,15:57:04.374,50.5300,100
57437350915217,15:57:17.350,50.5300,100
57437359178009,15:57:17.359,50.5700,100
57447147203254,15:57:27.147,50.5300,1
57451790947608,15:57:31.790,50.5100,22
57451791074873,15:57:31.791,50.5100,4
57451792850841,15:57:31.792,50.5100,74
57451792850841,15:57:31.792,50.5100,56
57451793522188,15:57:31.793,50.4900,100
57452938981578,15:57:32.938,50.4900,9
57463525569610,15:57:43.525,50.4900,42
57463886569612,15:57:43.886,50.4900,42
57465900993713,15:57:45.900,50.4900,7
57465900993713,15:57:45.900,50.4900,2
57472353331438,15:57:52.353,50.5100,100
57472353331438,15:57:52.353,50.5200,200
57483487428229,15:58:03.487,50.5200,100
57487350316169,15:58:07.350,50.5300,58
57487350316169,15:58:07.350,50.5300,42
57487350342688,15:58:07.350,50.5300,16
57487358113615,15:58:07.358,50.5600,100
57487358113615,15:58:07.358,50.5600,87
57487358113615,15:58:07.358,50.5600,13
57494576292431,15:58:14.576,50.5500,58
57494576292431,15:58:14.576,50.5500,58
57505221827732,15:58:25.221,50.5200,58
57505221827732,15:58:25.221,50.5200,42
57505221854189,15:58:25.221,50.5200,16
57505222008985,15:58:25.222,50.5100,100
57505232879947,15:58:25.232,50.5200,100
57508350099557,15:58:28.350,50.5200,2
57508905176386,15:58:28.905,50.5200,8
57512353936563,15:58:32.353,50.5200,4
57512353936563,15:58:32.353,50.5400,96
57513175680838,15:58:33.175,50.5500,58
57513175680838,15:58:33.175,50.5500,42
57525267873629,15:58:45.267,50.5400,42
57525267873629,15:58:45.267,50.5400,42
57525267873629,15:58:45.267,50.5500,100
57525267873629,15:58:45.267,50.5500,100
57525267873629,15:58:45.267,50.5500,100
57525267873629,15:58:45.267,50.5500,16
57525267915983,15:58:45.267,50.5500,37
57535013637320,15:58:55.013,50.5700,64
57535244014056,15:58:55.244,50.5900,100
57535244014056,15:58:55.244,50.5900,100
57535244886268,15:58:55.244,50.5900,24
57537570715816,15:58:57.570,50.5800,31
57537570784400,15:58:57.570,50.5800,11
57537570784400,15:58:57.570,50.5800,42
57540034906022,15:59:00.034,50.5400,3
57540034955765,15:59:00.034,50.5400,1
57540034985237,15:59:00.034,50.5400,14
57540035226400,15:59:00.035,50.5400,24
57540035226400,15:59:00.035,50.5400,8
57540041434219,15:59:00.041,50.5500,8
57540041434219,15:59:00.041,50.5500,8
57548008374997,15:59:08.008,50.5300,200
57552005508222,15:59:12.005,50.5300,8
57552005508222,15:59:12.005,50.5300,8
57552005508222,15:59:12.005,50.5300,84
57553169378774,15:59:13.169,50.5300,8
57553169378774,15:59:13.169,50.5300,8
57555110385788,15:59:15.110,50.5300,200
57556880367909,15:59:16.880,50.5300,8
57556880367909,15:59:16.880,50.5300,8
57559940856101,15:59:19.940,50.5400,2
57560297691148,15:59:20.297,50.5400,8
57560297691148,15:59:20.297,50.5400,8
57566132466501,15:59:26.132,50.5300,8
57566132466501,15:59:26.132,50.5300,8
57566536421349,15:59:26.536,50.5400,8
57566536421349,15:59:26.536,50.5400,8
57567357667965,15:59:27.357,50.5500,8
57567357667965,15:59:27.357,50.5500,8
57570098429541,15:59:30.098,50.5500,10
57570098429541,15:59:30.098,50.5700,100
57570098429541,15:59:30.098,50.5700,90
57572352301969,15:59:32.352,50.5800,100
57572383874833,15:59:32.383,50.5700,8
57572383874833,15:59:32.383,50.5700,8
57572383874833,15:59:32.383,50.5700,8
57572383874833,15:59:32.383,50.5700,76
57575013248927,15:59:35.013,50.5600,3
57575013320084,15:59:35.013,50.5600,89
57575013320084,15:59:35.013,50.5600,5
57575013922889,15:59:35.013,50.5700,16
57575013922889,15:59:35.013,50.5700,100
57575018793988,15:59:35.018,50.5600,1
57575041177436,15:59:35.041,50.5700,6
57575045177189,15:59:35.045,50.5700,4
57575262026136,15:59:35.262,50.5700,6
57578038618382,15:59:38.038,50.5900,13
57579038849250,15:59:39.038,50.5900,13
57580629788836,15:59:40.629,50.5700,2
57581922089296,15:59:41.922,50.5700,59
57581944847815,15:59:41.944,50.5700,8
57582552347230,15:59:42.552,50.5700,9
57582554083697,15:59:42.554,50.5700,22
57582938507196,15:59:42.938,50.5500,1
57582938507196,15:59:42.938,50.5500,5
57583458822206,15:59:43.458,50.5500,2
57584145229413,15:59:44.145,50.5600,60
57590616157072,15:59:50.616,50.5300,14
57597587787194,15:59:57.587,50.5400,100
57597587787194,15:59:57.587,50.5400,5
57597587824817,15:59:57.587,50.5200,3
57597760066729,15:59:57.760,50.5500,56
57600735416161,16:00:00.735,0.0000,0
