timestamp,time,price,volume
34200049944944,09:30:00.049,0.0000,0
34340353837459,09:32:20.353,1.4300,100
34340353837459,09:32:20.353,1.4300,100
34340353893369,09:32:20.353,1.4300,32
34360368593054,09:32:40.368,1.4300,200
34360368661775,09:32:40.368,1.4300,100
34372371244896,09:32:52.371,1.4300,100
34380371557411,09:33:00.371,1.4300,21
34383292349114,09:33:03.292,1.4300,100
34383292699722,09:33:03.292,1.4300,79
34573142014127,09:36:13.142,1.4000,100
34583946138812,09:36:23.946,1.4200,25
34583947107010,09:36:23.947,1.4200,200
34583947418877,09:36:23.947,1.4200,25
34692696424525,09:38:12.696,1.4200,100
34692696450056,09:38:12.696,1.4200,100
34692892741125,09:38:12.892,1.4300,100
34692892741125,09:38:12.892,1.4300,100
34698009065355,09:38:18.009,1.4300,300
34698009065355,09:38:18.009,1.4300,100
34949473084557,09:42:29.473,1.4300,93
34949473359006,09:42:29.473,1.4300,407
34951083286804,09:42:31.083,1.4200,420
34954491884710,09:42:34.491,1.4200,180
35260851851222,09:47:40.851,1.4000,100
36570645421582,10:09:30.645,1.3800,200
36767499632835,10:12:47.499,1.3900,100
36767499632835,10:12:47.499,1.3900,100
36767499632835,10:12:47.499,1.3900,100
36997206632378,10:16:37.206,1.3950,100
37156017203318,10:19:16.017,1.3900,100
37156017203318,10:19:16.017,1.3900,1500
37460022971298,10:24:20.022,1.3900,100
37460022971298,10:24:20.022,1.3900,100
37460022971298,10:24:20.022,1.3900,100
37460031659629,10:24:20.031,1.4000,200
37460031659629,10:24:20.031,1.4000,100
37460031659629,10:24:20.031,1.4000,100
37460031659629,10:24:20.031,1.4000,500
37460031832537,10:24:20.031,1.4000,100
37795257769065,10:29:55.257,1.4000,100
38490977401270,10:41:30.977,1.4000,14
38490977504499,10:41:30.977,1.4000,4
39045048100474,10:50:45.048,1.4000,100
39045048100474,10:50:45.048,1.4000,100
39255295964942,10:54:15.295,1.4000,100
39629135733475,11:00:29.135,1.4000,9
39629136384214,11:00:29.136,1.4000,100
39629136384214,11:00:29.136,1.4000,100
39629155513226,11:00:29.155,1.4000,200
39629155513226,11:00:29.155,1.4000,100
39629155513226,11:00:29.155,1.4000,100
39629155513226,11:00:29.155,1.4000,200
39630246198396,11:00:30.246,1.4000,100
39630246198396,11:00:30.246,1.4000,100
39630247685242,11:00:30.247,1.4000,100
39630247685242,11:00:30.247,1.4000,100
39630247685242,11:00:30.247,1.4000,100
40031829828905,11:07:11.829,1.4100,100
40031829828905,11:07:11.829,1.4100,200
40336355735625,11:12:16.355,1.4100,100
40336355902109,11:12:16.355,1.4100,100
41689725988377,11:34:49.725,1.4200,100
41797241878651,11:36:37.241,1.4300,100
41803235187665,11:36:43.235,1.4400,100
41803235187665,11:36:43.235,1.4400,100
41803235187665,11:36:43.235,1.4400,100
41803235187665,11:36:43.235,1.4400,100
41803368810990,11:36:43.368,1.4400,70
41803451134946,11:36:43.451,1.4400,100
41809248466132,11:36:49.248,1.4500,200
42069685469040,11:41:09.685,1.4550,100
42107267855779,11:41:47.267,1.4500,100
42107267855779,11:41:47.267,1.4500,100
42126272932958,11:42:06.272,1.4500,60
42136442443118,11:42:16.442,1.4500,100
42136443495369,11:42:16.443,1.4500,44
42136443495369,11:42:16.443,1.4500,100
42136444099000,11:42:16.444,1.4500,100
42136445085461,11:42:16.445,1.4500,100
42140737417284,11:42:20.737,1.4500,100
42140737417284,11:42:20.737,1.4500,100
42140737417284,11:42:20.737,1.4500,100
42268414039176,11:44:28.414,1.4500,100
42268464679061,11:44:28.464,1.4500,38
42268464679061,11:44:28.464,1.4500,100
42268464679061,11:44:28.464,1.4500,97
42272665922353,11:44:32.665,1.4500,900
42272683330067,11:44:32.683,1.4500,44
42272683330067,11:44:32.683,1.4500,100
42272774018723,11:44:32.774,1.4500,38
42272774018723,11:44:32.774,1.4500,100
42272774906731,11:44:32.774,1.4500,100
42272774906731,11:44:32.774,1.4500,100
44261400379528,12:17:41.400,1.4550,100
44261400379528,12:17:41.400,1.4550,300
44261950200976,12:17:41.950,1.4600,100
44261950200976,12:17:41.950,1.4600,100
44261969720813,12:17:41.969,1.4600,200
44261986985636,12:17:41.986,1.4600,100
44261992697190,12:17:41.992,1.4600,100
44261992697190,12:17:41.992,1.4600,100
44261992697190,12:17:41.992,1.4600,100
44261992697190,12:17:41.992,1.4600,100
44261992697190,12:17:41.992,1.4600,100
44262106094697,12:17:42.106,1.4600,100
45440792316184,12:37:20.792,1.4550,1
47370757647354,13:09:30.757,1.4600,100
47370757647354,13:09:30.757,1.4600,100
47572755156840,13:12:52.755,1.4600,100
47582754669830,13:13:02.754,1.4600,100
47592767697660,13:13:12.767,1.4600,100
47602830688951,13:13:22.830,1.4600,69
47602832605302,13:13:22.832,1.4600,49
47632754946722,13:13:52.754,1.4600,100
47632755101121,13:13:52.755,1.4600,151
47642771530464,13:14:02.771,1.4600,40
47642771763132,13:14:02.771,1.4600,60
47769695319058,13:16:09.695,1.4600,12
47769695319058,13:16:09.695,1.4600,100
47770029742020,13:16:10.029,1.4650,100
47775672743746,13:16:15.672,1.4600,100
48729237783536,13:32:09.237,1.4700,77
48729237829818,13:32:09.237,1.4700,23
48729237829818,13:32:09.237,1.4700,177
48732249782409,13:32:12.249,1.4750,100
48732249782409,13:32:12.249,1.4750,100
48732249782409,13:32:12.249,1.4700,190
48761713621314,13:32:41.713,1.4800,100
48761713621314,13:32:41.713,1.4800,100
48761713621314,13:32:41.713,1.4800,100
48761713621314,13:32:41.713,1.4800,600
48761713621314,13:32:41.713,1.4800,100
48761713621314,13:32:41.713,1.4800,400
48761713621314,13:32:41.713,1.4800,445
48761714059657,13:32:41.714,1.4800,100
48761714108269,13:32:41.714,1.4800,87
48768611957736,13:32:48.611,1.4900,100
48768611957736,13:32:48.611,1.4900,300
48768612808160,13:32:48.612,1.4900,79
48793371582799,13:33:13.371,1.4900,100
48793381373859,13:33:13.381,1.4900,100
48793381373859,13:33:13.381,1.4900,100
48793381780967,13:33:13.381,1.4900,100
49545204293826,13:45:45.204,1.4850,100
49545213138536,13:45:45.213,1.4800,100
49545217208644,13:45:45.217,1.4700,610
49545217208644,13:45:45.217,1.4700,100
49545217208644,13:45:45.217,1.4700,300
49545217208644,13:45:45.217,1.4700,600
49545217321755,13:45:45.217,1.4700,200
49545220810796,13:45:45.220,1.4700,300
49545220810796,13:45:45.220,1.4700,400
49545220810796,13:45:45.220,1.4700,100
49545225967499,13:45:45.225,1.4700,90
49545229393908,13:45:45.229,1.4600,100
49545229393908,13:45:45.229,1.4600,600
49545229475254,13:45:45.229,1.4600,500
49545229475254,13:45:45.229,1.4600,300
49545233631246,13:45:45.233,1.4600,300
49545233631246,13:45:45.233,1.4600,100
49545233729029,13:45:45.233,1.4600,100
50015092148150,13:53:35.092,1.4600,100
50415771183815,14:00:15.771,1.4700,100
50415771183815,14:00:15.771,1.4700,100
50660335806529,14:04:20.335,1.4700,700
50660335975207,14:04:20.335,1.4700,700
50660336015716,14:04:20.336,1.4700,700
50660336100508,14:04:20.336,1.4700,123
50660336123357,14:04:20.336,1.4700,7
50660336191307,14:04:20.336,1.4700,570
50660336191307,14:04:20.336,1.4700,130
50660336249190,14:04:20.336,1.4700,127
50660336519283,14:04:20.336,1.4700,303
50660337059107,14:04:20.337,1.4700,270
50660337059107,14:04:20.337,1.4700,32
50660338605683,14:04:20.338,1.4700,100
50660831033094,14:04:20.831,1.4700,200
50661280778929,14:04:21.280,1.4700,200
50661280778929,14:04:21.280,1.4700,100
50661289277389,14:04:21.289,1.4800,400
50663799433140,14:04:23.799,1.4700,1840
50691084861524,14:04:51.084,1.4700,2800
50691084901468,14:04:51.084,1.4700,60
50902570790595,14:08:22.570,1.4800,200
50920153094294,14:08:40.153,1.4800,200
50920153094294,14:08:40.153,1.4800,200
50946128717725,14:09:06.128,1.4800,200
50946128717725,14:09:06.128,1.4800,100
51305679895560,14:15:05.679,1.4750,87
51305684653277,14:15:05.684,1.4750,13
51385488004126,14:16:25.488,1.4800,200
51385490698119,14:16:25.490,1.4800,200
51386205127679,14:16:26.205,1.4800,200
51524998350440,14:18:44.998,1.4800,200
51562238036306,14:19:22.238,1.4800,100
51562238036306,14:19:22.238,1.4800,100
51581283062193,14:19:41.283,1.4800,100
51581283062193,14:19:41.283,1.4800,100
51642445483251,14:20:42.445,1.4800,100
53542224563433,14:52:22.224,1.5050,3
54290292458137,15:04:50.292,1.5050,60
54371263730737,15:06:11.263,1.5000,57
54371265536704,15:06:11.265,1.5000,43
54371265536704,15:06:11.265,1.5000,45
54372335270324,15:06:12.335,1.5000,9
54372335270324,15:06:12.335,1.5000,100
54372335270324,15:06:12.335,1.5000,100
54372335270324,15:06:12.335,1.5000,200
54372335270324,15:06:12.335,1.5000,255
54402021358326,15:06:42.021,1.4900,29
54456418078153,15:07:36.418,1.4900,79
54553021960443,15:09:13.021,1.4900,92
54621703294541,15:10:21.703,1.4900,69
55726143734804,15:28:46.143,1.4850,23
55776817360695,15:29:36.817,1.4850,100
55780035350877,15:29:40.035,1.4800,75
55780035681194,15:29:40.035,1.4800,25
55780035681194,15:29:40.035,1.4800,100
55780035681194,15:29:40.035,1.4800,78
55780035848473,15:29:40.035,1.4800,22
55780035848473,15:29:40.035,1.4800,186
56255035512140,15:37:35.035,1.4700,62
56349416757587,15:39:09.416,1.4700,100
56349487647362,15:39:09.487,1.4700,38
56349487647362,15:39:09.487,1.4700,42
56349493414031,15:39:09.493,1.4700,58
56349493414031,15:39:09.493,1.4700,52
56377029285114,15:39:37.029,1.4700,25
56529801561287,15:42:09.801,1.4700,23
56529801561287,15:42:09.801,1.4700,66
56845323000273,15:47:25.323,1.4750,100
57175657859913,15:52:55.657,1.4700,34
57175657859913,15:52:55.657,1.4700,66
57190686997267,15:53:10.686,1.4700,100
57190713332295,15:53:10.713,1.4700,34
57190713332295,15:53:10.713,1.4700,54
57205715189938,15:53:25.715,1.4700,100
57219079476792,15:53:39.079,1.4700,77
57219088534434,15:53:39.088,1.4700,23
57219088534434,15:53:39.088,1.4700,84
57234380478771,15:53:54.380,1.4700,55
57235763240814,15:53:55.763,1.4700,61
57235763240814,15:53:55.763,1.4700,39
57238296002037,15:53:58.296,1.4650,100
57310888353973,15:55:10.888,1.4700,7
57310888353973,15:55:10.888,1.4700,17
57436827341676,15:57:16.827,1.4650,57
57454154207429,15:57:34.154,1.4650,74
57456845945169,15:57:36.845,1.4650,50
57472425238105,15:57:52.425,1.4650,100
57472425238105,15:57:52.425,1.4650,205
57472425238105,15:57:52.425,1.4650,95
57472426195021,15:57:52.426,1.4650,198
57472426310252,15:57:52.426,1.4650,36
57472426310252,15:57:52.426,1.4650,64
57472427042008,15:57:52.427,1.4650,265
57513778072372,15:58:33.778,1.4650,67
57513778599986,15:58:33.778,1.4650,33
57551731383875,15:59:11.731,1.4700,83
57551731383875,15:59:11.731,1.4700,100
57551734325480,15:59:11.734,1.4700,100
57570086946406,15:59:30.086,1.4750,100
57570095759171,15:59:30.095,1.4750,100
57575330904792,15:59:35.330,1.4750,100
57580052082913,15:59:40.052,1.4750,100
57585335088779,15:59:45.335,1.4750,100
57589484497852,15:59:49.484,1.4750,100
57600239762231,16:00:00.239,0.0000,0
