timestamp,time,price,volume
34200920806559,09:30:00.920,0.0000,0
34634918765401,09:37:14.918,35.8300,100
34634918765401,09:37:14.918,35.8300,5
34634919089605,09:37:14.919,35.8200,100
34634919976304,09:37:14.919,35.8300,100
34634920694443,09:37:14.920,35.8400,10
34634920697927,09:37:14.920,35.8400,11
34635521115952,09:37:15.521,35.8400,100
34652304692371,09:37:32.304,35.8200,100
34652307575300,09:37:32.307,35.8000,27
34652307575300,09:37:32.307,35.7900,100
34652310061896,09:37:32.310,35.8200,27
34652310061896,09:37:32.310,35.8200,10
34652310061896,09:37:32.310,35.8200,10
34652310061896,09:37:32.310,35.8200,100
34652314873375,09:37:32.314,35.8300,100
34652314873375,09:37:32.314,35.8300,15
34727186084499,09:38:47.186,35.8600,100
34727186347190,09:38:47.186,35.8800,100
34727186347190,09:38:47.186,35.8800,42
34727186429359,09:38:47.186,35.8700,51
34727186464591,09:38:47.186,35.8700,42
34727186470201,09:38:47.186,35.8700,7
34727186470201,09:38:47.186,35.8800,58
34727194932036,09:38:47.194,35.9000,100
34763761550923,09:39:23.761,35.9100,69
34763761749468,09:39:23.761,35.9100,31
34763769332785,09:39:23.769,35.8800,100
34763799447399,09:39:23.799,35.9100,100
34764835029922,09:39:24.835,35.9000,100
34818998785485,09:40:18.998,35.8300,100
34818999025257,09:40:18.999,35.8400,100
34818999244445,09:40:18.999,35.8500,100
35024757002866,09:43:44.757,35.7400,100
35024757786638,09:43:44.757,35.7800,12
35024757791047,09:43:44.757,35.7800,72
35024757842705,09:43:44.757,35.7800,16
35024758381011,09:43:44.758,35.7500,100
35024763331355,09:43:44.763,35.7900,100
35060909172882,09:44:20.909,35.7200,73
35060910260772,09:44:20.910,35.7500,15
35060910260772,09:44:20.910,35.7500,65
35060913855346,09:44:20.913,35.7200,100
35060937158757,09:44:20.937,35.7100,100
35299545240084,09:48:19.545,35.7200,90
35299545266393,09:48:19.545,35.7200,110
35322358021540,09:48:42.358,35.7200,20
35483895197371,09:51:23.895,35.6200,100
35483896029732,09:51:23.896,35.6200,100
35483896518818,09:51:23.896,35.6200,100
35483896542487,09:51:23.896,35.6200,100
35483897202178,09:51:23.897,35.6100,78
35483897202178,09:51:23.897,35.6100,22
35484078377719,09:51:24.078,35.6100,3
35547946831762,09:52:27.946,35.5700,100
35547946890739,09:52:27.946,35.5700,100
35547946890739,09:52:27.946,35.5700,100
35547948673230,09:52:27.948,35.5900,100
35547949335288,09:52:27.949,35.5900,200
35547949335288,09:52:27.949,35.5900,100
35547950617383,09:52:27.950,35.5900,100
35547951335122,09:52:27.951,35.6000,68
35547951833153,09:52:27.951,35.6000,100
35547951881826,09:52:27.951,35.6000,32
35606140106896,09:53:26.140,35.6200,28
35606140130733,09:53:26.140,35.6200,72
35606140162175,09:53:26.140,35.6200,72
35606140210548,09:53:26.140,35.6200,28
35764794841385,09:56:04.794,35.5900,100
35764795976426,09:56:04.795,35.6000,100
35774226108937,09:56:14.226,35.5700,100
35897196143324,09:58:17.196,35.5700,100
35897230202864,09:58:17.230,35.6100,100
35897298545715,09:58:17.298,35.6200,100
35909772853144,09:58:29.772,35.5800,100
35909782919391,09:58:29.782,35.5600,80
35914724326567,09:58:34.724,35.5700,20
35914726333453,09:58:34.726,35.5800,200
35914732075386,09:58:34.732,35.5900,100
36167248632126,10:02:47.248,35.5300,15
36167248646772,10:02:47.248,35.5200,100
36167249201782,10:02:47.249,35.5200,20
36167249220308,10:02:47.249,35.5200,13
36167250239744,10:02:47.250,35.5200,100
36167390260091,10:02:47.390,35.5300,100
36222198345387,10:03:42.198,35.5500,100
36222198345387,10:03:42.198,35.5500,100
36222300546856,10:03:42.300,35.5600,200
36291788522778,10:04:51.788,35.5900,29
36308560568546,10:05:08.560,35.5900,97
36388369760892,10:06:28.369,35.6300,100
36388373399259,10:06:28.373,35.6400,100
36388373465338,10:06:28.373,35.6300,100
36388373835524,10:06:28.373,35.6200,100
36388422567853,10:06:28.422,35.6300,100
36425361094895,10:07:05.361,35.6200,100
36708692367704,10:11:48.692,35.6700,70
36708694531732,10:11:48.694,35.6700,30
36848580722308,10:14:08.580,35.7100,1
36911725772721,10:15:11.725,35.7100,100
36948747850804,10:15:48.747,35.6700,14
36948747850804,10:15:48.747,35.6700,86
37509966140477,10:25:09.966,35.6800,13
37509970511210,10:25:09.970,35.6600,100
37509970534930,10:25:09.970,35.6600,100
37509970534930,10:25:09.970,35.6600,100
37509973184935,10:25:09.973,35.6500,30
37509973209266,10:25:09.973,35.6500,70
37691361762463,10:28:11.361,35.6600,100
37994136887776,10:33:14.136,35.7300,100
38200836486460,10:36:40.836,35.7500,100
38200836854703,10:36:40.836,35.7700,90
38200837263340,10:36:40.837,35.7400,14
38200837263340,10:36:40.837,35.7400,86
38209744341051,10:36:49.744,35.7100,100
38218025789423,10:36:58.025,35.7100,46
38218026543602,10:36:58.026,35.7000,54
38369110938278,10:39:29.110,35.7200,97
38369111169100,10:39:29.111,35.7200,3
38380287017820,10:39:40.287,35.7300,100
38507241343022,10:41:47.241,35.7800,100
38748865756571,10:45:48.865,35.8000,9
38748865782291,10:45:48.865,35.8000,91
38750150806741,10:45:50.150,35.7900,15
38750155744495,10:45:50.155,35.7700,100
38750155967322,10:45:50.155,35.7800,100
38750169585249,10:45:50.169,35.7800,100
38751622827217,10:45:51.622,35.7800,100
38759014585767,10:45:59.014,35.7800,19
38773459362582,10:46:13.459,35.7900,15
38773459362582,10:46:13.459,35.7800,54
38929492043328,10:48:49.492,35.7700,16
39059622139616,10:50:59.622,35.7300,17
39078213105530,10:51:18.213,35.7500,100
39097235366497,10:51:37.235,35.7700,100
39097235885510,10:51:37.235,35.7600,80
39100414300155,10:51:40.414,35.7500,100
39100414300155,10:51:40.414,35.7500,100
39100414319485,10:51:40.414,35.7600,100
39100417124683,10:51:40.417,35.7400,100
39100417167836,10:51:40.417,35.7400,100
39102929653285,10:51:42.929,35.7300,100
39218302649841,10:53:38.302,35.6900,18
39323084757154,10:55:23.084,35.6900,100
39459141763880,10:57:39.141,35.7100,18
39459141814511,10:57:39.141,35.7100,100
39459142397263,10:57:39.142,35.7000,100
39459142904071,10:57:39.142,35.7100,100
39459147028300,10:57:39.147,35.7000,100
39552189706915,10:59:12.189,35.7100,100
39552192893280,10:59:12.192,35.7200,100
39555151672447,10:59:15.151,35.7100,100
39589415322321,10:59:49.415,35.7000,17
39589422843030,10:59:49.422,35.7000,100
39649471534089,11:00:49.471,35.7200,29
39649474220604,11:00:49.474,35.7100,100
39817750023906,11:03:37.750,35.7200,100
39842461165762,11:04:02.461,35.7200,100
39944276836911,11:05:44.276,35.7300,100
40183201755648,11:09:43.201,35.7100,18
40225591668883,11:10:25.591,35.7100,100
40291635917738,11:11:31.635,35.7100,2
40291635917738,11:11:31.635,35.7100,98
40313531843972,11:11:53.531,35.6900,32
40325710187685,11:12:05.710,35.7200,19
40531714163195,11:15:31.714,35.7500,2
40790022528637,11:19:50.022,35.7300,2
40795578320441,11:19:55.578,35.7200,1
40795578320441,11:19:55.578,35.7200,2
40872218009842,11:21:12.218,35.7200,1
40872219417084,11:21:12.219,35.7100,1
40889597958466,11:21:29.597,35.7000,19
40889597958466,11:21:29.597,35.7000,1
40897312887042,11:21:37.312,35.7000,100
40897312910870,11:21:37.312,35.7000,1
40930132275488,11:22:10.132,35.7000,1
40930132275488,11:22:10.132,35.7000,99
40930132508047,11:22:10.132,35.7000,1
40930149786353,11:22:10.149,35.7200,100
40930164484471,11:22:10.164,35.7400,100
40930248995468,11:22:10.248,35.7200,100
40934416325838,11:22:14.416,35.7200,100
40934416325838,11:22:14.416,35.7200,100
40934416325838,11:22:14.416,35.7200,1
41150682357323,11:25:50.682,35.6800,100
41150682381325,11:25:50.682,35.6800,2
41150683256707,11:25:50.683,35.6700,2
41150683256707,11:25:50.683,35.6700,96
41150683278966,11:25:50.683,35.6700,4
41150684468939,11:25:50.684,35.6700,30
41150684471587,11:25:50.684,35.6700,30
41159834267558,11:25:59.834,35.6600,19
41209332195951,11:26:49.332,35.6200,19
41284363185820,11:28:04.363,35.6200,81
41284363185820,11:28:04.363,35.6200,119
41284363213609,11:28:04.363,35.6200,81
41284390420608,11:28:04.390,35.6400,100
41295021158171,11:28:15.021,35.6100,100
41642229987982,11:34:02.229,35.6000,100
41642229987982,11:34:02.229,35.6000,200
41642236804139,11:34:02.236,35.6100,100
41642236851900,11:34:02.236,35.6100,100
41688093099500,11:34:48.093,35.6300,100
41794458834072,11:36:34.458,35.6000,20
41794459884846,11:36:34.459,35.6000,100
41946783975913,11:39:06.783,35.6100,1
41952312419839,11:39:12.312,35.6000,100
41952312475753,11:39:12.312,35.6000,1
41956079182456,11:39:16.079,35.5900,2
41958113265041,11:39:18.113,35.5800,20
41958115878638,11:39:18.115,35.5800,100
41975670270898,11:39:35.670,35.5500,100
41995831526818,11:39:55.831,35.5500,1
41995831955257,11:39:55.831,35.5400,99
41997814025807,11:39:57.814,35.5550,100
42000492780648,11:40:00.492,35.5500,100
42008655660857,11:40:08.655,35.5700,100
42008655660857,11:40:08.655,35.5700,31
42008666924309,11:40:08.666,35.5900,100
42196070968010,11:43:16.070,35.5700,100
42317142241897,11:45:17.142,35.5900,98
42317142733587,11:45:17.142,35.5900,2
42317142733587,11:45:17.142,35.5900,100
42317147108578,11:45:17.147,35.6000,100
42317147108578,11:45:17.147,35.6000,100
42317183237974,11:45:17.183,35.6000,100
42380160764980,11:46:20.160,35.5900,48
42383849764175,11:46:23.849,35.5800,100
42383849764175,11:46:23.849,35.5800,100
42383854449920,11:46:23.854,35.5700,30
42414214012303,11:46:54.214,35.5700,100
42414214012303,11:46:54.214,35.5700,100
42531465336266,11:48:51.465,35.5700,1
42531465962253,11:48:51.465,35.5700,100
42531465990437,11:48:51.465,35.5700,100
42571697757666,11:49:31.697,35.5800,100
42571701833549,11:49:31.701,35.5900,100
42573683006800,11:49:33.683,35.6000,100
42573699143799,11:49:33.699,35.6000,100
42583811647935,11:49:43.811,35.5900,1
42684792556016,11:51:24.792,35.6400,100
42893210503849,11:54:53.210,35.6600,100
43058943175135,11:57:38.943,35.6600,2
43058943175135,11:57:38.943,35.6600,100
43058951752862,11:57:38.951,35.6500,1
43058951752862,11:57:38.951,35.6500,20
43125398091970,11:58:45.398,35.6700,1
43229585197258,12:00:29.585,35.6500,100
43229592007915,12:00:29.592,35.6500,20
43276090263502,12:01:16.090,35.6400,100
43356754048387,12:02:36.754,35.6500,100
43356902194383,12:02:36.902,35.6700,100
43358537013615,12:02:38.537,35.6600,100
43372984996837,12:02:52.984,35.6500,97
43577667792594,12:06:17.667,35.6900,99
43721321743803,12:08:41.321,35.6900,100
43745812525562,12:09:05.812,35.7000,100
44103382722632,12:15:03.382,35.7200,5
44227841836029,12:17:07.841,35.7200,100
44227888730417,12:17:07.888,35.7300,2
44324731021464,12:18:44.731,35.7200,100
44324731021464,12:18:44.731,35.7200,98
44324731047791,12:18:44.731,35.7200,2
44324731047791,12:18:44.731,35.7200,100
44324731047791,12:18:44.731,35.7200,21
44324731047791,12:18:44.731,35.7200,100
44375442280973,12:19:35.442,35.7100,2
44519725948120,12:21:59.725,35.7100,100
44757079954152,12:25:57.079,35.7100,1
44757079954152,12:25:57.079,35.7100,22
44757088579292,12:25:57.088,35.7000,100
44757088579292,12:25:57.088,35.7000,1
44757127677459,12:25:57.127,35.7000,1
44873232504010,12:27:53.232,35.6900,1
45050545944449,12:30:50.545,35.6900,2
45147773203038,12:32:27.773,35.6800,2
45147773203038,12:32:27.773,35.6800,2
45147773203038,12:32:27.773,35.6800,22
45147774488335,12:32:27.774,35.6800,100
45147779470498,12:32:27.779,35.6800,100
45149022163062,12:32:29.022,35.6800,100
45149022218384,12:32:29.022,35.6800,69
45323258273731,12:35:23.258,35.6800,100
45323316738769,12:35:23.316,35.6900,100
45327241852226,12:35:27.241,35.6800,100
45327241852226,12:35:27.241,35.6800,4
45327241852226,12:35:27.241,35.6800,6
45344111497252,12:35:44.111,35.6500,1
45344113096020,12:35:44.113,35.6400,100
45344118541442,12:35:44.118,35.6400,100
45355849768462,12:35:55.849,35.6200,1
45355849768462,12:35:55.849,35.6200,99
45355861893001,12:35:55.861,35.6200,99
45355861893001,12:35:55.861,35.6200,100
45448265294295,12:37:28.265,35.6200,28
45448265354694,12:37:28.265,35.6200,72
45540018968170,12:39:00.018,35.6200,100
45540051867881,12:39:00.051,35.6300,100
45540051914431,12:39:00.051,35.6300,28
45540051917157,12:39:00.051,35.6300,72
45748681876906,12:42:28.681,35.6400,2
46330710988238,12:52:10.710,35.6300,1
46330710988238,12:52:10.710,35.6300,100
46330710988238,12:52:10.710,35.6300,99
46330711014395,12:52:10.711,35.6300,1
46330711014395,12:52:10.711,35.6300,24
46330712377459,12:52:10.712,35.6200,1
46330712983764,12:52:10.712,35.6100,1
46330713011609,12:52:10.713,35.6100,1
46330714831736,12:52:10.714,35.6100,8
46330714831736,12:52:10.714,35.6100,10
46330714831736,12:52:10.714,35.6100,80
46330715932277,12:52:10.715,35.6000,100
46352452580735,12:52:32.452,35.6000,100
46352453088967,12:52:32.453,35.5900,1
46352453088967,12:52:32.453,35.5900,19
46352453088967,12:52:32.453,35.5900,1
46352453088967,12:52:32.453,35.5900,74
46352453817907,12:52:32.453,35.5900,26
46352454279370,12:52:32.454,35.5900,100
46352454361020,12:52:32.454,35.6000,17
46367214290676,12:52:47.214,35.5900,1
46367214664438,12:52:47.214,35.5900,23
46367214720257,12:52:47.214,35.5800,10
46367214720257,12:52:47.214,35.5800,89
46369888233998,12:52:49.888,35.5900,100
46377402040894,12:52:57.402,35.6000,2
46377402090580,12:52:57.402,35.6000,21
46405026888197,12:53:25.026,35.5900,100
46421194718836,12:53:41.194,35.5900,100
46421196071111,12:53:41.196,35.5900,1
46421200171914,12:53:41.200,35.5900,100
46531992671084,12:55:31.992,35.5800,100
46531997179833,12:55:31.997,35.5700,24
46531997179833,12:55:31.997,35.5700,75
46943224104595,13:02:23.224,35.6100,1
46943314993676,13:02:23.314,35.6100,100
46943315050268,13:02:23.315,35.6100,3
46943319812924,13:02:23.319,35.6000,100
46943319890356,13:02:23.319,35.5900,2
46943319890356,13:02:23.319,35.5900,25
46943319890356,13:02:23.319,35.5900,73
46943319918178,13:02:23.319,35.5900,27
46943321064722,13:02:23.321,35.5900,100
47116689177605,13:05:16.689,35.6000,100
47116822109882,13:05:16.822,35.6000,100
47116834377269,13:05:16.834,35.6000,100
47117825496312,13:05:17.825,35.6100,100
47117825522544,13:05:17.825,35.6100,100
47117825522544,13:05:17.825,35.6100,2
47257643079949,13:07:37.643,35.6000,1
47257643079949,13:07:37.643,35.6000,25
47257656684077,13:07:37.656,35.5900,1
47542530164481,13:12:22.530,35.6100,2
47664455171030,13:14:24.455,35.6100,1
47852378506451,13:17:32.378,35.5900,1
47852378506451,13:17:32.378,35.5900,99
47968980152355,13:19:28.980,35.6100,2
47980185240280,13:19:40.185,35.6000,100
47989443141116,13:19:49.443,35.6100,100
47996823086276,13:19:56.823,35.6000,11
47996824717956,13:19:56.824,35.6000,89
47996824717956,13:19:56.824,35.6000,2
48039741943383,13:20:39.741,35.5900,2
48039741943383,13:20:39.741,35.5900,27
48133052833216,13:22:13.052,35.6000,37
48143074881352,13:22:23.074,35.5900,100
48143077131577,13:22:23.077,35.5800,100
48143077131577,13:22:23.077,35.5800,100
48143077131577,13:22:23.077,35.5800,2
48143085425822,13:22:23.085,35.5700,10
48143085425822,13:22:23.085,35.5700,90
48143228057424,13:22:23.228,35.5800,100
48184841422140,13:23:04.841,35.5800,100
48184843633656,13:23:04.843,35.5800,100
48215176008615,13:23:35.176,35.5600,14
48407166036575,13:26:47.166,35.5600,1
48414061802738,13:26:54.061,35.5500,28
48589980152164,13:29:49.980,35.5700,23
48589980176304,13:29:49.980,35.5700,77
48713813145067,13:31:53.813,35.5900,100
48713813145067,13:31:53.813,35.5900,100
48713823313451,13:31:53.823,35.6000,200
48713823313451,13:31:53.823,35.6000,100
48713863991884,13:31:53.863,35.6400,100
48713864710893,13:31:53.864,35.6400,100
48713864710893,13:31:53.864,35.6400,100
48713874150897,13:31:53.874,35.6200,100
48713874150897,13:31:53.874,35.6200,100
48717805505586,13:31:57.805,35.6400,100
48778638234427,13:32:58.638,35.6300,28
48778639473206,13:32:58.639,35.6300,100
48778639473206,13:32:58.639,35.6300,100
48778639637172,13:32:58.639,35.6300,69
48896278480780,13:34:56.278,35.6800,17
48928637139537,13:35:28.637,35.7000,83
48928637139537,13:35:28.637,35.7000,13
49164048293237,13:39:24.048,35.7100,2
49164048332561,13:39:24.048,35.7200,71
49182068109333,13:39:42.068,35.7000,2
49182068109333,13:39:42.068,35.7000,28
49182068488746,13:39:42.068,35.6900,1
49182068488746,13:39:42.068,35.6900,69
49203061146238,13:40:03.061,35.6800,100
49264317311693,13:41:04.317,35.6700,29
49264317311693,13:41:04.317,35.6600,71
49264317407292,13:41:04.317,35.6600,29
49264317407292,13:41:04.317,35.6600,71
49264317483687,13:41:04.317,35.6600,29
49265830930572,13:41:05.830,35.6400,69
49387922678343,13:43:07.922,35.6200,1
49387923612719,13:43:07.923,35.6200,36
49532127660093,13:45:32.127,35.6000,1
49532127660093,13:45:32.127,35.6000,3
49670784402965,13:47:50.784,35.6000,1
49740917476412,13:49:00.917,35.5800,2
49745018874379,13:49:05.018,35.5800,100
49810820329517,13:50:10.820,35.5900,100
49889923732253,13:51:29.923,35.5900,1
49944451193111,13:52:24.451,35.6000,49
49944781652626,13:52:24.781,35.5900,51
49958985575949,13:52:38.985,35.5900,200
50221681639785,13:57:01.681,35.5900,100
50225046626190,13:57:05.046,35.5900,100
50336002795083,13:58:56.002,35.5900,100
50336002795083,13:58:56.002,35.5900,33
50336004327157,13:58:56.004,35.5800,100
50336006247131,13:58:56.006,35.5900,10
50336006247131,13:58:56.006,35.5900,100
50336006441105,13:58:56.006,35.5900,100
50336006692576,13:58:56.006,35.5900,100
50336007570570,13:58:56.007,35.5900,100
50455705553625,14:00:55.705,35.6400,100
50471394470388,14:01:11.394,35.6400,2
50571900776600,14:02:51.900,35.6500,100
50628139554007,14:03:48.139,35.7000,100
50765015054724,14:06:05.015,35.7500,29
50765015057774,14:06:05.015,35.7500,42
50765015060292,14:06:05.015,35.7500,29
51018101776983,14:10:18.101,35.8100,100
51018103046130,14:10:18.103,35.8100,100
51018103046130,14:10:18.103,35.8100,100
51029356033720,14:10:29.356,35.8000,4
51029356033720,14:10:29.356,35.8000,31
51029356034674,14:10:29.356,35.8000,69
51029356573939,14:10:29.356,35.7900,3
51029357309000,14:10:29.357,35.7900,100
51038418805681,14:10:38.418,35.8200,100
51084345991873,14:11:24.345,35.8200,5
51084345991873,14:11:24.345,35.8200,95
51084346038488,14:11:24.346,35.8200,5
51088067821858,14:11:28.067,35.8000,1
51088067821858,14:11:28.067,35.8000,99
51088067847303,14:11:28.067,35.8000,1
51088067847303,14:11:28.067,35.8000,35
51088072592413,14:11:28.072,35.7800,100
51118946138761,14:11:58.946,35.7600,1
51118949976966,14:11:58.949,35.7600,4
51180632461792,14:13:00.632,35.7600,100
51180642562010,14:13:00.642,35.8000,100
51180701606162,14:13:00.701,35.8000,100
51238705144651,14:13:58.705,35.8300,51
51256590054560,14:14:16.590,35.8300,100
51448413966245,14:17:28.413,35.8400,2
51448413966245,14:17:28.413,35.8400,98
51448413991688,14:17:28.413,35.8400,2
51474293207776,14:17:54.293,35.8400,29
51474293207776,14:17:54.293,35.8400,29
51474293207776,14:17:54.293,35.8400,29
51474293570838,14:17:54.293,35.8300,35
51474293570838,14:17:54.293,35.8300,2
51474294350790,14:17:54.294,35.8200,2
51474294350790,14:17:54.294,35.8200,61
51474294373002,14:17:54.294,35.8200,39
51474294373002,14:17:54.294,35.8200,61
51474295117423,14:17:54.295,35.8300,100
51480055667483,14:18:00.055,35.8400,100
51542448570045,14:19:02.448,35.8300,100
51677012036235,14:21:17.012,35.8700,100
51737826086173,14:22:17.826,35.9100,1
51824846731941,14:23:44.846,35.9100,1
51912928408489,14:25:12.928,35.9000,3
51953048482073,14:25:53.048,35.8900,2
51953048643849,14:25:53.048,35.8900,5
52000124205505,14:26:40.124,35.8800,38
52233250795612,14:30:33.250,35.8500,100
52245597997846,14:30:45.597,35.8400,100
52272844424204,14:31:12.844,35.8500,22
52310523220294,14:31:50.523,35.8400,29
52310526712330,14:31:50.526,35.8400,100
52310531445120,14:31:50.531,35.8200,100
52310531670339,14:31:50.531,35.8200,100
52310595697787,14:31:50.595,35.8300,78
52326354075258,14:32:06.354,35.8300,99
52326354241022,14:32:06.354,35.8300,1
52326354994818,14:32:06.354,35.8200,100
52331035219141,14:32:11.035,35.8500,100
52499461131895,14:34:59.461,35.8800,100
52506723894536,14:35:06.723,35.8800,100
52554251468249,14:35:54.251,35.9000,100
52554251468249,14:35:54.251,35.9000,34
52606820911726,14:36:46.820,35.9200,1
52663297230739,14:37:43.297,35.9300,10
52720024090663,14:38:40.024,35.9400,10
52720606422407,14:38:40.606,35.9600,1
52797263159848,14:39:57.263,35.9700,9
52797263159848,14:39:57.263,35.9700,1
52800465379177,14:40:00.465,35.9700,100
52800465379177,14:40:00.465,35.9700,100
52800465612625,14:40:00.465,35.9700,100
52800465612625,14:40:00.465,35.9700,47
52800465614147,14:40:00.465,35.9700,81
52800465621776,14:40:00.465,35.9700,10
52800465640076,14:40:00.465,35.9700,7
52828861427430,14:40:28.861,35.9500,32
52828862002559,14:40:28.862,35.9500,8
53015373320845,14:43:35.373,35.9600,100
53043559457035,14:44:03.559,35.9700,100
53043559464985,14:44:03.559,35.9700,100
53043559480976,14:44:03.559,35.9700,3
53111396851615,14:45:11.396,35.9600,2
53111396851615,14:45:11.396,35.9600,41
53111396851615,14:45:11.396,35.9600,57
53111396879215,14:45:11.396,35.9600,143
53111397170656,14:45:11.397,35.9500,1
53206425616124,14:46:46.425,35.9600,100
53224034480783,14:47:04.034,35.9700,100
53357219801782,14:49:17.219,35.9800,2
53357219801782,14:49:17.219,35.9800,18
53357296489160,14:49:17.296,35.9800,100
53357296519010,14:49:17.296,35.9800,100
53372050941638,14:49:32.050,35.9700,2
53428153972702,14:50:28.153,35.9700,100
53428249196989,14:50:28.249,35.9800,100
53428249288057,14:50:28.249,35.9800,100
53428249288057,14:50:28.249,35.9800,100
53428249930643,14:50:28.249,35.9700,200
53428249930643,14:50:28.249,35.9700,99
53428250170196,14:50:28.250,35.9700,1
53428250170196,14:50:28.250,35.9700,3
53428256830519,14:50:28.256,35.9800,100
53441378382853,14:50:41.378,35.9700,97
53441378417868,14:50:41.378,35.9700,97
53462236991239,14:51:02.236,35.9600,72
53462237016792,14:51:02.237,35.9600,128
53462237016792,14:51:02.237,35.9600,100
53466770727702,14:51:06.770,35.9500,64
53466770727702,14:51:06.770,35.9500,29
53466770727702,14:51:06.770,35.9500,6
53466770730654,14:51:06.770,35.9500,36
53466770730654,14:51:06.770,35.9400,64
53481308095610,14:51:21.308,35.9400,200
53481308095610,14:51:21.308,35.9400,100
53697276854283,14:54:57.276,35.9400,100
53725044660298,14:55:25.044,35.9200,100
53784301123566,14:56:24.301,35.9300,100
53784301123566,14:56:24.301,35.9300,100
53784402990263,14:56:24.402,35.9400,100
53964741690883,14:59:24.741,35.9600,1
54000074594691,15:00:00.074,35.9600,100
54000090315196,15:00:00.090,35.9700,10
54000090315196,15:00:00.090,35.9700,10
54012050067001,15:00:12.050,35.9600,3
54012050067001,15:00:12.050,35.9600,49
54012050067001,15:00:12.050,35.9600,93
54012051402667,15:00:12.051,35.9600,100
54012123130578,15:00:12.123,35.9700,1
54076492088159,15:01:16.492,35.9500,1
54076492973821,15:01:16.492,35.9500,100
54076622484274,15:01:16.622,35.9500,100
54084648960660,15:01:24.648,35.9500,100
54084648960660,15:01:24.648,35.9500,1
54084648960660,15:01:24.648,35.9500,99
54084649050684,15:01:24.649,35.9500,1
54084649050684,15:01:24.649,35.9500,6
54084649420619,15:01:24.649,35.9400,100
54084649712880,15:01:24.649,35.9500,100
54200896700046,15:03:20.896,35.9300,1
54200896700046,15:03:20.896,35.9300,50
54200896700046,15:03:20.896,35.9300,49
54200896766523,15:03:20.896,35.9300,51
54201430136483,15:03:21.430,35.9300,1
54201430136483,15:03:21.430,35.9200,47
54235050522735,15:03:55.050,35.9200,1
54235050522735,15:03:55.050,35.9200,99
54235050579944,15:03:55.050,35.9200,1
54247581235333,15:04:07.581,35.9100,1
54285170155775,15:04:45.170,35.9000,100
54285170703950,15:04:45.170,35.9000,100
54285170703950,15:04:45.170,35.9000,100
54345962215107,15:05:45.962,35.9300,6
54345962215107,15:05:45.962,35.9300,10
54345962215107,15:05:45.962,35.9300,4
54345962215107,15:05:45.962,35.9300,100
54345963643109,15:05:45.963,35.9300,100
54415557225031,15:06:55.557,35.9300,1
54415557225031,15:06:55.557,35.9300,100
54415560630971,15:06:55.560,35.9300,100
54497976260006,15:08:17.976,35.9500,10
54497976260006,15:08:17.976,35.9500,64
54497976268890,15:08:17.976,35.9500,18
54592590676989,15:09:52.590,35.9700,8
54592590676989,15:09:52.590,35.9700,10
54635859017707,15:10:35.859,35.9700,38
54635859025936,15:10:35.859,35.9700,62
54635859025936,15:10:35.859,35.9700,4
54635859035098,15:10:35.859,35.9700,36
54635859038060,15:10:35.859,35.9700,34
54635859043669,15:10:35.859,35.9700,26
54635868304060,15:10:35.868,35.9600,96
54635868304060,15:10:35.868,35.9600,2
54635872806656,15:10:35.872,35.9600,98
54635874160708,15:10:35.874,35.9600,100
54751717553656,15:12:31.717,35.9700,100
54842144883091,15:14:02.144,35.9700,1
54845062890810,15:14:05.062,35.9600,100
54845062937712,15:14:05.062,35.9600,100
54845062937712,15:14:05.062,35.9600,47
54845062975113,15:14:05.062,35.9600,23
54852073392208,15:14:12.073,35.9500,100
54854055006148,15:14:14.055,35.9600,200
54897593824411,15:14:57.593,35.9700,100
54948007818025,15:15:48.007,35.9800,20
54948007818025,15:15:48.007,35.9800,46
54948008029063,15:15:48.008,35.9800,10
54948008051152,15:15:48.008,35.9800,34
54948008056305,15:15:48.008,35.9800,10
54992053123592,15:16:32.053,35.9800,46
54992053123592,15:16:32.053,35.9800,1
54992053123592,15:16:32.053,35.9800,53
54992053191437,15:16:32.053,35.9800,47
54992054076277,15:16:32.054,35.9800,100
54999809711544,15:16:39.809,35.9800,1
55002393322538,15:16:42.393,35.9600,100
55018218656572,15:16:58.218,35.9600,1
55018218656572,15:16:58.218,35.9600,99
55080524119789,15:18:00.524,35.9800,100
55086049307732,15:18:06.049,35.9800,180
55097873983783,15:18:17.873,35.9700,100
55154202611155,15:19:14.202,35.9700,100
55163292246907,15:19:23.292,35.9700,1
55237527697230,15:20:37.527,35.9700,37
55237527697837,15:20:37.527,35.9700,33
55296673312238,15:21:36.673,35.9700,1
55310051262932,15:21:50.051,35.9600,100
55310051262932,15:21:50.051,35.9600,53
55310051262932,15:21:50.051,35.9600,100
55340844313717,15:22:20.844,35.9500,73
55340844325386,15:22:20.844,35.9500,27
55340844325386,15:22:20.844,35.9500,39
55340844326157,15:22:20.844,35.9500,33
55340844333149,15:22:20.844,35.9500,28
55340844333149,15:22:20.844,35.9500,1
55392699231395,15:23:12.699,35.9500,100
55392699231395,15:23:12.699,35.9500,1
55392699231395,15:23:12.699,35.9500,100
55392701279833,15:23:12.701,35.9400,100
55423771458989,15:23:43.771,35.9300,1
55423771458989,15:23:43.771,35.9200,99
55476229482033,15:24:36.229,35.9400,30
55476229482033,15:24:36.229,35.9400,70
55476229509381,15:24:36.229,35.9400,30
55490422410595,15:24:50.422,35.9400,100
55497448660178,15:24:57.448,35.9500,1
55497505836615,15:24:57.505,35.9500,1
55521293267651,15:25:21.293,35.9500,98
55521293267651,15:25:21.293,35.9500,100
55521395264456,15:25:21.395,35.9600,10
55521395264456,15:25:21.395,35.9600,10
55521401161209,15:25:21.401,35.9600,100
55521401376223,15:25:21.401,35.9600,1
55536351279034,15:25:36.351,35.9500,1
55536351279034,15:25:36.351,35.9500,99
55543272425664,15:25:43.272,35.9600,100
55543272425664,15:25:43.272,35.9600,100
55658794550222,15:27:38.794,35.9600,100
55673655181910,15:27:53.655,35.9700,20
55673655181910,15:27:53.655,35.9700,12
55673655207093,15:27:53.655,35.9700,66
55673655241079,15:27:53.655,35.9700,22
55687521629362,15:28:07.521,35.9800,20
55762034623944,15:29:22.034,35.9900,1
55762034623944,15:29:22.034,35.9900,65
55762034634843,15:29:22.034,35.9900,35
55762034634843,15:29:22.034,35.9900,39
55762034637697,15:29:22.034,35.9900,32
55762034640229,15:29:22.034,35.9900,29
55762034640229,15:29:22.034,35.9900,5
55762034838653,15:29:22.034,35.9900,36
55762034862381,15:29:22.034,35.9900,59
55805623404337,15:30:05.623,35.9800,14
55805623404337,15:30:05.623,35.9800,1
55812715104184,15:30:12.715,35.9800,3
55812715726138,15:30:12.715,35.9800,100
55812715726138,15:30:12.715,35.9800,100
55812749257282,15:30:12.749,35.9800,100
55820702193071,15:30:20.702,35.9900,100
55820702481112,15:30:20.702,35.9800,100
55820706920701,15:30:20.706,35.9800,1
55820706920701,15:30:20.706,35.9800,83
55821866145716,15:30:21.866,35.9800,17
55821866145716,15:30:21.866,35.9800,1
55822915392194,15:30:22.915,35.9700,100
55822915673100,15:30:22.915,35.9700,100
55822916119227,15:30:22.916,35.9600,100
55822916613082,15:30:22.916,35.9700,100
55920941976607,15:32:00.941,35.9900,100
55960622362872,15:32:40.622,36.0000,20
55990550638936,15:33:10.550,36.0000,100
55990550752927,15:33:10.550,36.0000,2
55990550752927,15:33:10.550,36.0000,100
55990551727562,15:33:10.551,36.0000,57
55990563659628,15:33:10.563,36.0000,18
55992932938047,15:33:12.932,36.0000,25
55992932938047,15:33:12.932,36.0000,75
55992933066382,15:33:12.933,36.0000,25
55992933066382,15:33:12.933,36.0000,1
55992933066382,15:33:12.933,35.9900,74
55992935594007,15:33:12.935,35.9900,26
55992935594007,15:33:12.935,35.9900,74
55992936327429,15:33:12.936,35.9900,26
55992936327429,15:33:12.936,35.9900,1
55992936327429,15:33:12.936,35.9900,12
55999700924627,15:33:19.700,35.9900,100
55999702004998,15:33:19.702,35.9900,100
55999702454953,15:33:19.702,35.9900,100
56009710921946,15:33:29.710,35.9800,12
56055007413741,15:34:15.007,35.9900,100
56055028192124,15:34:15.028,35.9900,100
56055028206605,15:34:15.028,35.9900,100
56055028223224,15:34:15.028,35.9900,100
56055028223224,15:34:15.028,35.9900,100
56055029165926,15:34:15.029,35.9900,100
56055029255939,15:34:15.029,35.9900,100
56055036377770,15:34:15.036,35.9900,29
56055036377770,15:34:15.036,35.9900,29
56055036377770,15:34:15.036,35.9900,42
56055042352246,15:34:15.042,35.9900,100
56055119887087,15:34:15.119,35.9900,100
56086739881349,15:34:46.739,35.9800,88
56086739931541,15:34:46.739,35.9800,12
56086739931541,15:34:46.739,35.9800,17
56086740699301,15:34:46.740,35.9800,83
56086740699301,15:34:46.740,35.9800,17
56086740977111,15:34:46.740,35.9800,31
56125561948816,15:35:25.561,35.9800,100
56132942925505,15:35:32.942,35.9900,100
56132942943326,15:35:32.942,35.9900,100
56133022191837,15:35:33.022,35.9900,100
56170787897366,15:36:10.787,35.9900,28
56170788562759,15:36:10.788,35.9900,100
56170788628123,15:36:10.788,35.9900,41
56172712798786,15:36:12.712,35.9900,100
56172712798786,15:36:12.712,35.9900,100
56184434606344,15:36:24.434,35.9900,100
56195131115872,15:36:35.131,35.9800,100
56195131115872,15:36:35.131,35.9800,100
56195131115872,15:36:35.131,35.9800,100
56195131115872,15:36:35.131,35.9800,100
56195151109858,15:36:35.151,35.9800,100
56195151109858,15:36:35.151,35.9800,100
56203736043368,15:36:43.736,35.9800,100
56203753331515,15:36:43.753,35.9800,100
56256700748574,15:37:36.700,35.9900,35
56256700775900,15:37:36.700,35.9900,65
56256700775900,15:37:36.700,35.9900,100
56256711062358,15:37:36.711,36.0000,100
56267567350317,15:37:47.567,36.0100,100
56278041874111,15:37:58.041,36.0000,100
56320736944559,15:38:40.736,36.0000,100
56351919286443,15:39:11.919,36.0100,100
56351919286443,15:39:11.919,36.0100,60
56360049676099,15:39:20.049,36.0100,41
56360049676099,15:39:20.049,36.0100,100
56369047586272,15:39:29.047,36.0100,100
56369047669280,15:39:29.047,36.0100,100
56369048874851,15:39:29.048,36.0100,100
56388793639744,15:39:48.793,35.9900,100
56391236404435,15:39:51.236,35.9900,100
56399774326083,15:39:59.774,36.0000,33
56436938434956,15:40:36.938,36.0000,30
56436938631611,15:40:36.938,36.0000,30
56436939355326,15:40:36.939,36.0000,100
56436939425844,15:40:36.939,36.0000,40
56480129464078,15:41:20.129,36.0000,100
56480129464078,15:41:20.129,36.0000,100
56496637514739,15:41:36.637,36.0000,100
56496637531905,15:41:36.637,36.0000,71
56496637531905,15:41:36.637,36.0000,29
56496637533860,15:41:36.637,36.0000,71
56496637533860,15:41:36.637,36.0000,57
56496637545625,15:41:36.637,36.0000,43
56511289229360,15:41:51.289,35.9900,100
56511289233545,15:41:51.289,35.9900,100
56511289233545,15:41:51.289,35.9900,46
56511289457342,15:41:51.289,35.9900,60
56511289660730,15:41:51.289,35.9900,40
56511289660730,15:41:51.289,35.9900,14
56512719426136,15:41:52.719,36.0000,100
56559233992537,15:42:39.233,35.9800,100
56559234481034,15:42:39.234,35.9800,200
56639006091416,15:43:59.006,35.9800,57
56639006131658,15:43:59.006,35.9800,100
56671563120217,15:44:31.563,36.0200,2
56674688745522,15:44:34.688,36.0300,2
56736156912181,15:45:36.156,36.0300,63
56739834477742,15:45:39.834,36.0300,100
56761301219473,15:46:01.301,36.0400,60
56761301219473,15:46:01.301,36.0400,100
56761301219473,15:46:01.301,36.0400,40
56761305594660,15:46:01.305,36.0400,100
56761305673239,15:46:01.305,36.0400,60
56761305673239,15:46:01.305,36.0400,100
56813421081363,15:46:53.421,36.0400,100
56851879174917,15:47:31.879,36.0400,100
56851879297965,15:47:31.879,36.0400,30
56851879302256,15:47:31.879,36.0400,30
56851879302256,15:47:31.879,36.0400,50
56854532635814,15:47:34.532,36.0400,50
56854532635814,15:47:34.532,36.0400,50
56854539276834,15:47:34.539,36.0400,50
56874021534704,15:47:54.021,36.0300,100
56874021547041,15:47:54.021,36.0300,28
56874021796574,15:47:54.021,36.0200,28
56874021917853,15:47:54.021,36.0200,172
56874021997897,15:47:54.021,36.0200,100
56874023507632,15:47:54.023,36.0100,87
56874024130293,15:47:54.024,36.0100,95
56874032273457,15:47:54.032,36.0100,18
56888566782002,15:48:08.566,35.9900,70
56891561008931,15:48:11.561,35.9800,100
56915440191416,15:48:35.440,35.9700,1
56915440191416,15:48:35.440,35.9700,7
56915866763927,15:48:35.866,35.9700,93
56917911230521,15:48:37.911,35.9700,7
56917911230521,15:48:37.911,35.9700,200
56918624443146,15:48:38.624,35.9800,20
56918624445129,15:48:38.624,35.9800,23
56995872994218,15:49:55.872,35.9900,4
57000728897015,15:50:00.728,35.9800,40
57000728897015,15:50:00.728,35.9800,1
57000728897015,15:50:00.728,35.9800,39
57010716704443,15:50:10.716,35.9900,100
57011444720578,15:50:11.444,35.9900,96
57045849566839,15:50:45.849,36.0000,100
57045849566839,15:50:45.849,36.0000,100
57069712583516,15:51:09.712,36.0200,1
57097102354304,15:51:37.102,36.0200,2
57120369500670,15:52:00.369,36.0150,100
57129571768914,15:52:09.571,36.0200,98
57129571768914,15:52:09.571,36.0200,2
57163851661041,15:52:43.851,36.0100,1
57163851661041,15:52:43.851,36.0100,99
57163851687298,15:52:43.851,36.0100,301
57163851687298,15:52:43.851,36.0100,8
57163851687298,15:52:43.851,36.0100,64
57163851687298,15:52:43.851,36.0100,100
57163851689359,15:52:43.851,36.0100,5
57175183351236,15:52:55.183,36.0000,100
57175183351236,15:52:55.183,36.0000,4
57175183351236,15:52:55.183,36.0000,19
57175183378490,15:52:55.183,36.0000,81
57175183378490,15:52:55.183,36.0000,2
57175183378490,15:52:55.183,36.0000,100
57248561607249,15:54:08.561,36.0000,100
57297392967956,15:54:57.392,36.0100,3
57300255439736,15:55:00.255,36.0100,29
57304059486574,15:55:04.059,36.0100,1
57304059486574,15:55:04.059,36.0100,50
57304060140719,15:55:04.060,36.0100,33
57304060142692,15:55:04.060,36.0100,29
57304060142692,15:55:04.060,36.0100,43
57311724326469,15:55:11.724,36.0100,30
57311724403719,15:55:11.724,36.0100,27
57313042558259,15:55:13.042,36.0150,100
57320043528336,15:55:20.043,36.0100,21
57322044582045,15:55:22.044,36.0100,79
57322044582045,15:55:22.044,36.0100,100
57322044582045,15:55:22.044,36.0100,11
57370079935286,15:56:10.079,36.0100,88
57419744092913,15:56:59.744,36.0100,100
57420608506769,15:57:00.608,36.0150,11
57422705192033,15:57:02.705,36.0150,2
57427040840177,15:57:07.040,36.0100,48
57427040853017,15:57:07.040,36.0100,52
57427040853017,15:57:07.040,36.0100,20
57427041153462,15:57:07.041,36.0100,80
57440654172458,15:57:20.654,36.0000,1
57440654172458,15:57:20.654,36.0000,99
57440654259023,15:57:20.654,36.0000,13
57457233162272,15:57:37.233,36.0050,3
57462516819320,15:57:42.516,36.0000,31
57462516851025,15:57:42.516,36.0000,2
57462516851025,15:57:42.516,36.0000,1
57462516851025,15:57:42.516,36.0000,11
57468204813384,15:57:48.204,35.9900,100
57468204813384,15:57:48.204,35.9900,100
57468204813384,15:57:48.204,35.9900,100
57468584315399,15:57:48.584,35.9900,200
57470645418065,15:57:50.645,35.9900,100
57480469829759,15:58:00.469,35.9800,100
57516164938600,15:58:36.164,35.9850,4
57522609074738,15:58:42.609,35.9800,72
57522609074738,15:58:42.609,35.9800,22
57522609074738,15:58:42.609,35.9800,100
57546847650272,15:59:06.847,35.9850,100
57546847650272,15:59:06.847,35.9900,97
57549246201182,15:59:09.246,35.9800,100
57570260738832,15:59:30.260,35.9800,16
57600329565141,16:00:00.329,0.0000,0
