timestamp,time,price,volume
34200430251361,09:30:00.430,46.2300,297
34209486776807,09:30:09.486,46.1000,100
34209487230836,09:30:09.487,46.1000,100
34209490929564,09:30:09.490,46.1000,100
34209491958261,09:30:09.491,46.1000,10
34209491965826,09:30:09.491,46.0800,100
34209492202800,09:30:09.492,46.0900,90
34209492601157,09:30:09.492,46.0900,10
34209492601157,09:30:09.492,46.0900,1
34209492601157,09:30:09.492,46.0700,89
34209492921943,09:30:09.492,46.0700,11
34209492921943,09:30:09.492,46.0700,100
34209498016273,09:30:09.498,46.0600,100
34209499222706,09:30:09.499,46.0400,100
34209501997544,09:30:09.501,46.0500,3
34209502561166,09:30:09.502,46.0500,1
34210050372478,09:30:10.050,45.9700,1
34210753164767,09:30:10.753,45.9900,400
34210753164767,09:30:10.753,45.9900,100
34213928441315,09:30:13.928,46.0000,3
34216659261981,09:30:16.659,45.9600,100
34216659261981,09:30:16.659,45.9600,100
34216659500173,09:30:16.659,45.9600,100
34216659553447,09:30:16.659,45.9600,100
34216659829370,09:30:16.659,45.9800,100
34216660236510,09:30:16.660,45.9900,100
34216664317677,09:30:16.664,45.9800,5
34216664317677,09:30:16.664,45.9800,100
34216664317677,09:30:16.664,45.9800,95
34216664487319,09:30:16.664,45.9800,5
34218200551517,09:30:18.200,45.9600,100
34285027539445,09:31:25.027,46.0400,2
34285027539445,09:31:25.027,46.0400,81
34285028657663,09:31:25.028,46.0400,19
34285028657663,09:31:25.028,46.0400,13
34320215654147,09:32:00.215,46.0400,100
34320215916711,09:32:00.215,46.0400,226
34320215924924,09:32:00.215,46.0400,71
34320215948231,09:32:00.215,46.0300,195
34320216070422,09:32:00.216,46.0300,100
34320216651894,09:32:00.216,46.0200,100
34320256718790,09:32:00.256,46.0600,100
34320278152193,09:32:00.278,46.0600,10
34320278152193,09:32:00.278,46.0600,100
34320278152193,09:32:00.278,46.0700,190
34320659201381,09:32:00.659,46.0000,57
34322379531477,09:32:02.379,46.0800,100
34336192550776,09:32:16.192,46.0200,100
34336197264601,09:32:16.197,45.9500,100
34336197264601,09:32:16.197,45.9400,100
34336197264601,09:32:16.197,45.9400,100
34336197264601,09:32:16.197,45.9400,100
34336197331030,09:32:16.197,45.9400,100
34337304308256,09:32:17.304,45.9100,100
34337304308256,09:32:17.304,45.9100,100
34342310530619,09:32:22.310,45.8300,31
34342310547865,09:32:22.310,45.8300,69
34342310547865,09:32:22.310,45.8300,100
34342310547865,09:32:22.310,45.8300,13
34342310560316,09:32:22.310,45.8300,18
34342310571939,09:32:22.310,45.8300,110
34342310631233,09:32:22.310,45.8300,54
34343954112060,09:32:23.954,45.8300,100
34355578651041,09:32:35.578,45.8100,100
34381074415480,09:33:01.074,45.7500,100
34381074415480,09:33:01.074,45.7500,100
34381074520283,09:33:01.074,45.7700,100
34381074535328,09:33:01.074,45.7500,100
34381074609246,09:33:01.074,45.7600,100
34381074619504,09:33:01.074,45.7600,100
34381074635126,09:33:01.074,45.7600,100
34381074917750,09:33:01.074,45.7600,100
34381074993655,09:33:01.074,45.7600,100
34381075279079,09:33:01.075,45.7500,100
34381075393259,09:33:01.075,45.7500,100
34381075403029,09:33:01.075,45.7500,20
34381075610077,09:33:01.075,45.7500,80
34381075610077,09:33:01.075,45.7500,100
34381129583834,09:33:01.129,45.7000,100
34381184091041,09:33:01.184,45.7000,100
34385027857020,09:33:05.027,45.7000,109
34387703888980,09:33:07.703,45.7000,100
34387705834195,09:33:07.705,45.7100,100
34395862113768,09:33:15.862,45.7300,32
34395862169929,09:33:15.862,45.6950,100
34400329029844,09:33:20.329,45.7300,68
34400351866999,09:33:20.351,45.7200,100
34405159370681,09:33:25.159,45.6900,14
34427538729693,09:33:47.538,45.6900,100
34428053494750,09:33:48.053,45.7400,71
34428054682311,09:33:48.054,45.7500,24
34430846430600,09:33:50.846,45.7050,100
34430846977739,09:33:50.846,45.7100,100
34443557822824,09:34:03.557,45.6800,100
34445032550707,09:34:05.032,45.6800,100
34445033156737,09:34:05.033,45.6900,100
34445033194471,09:34:05.033,45.7000,100
34445033296800,09:34:05.033,45.6800,100
34445034470280,09:34:05.034,45.7300,100
34445590066140,09:34:05.590,45.7600,100
34445590066140,09:34:05.590,45.7600,100
34445590066140,09:34:05.590,45.7600,100
34445590757731,09:34:05.590,45.7600,10
34445590757731,09:34:05.590,45.7600,90
34445590783484,09:34:05.590,45.7600,10
34448268948662,09:34:08.268,45.7400,200
34448268948662,09:34:08.268,45.7400,100
34452002979997,09:34:12.002,45.7200,100
34457579442510,09:34:17.579,45.6800,100
34457912128793,09:34:17.912,45.6600,100
34457920894958,09:34:17.920,45.6100,100
34457920894958,09:34:17.920,45.6100,1
34457920894958,09:34:17.920,45.6100,500
34462640173155,09:34:22.640,45.5600,100
34462640438356,09:34:22.640,45.5600,100
34462640461500,09:34:22.640,45.5600,100
34462641347267,09:34:22.641,45.5600,100
34462642200749,09:34:22.642,45.5700,100
34462642213702,09:34:22.642,45.5600,18
34462642243479,09:34:22.642,45.5600,82
34463306326940,09:34:23.306,45.5600,100
34463330190933,09:34:23.330,45.5600,100
34463330190933,09:34:23.330,45.5600,100
34463330784470,09:34:23.330,45.5600,100
34463330875708,09:34:23.330,45.5600,100
34465907943040,09:34:25.907,45.5600,100
34466065204109,09:34:26.065,45.5600,1
34467555949608,09:34:27.555,45.6100,49
34467556342606,09:34:27.556,45.5850,100
34467556354098,09:34:27.556,45.6100,51
34470038920604,09:34:30.038,45.5900,100
34470038953946,09:34:30.038,45.5900,100
34470039679969,09:34:30.039,45.5900,100
34470040525503,09:34:30.040,45.5900,100
34470066599313,09:34:30.066,45.5800,5
34470066667753,09:34:30.066,45.5900,100
34470067639058,09:34:30.067,45.5900,100
34470068027861,09:34:30.068,45.5900,100
34470068100125,09:34:30.068,45.6000,100
34471251269600,09:34:31.251,45.5800,100
34475970305064,09:34:35.970,45.6000,7
34475995778183,09:34:35.995,45.5900,100
34475995778183,09:34:35.995,45.5900,100
34494662099784,09:34:54.662,45.5600,100
34496184006016,09:34:56.184,45.5900,100
34498332364024,09:34:58.332,45.5600,100
34498332393358,09:34:58.332,45.5600,100
34548160371573,09:35:48.160,45.5200,100
34548160371573,09:35:48.160,45.5200,100
34548160515471,09:35:48.160,45.5200,47
34548160527502,09:35:48.160,45.5200,148
34548167143950,09:35:48.167,45.5100,100
34548167328275,09:35:48.167,45.5100,100
34548168020570,09:35:48.168,45.5100,100
34548168020570,09:35:48.168,45.5100,100
34548189974775,09:35:48.189,45.5000,200
34555612586060,09:35:55.612,45.4800,100
34555612656080,09:35:55.612,45.4600,10
34555612656080,09:35:55.612,45.4600,90
34555612686476,09:35:55.612,45.4600,10
34555613350453,09:35:55.613,45.4600,10
34622473361864,09:37:02.473,45.2550,100
34628521241459,09:37:08.521,45.2550,100
34630715799072,09:37:10.715,45.2800,80
34630715827880,09:37:10.715,45.2400,100
34632989199821,09:37:12.989,45.2800,100
34632990320144,09:37:12.990,45.3000,100
34632990320144,09:37:12.990,45.3000,100
34632990338548,09:37:12.990,45.3200,100
34647367033111,09:37:27.367,45.3000,100
34647367443873,09:37:27.367,45.3600,72
34647367446547,09:37:27.367,45.3600,28
34647367464723,09:37:27.367,45.3700,91
34647367494312,09:37:27.367,45.3700,9
34647367693047,09:37:27.367,45.3700,100
34662922495591,09:37:42.922,45.2700,75
34662936137912,09:37:42.936,45.2400,100
34662936995260,09:37:42.936,45.2500,100
34662937019586,09:37:42.937,45.2500,100
34662937978104,09:37:42.937,45.2600,100
34662972330387,09:37:42.972,45.2600,100
34663236439658,09:37:43.236,45.2800,100
34682970698066,09:38:02.970,45.3300,100
34682970698066,09:38:02.970,45.3700,94
34682970723897,09:38:02.970,45.3700,6
34682970723897,09:38:02.970,45.3700,94
34682970994524,09:38:02.970,45.3800,100
34682972008295,09:38:02.972,45.3800,100
34682972008295,09:38:02.972,45.3800,100
34682972034922,09:38:02.972,45.3800,100
34682972497973,09:38:02.972,45.3700,90
34682982184072,09:38:02.982,45.3700,10
34682982184072,09:38:02.982,45.3700,100
34682982184072,09:38:02.982,45.3700,100
34682986809948,09:38:02.986,45.3600,100
34694293953844,09:38:14.293,45.3400,10
34694293953844,09:38:14.293,45.3400,40
34708441831742,09:38:28.441,45.3400,60
34743791753680,09:39:03.791,45.3750,100
34743791753680,09:39:03.791,45.4300,100
34743791763055,09:39:03.791,45.4300,100
34743791763055,09:39:03.791,45.4400,100
34743791793669,09:39:03.791,45.4500,77
34743792086637,09:39:03.792,45.4500,23
34743792119070,09:39:03.792,45.4500,77
34743792615081,09:39:03.792,45.4700,100
34743813530350,09:39:03.813,45.4400,81
34748448688201,09:39:08.448,45.4400,100
34748448809450,09:39:08.448,45.4600,45
34748448851225,09:39:08.448,45.4600,55
34748448851225,09:39:08.448,45.4600,45
34748448888380,09:39:08.448,45.4600,55
34748449002821,09:39:08.449,45.4600,100
34748449002821,09:39:08.449,45.4600,100
34748449002821,09:39:08.449,45.4600,45
34748449002821,09:39:08.449,45.4600,55
34748460576089,09:39:08.460,45.4800,100
34748460576089,09:39:08.460,45.4800,100
34748464232766,09:39:08.464,45.4800,100
34748464232766,09:39:08.464,45.4800,84
34748464278844,09:39:08.464,45.4800,16
34750552935182,09:39:10.552,45.4600,100
34750553576790,09:39:10.553,45.4500,100
34750553604653,09:39:10.553,45.4500,100
34750568687285,09:39:10.568,45.4400,100
34750568687285,09:39:10.568,45.4400,200
34750568801640,09:39:10.568,45.4400,100
34752928371813,09:39:12.928,45.4100,99
34761273000220,09:39:21.273,45.4200,7
34763389444636,09:39:23.389,45.4300,2
34764518695038,09:39:24.518,45.4800,38
34764518707959,09:39:24.518,45.4800,62
34765216014969,09:39:25.216,45.5700,100
34765216014969,09:39:25.216,45.5700,10
34806378365250,09:40:06.378,45.5500,100
34806378390395,09:40:06.378,45.5500,100
34806538155963,09:40:06.538,45.5200,29
34806540029898,09:40:06.540,45.5000,49
34822406776582,09:40:22.406,45.4300,12
34835437548057,09:40:35.437,45.4400,13
34835571662635,09:40:35.571,45.4300,56
34837911207108,09:40:37.911,45.4300,28
34843392323940,09:40:43.392,45.4200,100
34843392323940,09:40:43.392,45.4200,11
34843392702087,09:40:43.392,45.4200,1
34846299114400,09:40:46.299,45.4100,45
34853026083713,09:40:53.026,45.3500,3
34853488603016,09:40:53.488,45.3500,2
34853742699863,09:40:53.742,45.3500,1
34855896613184,09:40:55.896,45.3600,50
34856057789606,09:40:56.057,45.3600,25
34856423746980,09:40:56.423,45.3500,13
34856539026233,09:40:56.539,45.3400,56
34860675497995,09:41:00.675,45.3400,100
34860675497995,09:41:00.675,45.3300,19
34864148601395,09:41:04.148,45.3300,100
34864148643575,09:41:04.148,45.3300,78
34864268965227,09:41:04.268,45.3000,100
34864269018756,09:41:04.269,45.3000,28
34864269018756,09:41:04.269,45.3000,72
34864269431333,09:41:04.269,45.3000,28
34864269431333,09:41:04.269,45.3000,72
34864269891009,09:41:04.269,45.3100,100
34864269893846,09:41:04.269,45.3000,100
34864269916477,09:41:04.269,45.3000,100
34864269917878,09:41:04.269,45.3000,100
34864269931346,09:41:04.269,45.3000,100
34864270008404,09:41:04.270,45.3000,200
34864278349975,09:41:04.278,45.3000,4
34867043625887,09:41:07.043,45.3200,100
34867049733896,09:41:07.049,45.3000,100
34867049733896,09:41:07.049,45.3000,100
34867049733896,09:41:07.049,45.3000,30
34867060289636,09:41:07.060,45.3200,80
34867060315730,09:41:07.060,45.3200,20
34867060315730,09:41:07.060,45.3200,100
34867060315730,09:41:07.060,45.3200,1
34867063241475,09:41:07.063,45.3300,100
34867063965035,09:41:07.063,45.3400,100
34867064575621,09:41:07.064,45.3300,100
34867064745658,09:41:07.064,45.3500,100
34867073506800,09:41:07.073,45.3500,1
34867073506800,09:41:07.073,45.3500,100
34867073506800,09:41:07.073,45.3500,100
34867073570998,09:41:07.073,45.3500,100
34867073627392,09:41:07.073,45.3500,100
34867074052688,09:41:07.074,45.3600,28
34867074052688,09:41:07.074,45.3600,100
34867074052688,09:41:07.074,45.3600,100
34869567515396,09:41:09.567,45.3600,100
34869567515396,09:41:09.567,45.3500,57
34871974435245,09:41:11.974,45.3500,43
34872017565328,09:41:12.017,45.3300,28
34897185062317,09:41:37.185,45.2800,100
34897185062317,09:41:37.185,45.2800,100
34899246988300,09:41:39.246,45.2600,100
34899248774521,09:41:39.248,45.2500,700
34899248774521,09:41:39.248,45.2500,2
34899248806389,09:41:39.248,45.2500,98
34900239397971,09:41:40.239,45.2600,100
34900248644681,09:41:40.248,45.2700,200
34900248646847,09:41:40.248,45.2600,100
34900332874911,09:41:40.332,45.2600,100
34900673529607,09:41:40.673,45.2900,5
34900673529607,09:41:40.673,45.2900,100
34901608981740,09:41:41.608,45.2700,100
34901608981740,09:41:41.608,45.2600,57
34903285465361,09:41:43.285,45.2600,143
34907909130634,09:41:47.909,45.2100,100
34915930368583,09:41:55.930,45.2000,100
34915930368583,09:41:55.930,45.2000,86
34917198469347,09:41:57.198,45.2800,100
34917198469347,09:41:57.198,45.2900,100
34917198469347,09:41:57.198,45.2900,100
34917198469347,09:41:57.198,45.2900,100
34917201205061,09:41:57.201,45.3000,243
34920628578546,09:42:00.628,45.2700,100
34920628578546,09:42:00.628,45.2500,57
34924733499013,09:42:04.733,45.2700,78
34926779382871,09:42:06.779,45.2700,22
34926779382871,09:42:06.779,45.2700,100
34926779382871,09:42:06.779,45.2500,43
34926779382871,09:42:06.779,45.2500,78
34926893692207,09:42:06.893,45.2500,122
34926893692207,09:42:06.893,45.2500,100
34926893692207,09:42:06.893,45.2500,27
34926895097418,09:42:06.895,45.2400,27
34930976611339,09:42:10.976,45.1900,100
34930976611339,09:42:10.976,45.1900,92
34930983790281,09:42:10.983,45.2600,11
34933180439311,09:42:13.180,45.2000,10
34934526995216,09:42:14.526,45.2600,100
34934526995216,09:42:14.526,45.2700,4
34934526995216,09:42:14.526,45.2700,7
34935247648025,09:42:15.247,45.2100,91
34937431762690,09:42:17.431,45.2000,3
34937431869827,09:42:17.431,45.2200,100
34941612728339,09:42:21.612,45.2000,100
34953168420291,09:42:33.168,45.1800,100
34953463469385,09:42:33.463,45.2100,100
34953463737788,09:42:33.463,45.2200,100
34953463782299,09:42:33.463,45.2300,29
34958218462026,09:42:38.218,45.2200,100
34958218462026,09:42:38.218,45.2100,29
34958218462026,09:42:38.218,45.2100,100
34958218462026,09:42:38.218,45.2100,271
34958218930453,09:42:38.218,45.2300,100
34958239144033,09:42:38.239,45.2200,100
34958239144033,09:42:38.239,45.2200,41
34958247569068,09:42:38.247,45.2100,100
34958255900299,09:42:38.255,45.2100,100
34961930535757,09:42:41.930,45.2400,100
34961930535757,09:42:41.930,45.2300,19
34964234986045,09:42:44.234,45.2300,111
34964234986045,09:42:44.234,45.2300,111
34966453177296,09:42:46.453,45.2600,100
34966457413640,09:42:46.457,45.2200,100
34966457413640,09:42:46.457,45.2200,57
34966593483748,09:42:46.593,45.2200,43
34966593872338,09:42:46.593,45.2300,100
34980245012666,09:43:00.245,45.2800,1
34980245012666,09:43:00.245,45.2800,2
34980245012666,09:43:00.245,45.2800,5
34980245038860,09:43:00.245,45.2800,95
35040504450142,09:44:00.504,45.4500,100
35040504450142,09:44:00.504,45.4500,100
35044923827105,09:44:04.923,45.4400,100
35044924440375,09:44:04.924,45.4300,100
35044924532909,09:44:04.924,45.4200,100
35048592439907,09:44:08.592,45.4000,100
35048592439907,09:44:08.592,45.4000,100
35048635675863,09:44:08.635,45.3500,200
35060040356474,09:44:20.040,45.3700,100
35071183117159,09:44:31.183,45.3500,85
35071183349987,09:44:31.183,45.3500,15
35071186632614,09:44:31.186,45.2900,20
35071189044657,09:44:31.189,45.3000,44
35075970616520,09:44:35.970,45.3600,100
35075970866933,09:44:35.970,45.3500,100
35075970866933,09:44:35.970,45.3500,57
35075970914956,09:44:35.970,45.3500,43
35075971321913,09:44:35.971,45.3000,20
35075971906666,09:44:35.971,45.3000,30
35093439050527,09:44:53.439,45.3600,100
35095479857475,09:44:55.479,45.4200,24
35095481577579,09:44:55.481,45.4200,76
35099822861569,09:44:59.822,45.4600,100
35100362854733,09:45:00.362,45.4500,100
35100362869915,09:45:00.362,45.4500,100
35100363924973,09:45:00.363,45.4500,100
35100363924973,09:45:00.363,45.4500,100
35114070858563,09:45:14.070,45.4900,1
35114070976005,09:45:14.070,45.4900,45
35151668268160,09:45:51.668,45.5000,100
35154267184400,09:45:54.267,45.4800,80
35155186246002,09:45:55.186,45.4800,20
35155186246002,09:45:55.186,45.4800,22
35156994699394,09:45:56.994,45.4800,78
35156994699394,09:45:56.994,45.4800,86
35159031398917,09:45:59.031,45.4800,82
35161181757704,09:46:01.181,45.4800,41
35163524792252,09:46:03.524,45.4800,20
35165657660188,09:46:05.657,45.4800,10
35169585115564,09:46:09.585,45.4900,5
35171607258458,09:46:11.607,45.5100,28
35174092338706,09:46:14.092,45.5100,64
35177145965473,09:46:17.145,45.5300,32
35179414329829,09:46:19.414,45.5300,78
35179414329829,09:46:19.414,45.5300,32
35181467345365,09:46:21.467,45.5300,58
35184163743579,09:46:24.163,45.5300,29
35187320932651,09:46:27.320,45.5300,15
35189352761279,09:46:29.352,45.5300,7
35189897674406,09:46:29.897,45.5300,1
35189897674406,09:46:29.897,45.5300,29
35189897674406,09:46:29.897,45.5300,70
35192321682293,09:46:32.321,45.5300,10
35192321682293,09:46:32.321,45.5200,100
35196674752730,09:46:36.674,45.5200,47
35199143203765,09:46:39.143,45.5100,12
35205899545721,09:46:45.899,45.4800,10
35205899545721,09:46:45.899,45.4800,100
35211619633147,09:46:51.619,45.4900,24
35211619633147,09:46:51.619,45.4900,49
35211619633147,09:46:51.619,45.4800,24
35211619633147,09:46:51.619,45.4800,3
35220027345747,09:47:00.027,45.4600,98
35222065107308,09:47:02.065,45.4600,2
35222065107308,09:47:02.065,45.4500,100
35222065107308,09:47:02.065,45.4500,36
35224124897224,09:47:04.124,45.4500,97
35224124897224,09:47:04.124,45.4500,63
35226180252074,09:47:06.180,45.4600,2
35226180252074,09:47:06.180,45.4600,37
35226181300800,09:47:06.181,45.4500,1
35226181300800,09:47:06.181,45.4500,40
35228194737256,09:47:08.194,45.4700,69
35230297321474,09:47:10.297,45.4700,1
35238955857002,09:47:18.955,45.5400,10
35245159300680,09:47:25.159,45.5100,100
35250127212960,09:47:30.127,45.5300,18
35250130611696,09:47:30.130,45.5200,100
35250130794066,09:47:30.130,45.5200,100
35253229555451,09:47:33.229,45.4300,100
35253229555451,09:47:33.229,45.4300,100
35253229638294,09:47:33.229,45.4500,100
35253249065810,09:47:33.249,45.4400,100
35253249065810,09:47:33.249,45.4400,60
35253249135288,09:47:33.249,45.4400,40
35253249135288,09:47:33.249,45.4400,1
35253249822694,09:47:33.249,45.4500,200
35253249839740,09:47:33.249,45.4600,51
35253249853069,09:47:33.249,45.4600,49
35253249853069,09:47:33.249,45.4600,98
35253249855345,09:47:33.249,45.4600,2
35255419542832,09:47:35.419,45.4600,110
35257640437019,09:47:37.640,45.4500,100
35257649308161,09:47:37.649,45.4700,10
35258141824365,09:47:38.141,45.4800,100
35259828691219,09:47:39.828,45.4700,10
35259829500429,09:47:39.829,45.4600,64
35259829500429,09:47:39.829,45.4600,200
35259829580643,09:47:39.829,45.4700,100
35259830467909,09:47:39.830,45.4700,26
35260215247288,09:47:40.215,45.4900,100
35268927527192,09:47:48.927,45.4500,100
35268927625209,09:47:48.927,45.4700,100
35269099564332,09:47:49.099,45.4600,200
35271126967572,09:47:51.126,45.4600,100
35271126967572,09:47:51.126,45.4600,4
35273760723321,09:47:53.760,45.4600,100
35276014508327,09:47:56.014,45.4500,190
35276015325659,09:47:56.015,45.4600,200
35276015689588,09:47:56.015,45.4700,100
35276015689588,09:47:56.015,45.4700,100
35276018581785,09:47:56.018,45.4700,54
35276018627590,09:47:56.018,45.4700,46
35276018833241,09:47:56.018,45.4700,91
35276018908824,09:47:56.018,45.4700,9
35276019576424,09:47:56.019,45.4700,100
35276019576424,09:47:56.019,45.4700,100
35276019739170,09:47:56.019,45.4700,100
35276429203642,09:47:56.429,45.4600,100
35276429257790,09:47:56.429,45.4600,2
35278812259856,09:47:58.812,45.4400,2
35280882930871,09:48:00.882,45.4100,8
35281852101411,09:48:01.852,45.4600,17
35281852126451,09:48:01.852,45.4600,83
35281852126451,09:48:01.852,45.4600,100
35281887112483,09:48:01.887,45.4700,100
35282181965220,09:48:02.181,45.4500,100
35282182053892,09:48:02.182,45.4700,100
35282182108166,09:48:02.182,45.4700,100
35282182113551,09:48:02.182,45.4700,100
35282182113551,09:48:02.182,45.4700,100
35282182184216,09:48:02.182,45.4500,100
35282182662347,09:48:02.182,45.4600,100
35282183027488,09:48:02.183,45.4700,100
35282183265277,09:48:02.183,45.4700,100
35282183265277,09:48:02.183,45.4700,100
35282183265277,09:48:02.183,45.4600,100
35282183265277,09:48:02.183,45.4600,100
35282183265277,09:48:02.183,45.4500,100
35282183994373,09:48:02.183,45.4600,200
35282183994373,09:48:02.183,45.4600,130
35282184573607,09:48:02.184,45.4600,27
35282184849497,09:48:02.184,45.4500,100
35282185310949,09:48:02.185,45.4500,5
35282185327772,09:48:02.185,45.4500,95
35282185327772,09:48:02.185,45.4500,27
35282198572807,09:48:02.198,45.4600,100
35282198572807,09:48:02.198,45.4600,100
35282299775464,09:48:02.299,45.4600,100
35283828794526,09:48:03.828,45.4400,100
35286875911288,09:48:06.875,45.4000,100
35287872850201,09:48:07.872,45.3700,100
35287872850201,09:48:07.872,45.3700,100
35288082899618,09:48:08.082,45.3800,100
35290183433691,09:48:10.183,45.4300,100
35291251548694,09:48:11.251,45.3800,100
35291251548694,09:48:11.251,45.3800,100
35291251548694,09:48:11.251,45.3700,100
35293349778487,09:48:13.349,45.3700,100
35294840552171,09:48:14.840,45.3600,100
35295622239762,09:48:15.622,45.3500,160
35304458826235,09:48:24.458,45.3700,100
35306472361386,09:48:26.472,45.3600,100
35306472361386,09:48:26.472,45.3600,100
35306472361386,09:48:26.472,45.3600,100
35306472457850,09:48:26.472,45.3800,100
35308546024600,09:48:28.546,45.3800,100
35308546024600,09:48:28.546,45.3700,200
35308554624670,09:48:28.554,45.4300,99
35308554648782,09:48:28.554,45.4300,1
35308555115628,09:48:28.555,45.4300,100
35308555151415,09:48:28.555,45.4300,100
35308555429280,09:48:28.555,45.4300,100
35308555985100,09:48:28.555,45.4400,100
35308556620745,09:48:28.556,45.4500,100
35308556904548,09:48:28.556,45.4500,100
35308556904548,09:48:28.556,45.4500,98
35312631530993,09:48:32.631,45.3900,12
35312631530993,09:48:32.631,45.3900,100
35313222308374,09:48:33.222,45.4000,100
35314723485493,09:48:34.723,45.3800,100
35314723485493,09:48:34.723,45.3800,100
35314723485493,09:48:34.723,45.3800,100
35316923858832,09:48:36.923,45.3800,2
35319001552753,09:48:39.001,45.3600,100
35320829277271,09:48:40.829,45.3600,99
35320829346983,09:48:40.829,45.3600,1
35320835411005,09:48:40.835,45.3500,200
35322928279234,09:48:42.928,45.3300,100
35322928279234,09:48:42.928,45.3100,100
35324968003606,09:48:44.968,45.3300,100
35327058434443,09:48:47.058,45.3500,98
35327058628336,09:48:47.058,45.3500,2
35327133677501,09:48:47.133,45.3500,100
35329220816179,09:48:49.220,45.3600,100
35331332148021,09:48:51.332,45.3500,100
35335839577972,09:48:55.839,45.3100,100
35335839675242,09:48:55.839,45.3300,100
35338560533067,09:48:58.560,45.3000,200
35338560533067,09:48:58.560,45.3000,100
35338575334589,09:48:58.575,45.3200,100
35340690181822,09:49:00.690,45.3300,100
35340690254295,09:49:00.690,45.3400,100
35344741797463,09:49:04.741,45.3400,200
35345073566489,09:49:05.073,45.3600,100
35345073591010,09:49:05.073,45.3600,100
35347165286061,09:49:07.165,45.3500,111
35349944579691,09:49:09.944,45.3400,100
35349944579691,09:49:09.944,45.3400,100
35354182828463,09:49:14.182,45.3300,100
35358672565193,09:49:18.672,45.2900,100
35361393953843,09:49:21.393,45.2600,89
35365695713886,09:49:25.695,45.2500,100
35366507785772,09:49:26.507,45.2600,5
35366507811375,09:49:26.507,45.2600,95
35366507811375,09:49:26.507,45.2600,100
35366507847385,09:49:26.507,45.2600,100
35366507939749,09:49:26.507,45.2600,200
35366507948289,09:49:26.507,45.2600,100
35366508598078,09:49:26.508,45.2700,40
35366508675140,09:49:26.508,45.2700,60
35366508675140,09:49:26.508,45.2700,3
35366626127570,09:49:26.626,45.2700,36
35368923913965,09:49:28.923,45.2400,40
35368923913965,09:49:28.923,45.2400,100
35368923913965,09:49:28.923,45.2400,100
35371319623308,09:49:31.319,45.2400,100
35371319623308,09:49:31.319,45.2400,91
35371319657926,09:49:31.319,45.2400,9
35371319681244,09:49:31.319,45.2400,100
35371428835014,09:49:31.428,45.2400,12
35373336082221,09:49:33.336,45.2100,40
35375386471777,09:49:35.386,45.2100,100
35375386471777,09:49:35.386,45.2000,80
35379763743725,09:49:39.763,45.2300,100
35379763743725,09:49:39.763,45.2300,2
35386636937088,09:49:46.636,45.2300,100
35389433348830,09:49:49.433,45.1600,100
35390890755713,09:49:50.890,45.1600,100
35390893043978,09:49:50.893,45.1700,100
35390894006853,09:49:50.894,45.1800,100
35390894006853,09:49:50.894,45.1800,100
35390917004982,09:49:50.917,45.1800,70
35390917004982,09:49:50.917,45.1900,30
35390917030401,09:49:50.917,45.1900,70
35392017510001,09:49:52.017,45.1900,10
35392017510001,09:49:52.017,45.1900,40
35392017510001,09:49:52.017,45.2000,50
35392017537294,09:49:52.017,45.2000,50
35393026922079,09:49:53.026,45.1600,100
35393940519329,09:49:53.940,45.1900,40
35393940519329,09:49:53.940,45.1900,40
35393940519329,09:49:53.940,45.1900,16
35394308996388,09:49:54.308,45.1400,100
35396593465934,09:49:56.593,45.1200,200
35396593465934,09:49:56.593,45.1200,11
35396596397538,09:49:56.596,45.1000,4
35398628385451,09:49:58.628,45.0900,100
35398628385451,09:49:58.628,45.0900,13
35398649367833,09:49:58.649,45.1400,100
35400970163044,09:50:00.970,45.1000,100
35400970163044,09:50:00.970,45.0900,100
35407197643876,09:50:07.197,45.1600,100
35407197643876,09:50:07.197,45.1600,100
35407197643876,09:50:07.197,45.1600,100
35407205833185,09:50:07.205,45.1700,100
35407206704743,09:50:07.206,45.1700,100
35407206704743,09:50:07.206,45.1700,100
35407206704743,09:50:07.206,45.1700,200
35407206935464,09:50:07.206,45.1700,62
35407206980267,09:50:07.206,45.1700,38
35419469688237,09:50:19.469,45.1300,100
35419469695790,09:50:19.469,45.1300,81
35419469921200,09:50:19.469,45.1300,19
35424320833255,09:50:24.320,45.1600,100
35451795232084,09:50:51.795,45.2200,2
35451933836752,09:50:51.933,45.1800,2
35469147505742,09:51:09.147,45.2300,100
35469147505742,09:51:09.147,45.2300,34
35473632558620,09:51:13.632,45.2700,2
35497581073816,09:51:37.581,45.2500,2
35497581213810,09:51:37.581,45.2600,100
35497581213810,09:51:37.581,45.2600,100
35497604571616,09:51:37.604,45.2700,100
35497654874062,09:51:37.654,45.2700,100
35497654874062,09:51:37.654,45.2700,94
35497686996392,09:51:37.686,45.2700,6
35497686996392,09:51:37.686,45.2700,100
35497686996392,09:51:37.686,45.2700,100
35497686996392,09:51:37.686,45.2700,31
35497687287837,09:51:37.687,45.2700,69
35497687287837,09:51:37.687,45.2700,100
35497687287837,09:51:37.687,45.2700,68
35497687366269,09:51:37.687,45.2700,32
35497687366269,09:51:37.687,45.2700,205
35497687417179,09:51:37.687,45.2700,95
35497687561597,09:51:37.687,45.2700,100
35497875338926,09:51:37.875,45.2700,112
35498835295170,09:51:38.835,45.2800,100
35498836466238,09:51:38.836,45.2900,100
35498836466238,09:51:38.836,45.2900,100
35498842201616,09:51:38.842,45.2900,100
35498842326467,09:51:38.842,45.2900,100
35498842419157,09:51:38.842,45.2900,100
35498885182566,09:51:38.885,45.2800,100
35499517956633,09:51:39.517,45.3000,100
35499517956633,09:51:39.517,45.3000,100
35500237718773,09:51:40.237,45.3100,100
35500237718773,09:51:40.237,45.3100,100
35500331913096,09:51:40.331,45.2800,100
35500343410667,09:51:40.343,45.2900,100
35500343410667,09:51:40.343,45.2900,100
35501153365342,09:51:41.153,45.3000,134
35501155033775,09:51:41.155,45.3000,100
35502286869054,09:51:42.286,45.3000,220
35504404709934,09:51:44.404,45.3200,24
35504404718970,09:51:44.404,45.3200,76
35504404718970,09:51:44.404,45.3200,34
35504404720603,09:51:44.404,45.3200,66
35504405237039,09:51:44.405,45.3300,100
35504417862756,09:51:44.417,45.3300,54
35504418708985,09:51:44.418,45.3300,46
35504418708985,09:51:44.418,45.3300,54
35504418761708,09:51:44.418,45.3300,24
35504418799414,09:51:44.418,45.3300,22
35504418799414,09:51:44.418,45.3300,20
35504418799414,09:51:44.418,45.3300,100
35504418799414,09:51:44.418,45.3300,100
35522844265137,09:52:02.844,45.3200,100
35522844630278,09:52:02.844,45.3200,4
35530581623864,09:52:10.581,45.3100,100
35530581853710,09:52:10.581,45.3100,100
35536755307295,09:52:16.755,45.3000,100
35544369014774,09:52:24.369,45.3000,102
35546904344333,09:52:26.904,45.3000,98
35546904344333,09:52:26.904,45.2900,2
35546987919190,09:52:26.987,45.2900,2
35546988064137,09:52:26.988,45.2900,25
35546988064137,09:52:26.988,45.2900,175
35546988228570,09:52:26.988,45.2900,100
35546994077823,09:52:26.994,45.2900,100
35546994077823,09:52:26.994,45.2900,10
35546994077823,09:52:26.994,45.2900,10
35546994077823,09:52:26.994,45.2900,25
35546994211653,09:52:26.994,45.2900,100
35546994211653,09:52:26.994,45.2900,100
35546994276458,09:52:26.994,45.2900,100
35546994276458,09:52:26.994,45.2900,100
35546995508543,09:52:26.995,45.3000,100
35546999213467,09:52:26.999,45.2900,100
35547089795626,09:52:27.089,45.2800,100
35547090397031,09:52:27.090,45.2900,100
35547090424563,09:52:27.090,45.2900,40
35547090425769,09:52:27.090,45.2900,60
35547271322251,09:52:27.271,45.2900,100
35547271322251,09:52:27.271,45.2900,200
35547271545902,09:52:27.271,45.2900,100
35547271545902,09:52:27.271,45.2900,100
35547271545902,09:52:27.271,45.2900,100
35547314075957,09:52:27.314,45.2700,70
35549708784854,09:52:29.708,45.3000,36
35549708802865,09:52:29.708,45.3000,64
35549708802865,09:52:29.708,45.3000,100
35549708802865,09:52:29.708,45.3000,100
35549708802865,09:52:29.708,45.3000,100
35549708802865,09:52:29.708,45.3000,200
35549709246399,09:52:29.709,45.3100,100
35549709246399,09:52:29.709,45.3100,100
35549709246399,09:52:29.709,45.3100,100
35549731599016,09:52:29.731,45.3100,100
35549731599016,09:52:29.731,45.3100,156
35549731655927,09:52:29.731,45.3100,44
35555972112224,09:52:35.972,45.2900,100
35563420222086,09:52:43.420,45.3000,200
35563420222086,09:52:43.420,45.3000,100
35568929934552,09:52:48.929,45.3100,100
35571788926692,09:52:51.788,45.3300,1
35586669530950,09:53:06.669,45.3200,57
35586669564324,09:53:06.669,45.3200,43
35612030029932,09:53:32.030,45.3200,2
35612034337523,09:53:32.034,45.3100,98
35621401596052,09:53:41.401,45.3300,35
35625610723274,09:53:45.610,45.3600,19
35625610748981,09:53:45.610,45.3600,62
35625610750328,09:53:45.610,45.3600,19
35625610750328,09:53:45.610,45.3600,81
35625610762130,09:53:45.610,45.3600,19
35625636460890,09:53:45.636,45.3300,100
35640837395887,09:54:00.837,45.3900,100
35640838398210,09:54:00.838,45.4000,100
35662983492210,09:54:22.983,45.4000,100
35666584408628,09:54:26.584,45.4200,100
35667205544229,09:54:27.205,45.4200,24
35668405544397,09:54:28.405,45.4300,100
35668636069271,09:54:28.636,45.4200,2
35668636069271,09:54:28.636,45.4200,98
35679828435447,09:54:39.828,45.4200,100
35679828450465,09:54:39.828,45.4200,6
35679828450465,09:54:39.828,45.4200,100
35679894808614,09:54:39.894,45.3900,15
35680378442104,09:54:40.378,45.3900,100
35683819226905,09:54:43.819,45.3700,100
35683867392856,09:54:43.867,45.3700,100
35693920888760,09:54:53.920,45.4000,100
35725523055238,09:55:25.523,45.4200,100
35728523655141,09:55:28.523,45.4200,2
35728523655141,09:55:28.523,45.4200,100
35745717330804,09:55:45.717,45.4100,100
35745717704677,09:55:45.717,45.4100,100
35745845471399,09:55:45.845,45.4000,78
35748649089928,09:55:48.649,45.4100,20
35748649089928,09:55:48.649,45.4000,2
35748649120777,09:55:48.649,45.4000,20
35755154913768,09:55:55.154,45.4200,151
35755154917853,09:55:55.154,45.4200,49
35755154917853,09:55:55.154,45.4200,78
35755154919531,09:55:55.154,45.4200,22
35761181146125,09:56:01.181,45.4100,100
35763890625333,09:56:03.890,45.4000,102
35764157861897,09:56:04.157,45.4000,100
35764161302320,09:56:04.161,45.4000,98
35764161302320,09:56:04.161,45.3800,4
35764311430502,09:56:04.311,45.3900,2
35764348041971,09:56:04.348,45.3900,22
35764348041971,09:56:04.348,45.3900,78
35764348095208,09:56:04.348,45.3900,22
35764348095208,09:56:04.348,45.3900,21
35764348095208,09:56:04.348,45.3900,10
35764577639819,09:56:04.577,45.3800,8
35765805772063,09:56:05.805,45.3900,100
35765805772063,09:56:05.805,45.3900,100
35765806482465,09:56:05.806,45.3900,100
35768125311646,09:56:08.125,45.4000,100
35779710639042,09:56:19.710,45.4000,100
35793164936516,09:56:33.164,45.4000,100
35799466046854,09:56:39.466,45.3900,100
35805792994157,09:56:45.792,45.3800,100
35826420215639,09:57:06.420,45.4100,100
35826423106994,09:57:06.423,45.4300,100
35826423106994,09:57:06.423,45.4300,20
35826423132434,09:57:06.423,45.4300,80
35826423132434,09:57:06.423,45.4300,100
35826619289463,09:57:06.619,45.4400,100
35826619289463,09:57:06.619,45.4400,100
35826905524523,09:57:06.905,45.4400,2
35844708174121,09:57:24.708,45.4000,100
35844708174121,09:57:24.708,45.4000,100
35844708244588,09:57:24.708,45.4000,76
35844708246309,09:57:24.708,45.4000,24
35844708246309,09:57:24.708,45.3900,100
35844708278734,09:57:24.708,45.4000,100
35854847398793,09:57:34.847,45.4000,100
35856816032813,09:57:36.816,45.3500,100
35856816032813,09:57:36.816,45.3500,100
35862218622556,09:57:42.218,45.3200,300
35863217240355,09:57:43.217,45.3200,100
35863217240355,09:57:43.217,45.3100,100
35863217240355,09:57:43.217,45.3100,100
35863232215537,09:57:43.232,45.3100,57
35870386582548,09:57:50.386,45.3100,2
35870386582548,09:57:50.386,45.3100,4
35872809484986,09:57:52.809,45.3100,1
35874860337388,09:57:54.860,45.3500,100
35874860353776,09:57:54.860,45.3600,100
35876740769085,09:57:56.740,45.3500,75
35878776317195,09:57:58.776,45.3500,19
35880640969344,09:58:00.640,45.3500,6
35880640969344,09:58:00.640,45.3500,24
35882185329875,09:58:02.185,45.4000,100
35882185329875,09:58:02.185,45.4000,100
35882774777179,09:58:02.774,45.4000,100
35882779896812,09:58:02.779,45.3900,46
35891975260553,09:58:11.975,45.3900,1
35899237140463,09:58:19.237,45.4000,100
35900194461118,09:58:20.194,45.4100,100
35900195080510,09:58:20.195,45.4100,100
35900227825490,09:58:20.227,45.3800,44
35900340148702,09:58:20.340,45.3800,39
35901767051157,09:58:21.767,45.4000,100
35901770390043,09:58:21.770,45.4000,100
35901770390043,09:58:21.770,45.4000,100
35901770390043,09:58:21.770,45.4000,100
35903977368042,09:58:23.977,45.3600,35
35905996422537,09:58:25.996,45.3500,24
35905996422537,09:58:25.996,45.3500,25
35910191585257,09:58:30.191,45.3600,3
35910250149011,09:58:30.250,45.3900,100
35927141157623,09:58:47.141,45.3900,2
35933557555253,09:58:53.557,45.3800,17
35940932808433,09:59:00.932,45.3800,32
35943034324303,09:59:03.034,45.3800,8
35946253174118,09:59:06.253,45.3900,7
35954886319024,09:59:14.886,45.4000,1
35955148416223,09:59:15.148,45.4300,100
35956243502144,09:59:16.243,45.4200,100
35957166073252,09:59:17.166,45.4000,36
35957272335838,09:59:17.272,45.4000,9
35957393100751,09:59:17.393,45.4000,54
35957393100751,09:59:17.393,45.4000,46
35957393156251,09:59:17.393,45.4000,54
35957408142334,09:59:17.408,45.3800,60
35957408142334,09:59:17.408,45.3800,45
35957408534538,09:59:17.408,45.3800,1
35958239476396,09:59:18.239,45.4000,100
35959305123226,09:59:19.305,45.4000,92
35960837356483,09:59:20.837,45.4100,23
35962971105338,09:59:22.971,45.4100,6
35963417193097,09:59:23.417,45.4100,94
35965533473390,09:59:25.533,45.4000,50
35967635548550,09:59:27.635,45.4000,13
35969775236918,09:59:29.775,45.4000,3
35969803295790,09:59:29.803,45.4000,34
35969803295790,09:59:29.803,45.4000,77
35969803350612,09:59:29.803,45.4000,23
35974417964521,09:59:34.417,45.3800,15
35976799797128,09:59:36.799,45.3800,3
35978891868479,09:59:38.891,45.3800,1
35987984040174,09:59:47.984,45.3800,49
35989253791616,09:59:49.253,45.3800,12
35991333128858,09:59:51.333,45.3800,20
35991333128858,09:59:51.333,45.3800,8
35991462962065,09:59:51.462,45.3800,7
35994274554164,09:59:54.274,45.3800,2
35998739460549,09:59:58.739,45.3800,4
36000003177326,10:00:00.003,45.3800,79
36000003177326,10:00:00.003,45.3800,100
36000006275670,10:00:00.006,45.3500,24
36000008208980,10:00:00.008,45.3400,100
36000189415869,10:00:00.189,45.3200,100
36000189415869,10:00:00.189,45.3200,100
36000189415869,10:00:00.189,45.3200,100
36004164809657,10:00:04.164,45.3300,100
36004169807998,10:00:04.169,45.3200,100
36004199738959,10:00:04.199,45.3100,100
36004763384822,10:00:04.763,45.3200,100
36004763384822,10:00:04.763,45.3200,100
36005922369916,10:00:05.922,45.2900,44
36005925376602,10:00:05.925,45.2900,44
36005926952250,10:00:05.926,45.2900,44
36005928226933,10:00:05.928,45.2900,44
36005936019121,10:00:05.936,45.2800,44
36005936709220,10:00:05.936,45.2800,44
36005937369603,10:00:05.937,45.2800,12
36005937369603,10:00:05.937,45.2800,32
36005938844392,10:00:05.938,45.2800,44
36005946377439,10:00:05.946,45.2800,44
36005967182992,10:00:05.967,45.2800,44
36005967339403,10:00:05.967,45.2800,36
36005967339403,10:00:05.967,45.2800,8
36005967384053,10:00:05.967,45.2800,24
36005967384053,10:00:05.967,45.2800,20
36005967568287,10:00:05.967,45.2800,32
36005969270513,10:00:05.969,45.2800,44
36005971511573,10:00:05.971,45.2800,44
36005971564201,10:00:05.971,45.2800,12
36005977507065,10:00:05.977,45.2700,44
36005978042072,10:00:05.978,45.2700,44
36006892639597,10:00:06.892,45.2700,68
36006892639597,10:00:06.892,45.2700,8
36006893081018,10:00:06.893,45.2700,36
36006893081018,10:00:06.893,45.2700,52
36006893278239,10:00:06.893,45.2800,44
36006893428552,10:00:06.893,45.2800,56
36006893428552,10:00:06.893,45.2800,44
36006893727268,10:00:06.893,45.2800,4
36006893727268,10:00:06.893,45.2800,40
36006893828328,10:00:06.893,45.2800,60
36006893828328,10:00:06.893,45.2800,100
36006894353013,10:00:06.894,45.2700,100
36006894696168,10:00:06.894,45.2900,100
36006894696168,10:00:06.894,45.2900,100
36006894696168,10:00:06.894,45.2900,200
36006894788861,10:00:06.894,45.2900,100
36006894812168,10:00:06.894,45.2900,100
36006894812168,10:00:06.894,45.2900,100
36006894819236,10:00:06.894,45.2900,100
36006894868930,10:00:06.894,45.2900,100
36006895365511,10:00:06.895,45.2600,156
36006895573363,10:00:06.895,45.2600,32
36006896701470,10:00:06.896,45.2700,100
36006896997121,10:00:06.896,45.2700,19
36006897024409,10:00:06.897,45.2700,81
36006897024409,10:00:06.897,45.2700,53
36006897207536,10:00:06.897,45.2700,21
36006898757669,10:00:06.898,45.2700,44
36006898784492,10:00:06.898,45.2700,56
36006899317208,10:00:06.899,45.2700,19
36006899325865,10:00:06.899,45.2700,81
36006899325865,10:00:06.899,45.2800,100
36006899325865,10:00:06.899,45.2800,200
36006899325865,10:00:06.899,45.2800,100
36006899929545,10:00:06.899,45.2900,19
36006899936394,10:00:06.899,45.2900,81
36006900585040,10:00:06.900,45.3000,100
36006900585040,10:00:06.900,45.3000,1000
36006900637876,10:00:06.900,45.2900,100
36006900658702,10:00:06.900,45.2900,100
36006900679097,10:00:06.900,45.2900,10
36006902127239,10:00:06.902,45.2800,154
36006902154054,10:00:06.902,45.2800,46
36006902154054,10:00:06.902,45.2800,100
36006902154054,10:00:06.902,45.2800,46
36006902552141,10:00:06.902,45.2900,100
36006902552141,10:00:06.902,45.2900,100
36006903305938,10:00:06.903,45.2900,100
36006903355715,10:00:06.903,45.2900,100
36006903355715,10:00:06.903,45.2900,100
36006903397843,10:00:06.903,45.2800,100
36006903425903,10:00:06.903,45.2800,54
36006903741991,10:00:06.903,45.2800,200
36006909532536,10:00:06.909,45.2800,100
36006909532536,10:00:06.909,45.2700,100
36007028351117,10:00:07.028,45.2900,100
36007155617574,10:00:07.155,45.2800,41
36008048408813,10:00:08.048,45.3100,100
36008048408813,10:00:08.048,45.3100,100
36008661510957,10:00:08.661,45.3000,100
36008986732565,10:00:08.986,45.3000,80
36009182113420,10:00:09.182,45.3100,100
36009182113420,10:00:09.182,45.3100,403
36009182464834,10:00:09.182,45.3000,379
36009182464834,10:00:09.182,45.3000,21
36009183276853,10:00:09.183,45.3100,21
36009183276853,10:00:09.183,45.3100,10
36009183276853,10:00:09.183,45.3100,69
36009189591819,10:00:09.189,45.3100,31
36009189591819,10:00:09.189,45.3100,100
36009189591819,10:00:09.189,45.3100,6
36009220939139,10:00:09.220,45.2700,100
36009220939139,10:00:09.220,45.2700,76
36009365869459,10:00:09.365,45.2500,44
36009365977529,10:00:09.365,45.2500,56
36009597060267,10:00:09.597,45.2700,51
36011158791652,10:00:11.158,45.2300,12
36011158791652,10:00:11.158,45.2300,2
36011262540185,10:00:11.262,45.2600,200
36011306009950,10:00:11.306,45.2600,10
36011306009950,10:00:11.306,45.2600,90
36011471240914,10:00:11.471,45.2300,37
36012286916048,10:00:12.286,45.2600,10
36012562613769,10:00:12.562,45.2500,61
36012562663425,10:00:12.562,45.2500,39
36012562663425,10:00:12.562,45.2500,3
36013132649100,10:00:13.132,45.2400,100
36013133619272,10:00:13.133,45.2300,100
36013473786359,10:00:13.473,45.2300,100
36014498942251,10:00:14.498,45.2300,100
36014642266257,10:00:14.642,45.2300,5
36015419429302,10:00:15.419,45.2300,242
36015419453036,10:00:15.419,45.2300,83
36015874441233,10:00:15.874,45.2200,100
36015880931320,10:00:15.880,45.2100,50
36015881634697,10:00:15.881,45.2200,7
36015881672517,10:00:15.881,45.2200,93
36015881672517,10:00:15.881,45.2200,29
36015881711216,10:00:15.881,45.2200,74
36015881743229,10:00:15.881,45.2200,48
36015881775928,10:00:15.881,45.2200,26
36015881811640,10:00:15.881,45.2200,22
36015881846217,10:00:15.881,45.2200,4
36015881881837,10:00:15.881,45.2200,18
36015883523657,10:00:15.883,45.2200,4
36016994854312,10:00:16.994,45.2300,2
36017275915317,10:00:17.275,45.2200,100
36017985807389,10:00:17.985,45.2300,100
36017986370648,10:00:17.986,45.2300,2
36017986546242,10:00:17.986,45.2200,100
36017986546242,10:00:17.986,45.2200,100
36017986546242,10:00:17.986,45.2200,17
36017986574442,10:00:17.986,45.2200,83
36017986860289,10:00:17.986,45.2200,33
36017986885089,10:00:17.986,45.2200,67
36017986885089,10:00:17.986,45.2200,33
36017990893918,10:00:17.990,45.2200,100
36018003205972,10:00:18.003,45.2200,100
36018113792173,10:00:18.113,45.2300,115
36018144588477,10:00:18.144,45.2350,115
36018144593610,10:00:18.144,45.2350,115
36018144594905,10:00:18.144,45.2350,100
36018145031128,10:00:18.145,45.2350,70
36018145031128,10:00:18.145,45.2400,30
36018145110468,10:00:18.145,45.2400,70
36018145110468,10:00:18.145,45.2400,15
36019069964518,10:00:19.069,45.2300,100
36019069964518,10:00:19.069,45.2300,100
36019082814366,10:00:19.082,45.2300,100
36019083091341,10:00:19.083,45.2350,100
36019189562533,10:00:19.189,45.2300,100
36019494537451,10:00:19.494,45.2400,100
36019494537451,10:00:19.494,45.2400,83
36019494593973,10:00:19.494,45.2400,17
36019554620158,10:00:19.554,45.2400,91
36020167364293,10:00:20.167,45.2300,100
36020167364293,10:00:20.167,45.2300,100
36023281731304,10:00:23.281,45.2400,100
36023281731304,10:00:23.281,45.2300,25
36023688344767,10:00:23.688,45.2300,100
36023688344767,10:00:23.688,45.2300,100
36023688631327,10:00:23.688,45.2500,100
36023702445259,10:00:23.702,45.2300,100
36023702445259,10:00:23.702,45.2300,100
36023702445259,10:00:23.702,45.2300,100
36025809566650,10:00:25.809,45.2900,110
36025821809968,10:00:25.821,45.2800,80
36025821847108,10:00:25.821,45.2800,20
36025821947277,10:00:25.821,45.2800,100
36025822988889,10:00:25.822,45.2900,100
36026212082981,10:00:26.212,45.2800,100
36026212112331,10:00:26.212,45.2800,400
36026212112331,10:00:26.212,45.2800,100
36026265009241,10:00:26.265,45.3000,100
36027915175647,10:00:27.915,45.3000,100
36027915175647,10:00:27.915,45.3000,100
36028328952958,10:00:28.328,45.3000,25
36028328952958,10:00:28.328,45.3000,200
36028934573563,10:00:28.934,45.3100,100
36032426093364,10:00:32.426,45.2600,25
36032426093364,10:00:32.426,45.2600,100
36032426093364,10:00:32.426,45.2600,100
36032426128603,10:00:32.426,45.2600,100
36032426202906,10:00:32.426,45.2800,100
36032439607434,10:00:32.439,45.2800,100
36032439631576,10:00:32.439,45.2800,100
36032477572653,10:00:32.477,45.2900,100
36032477572653,10:00:32.477,45.2900,100
36033283704702,10:00:33.283,45.3100,100
36035509074145,10:00:35.509,45.3000,100
36035509496698,10:00:35.509,45.3100,200
36035509768359,10:00:35.509,45.3100,100
36036670520155,10:00:36.670,45.3000,183
36038803331627,10:00:38.803,45.3000,100
36040850295228,10:00:40.850,45.3300,200
36040850295228,10:00:40.850,45.3300,25
36043270655428,10:00:43.270,45.3200,200
36043270655428,10:00:43.270,45.3200,25
36043270655428,10:00:43.270,45.3200,75
36045309451928,10:00:45.309,45.3400,25
36045310237078,10:00:45.310,45.3400,100
36045310237078,10:00:45.310,45.3400,100
36045311071913,10:00:45.311,45.3400,75
36045311118693,10:00:45.311,45.3400,94
36047723192727,10:00:47.723,45.3300,100
36049837498090,10:00:49.837,45.3200,100
36050237860565,10:00:50.237,45.3100,100
36050237860565,10:00:50.237,45.3100,100
36050287876065,10:00:50.287,45.3100,100
36052275873732,10:00:52.275,45.3100,100
36052275873732,10:00:52.275,45.3100,100
36052275873732,10:00:52.275,45.3100,100
36052337208673,10:00:52.337,45.3100,80
36054354026030,10:00:54.354,45.3400,100
36054354026030,10:00:54.354,45.3400,200
36055273918042,10:00:55.273,45.3300,100
36055273918042,10:00:55.273,45.3300,100
36057465862551,10:00:57.465,45.3300,100
36057465862551,10:00:57.465,45.3300,200
36057749517978,10:00:57.749,45.3200,100
36057749517978,10:00:57.749,45.3200,100
36059918871272,10:00:59.918,45.3300,100
36065424598070,10:01:05.424,45.3400,100
36065424598070,10:01:05.424,45.3400,71
36065424598070,10:01:05.424,45.3400,129
36065609322346,10:01:05.609,45.3900,30
36067646487034,10:01:07.646,45.3500,100
36067646487034,10:01:07.646,45.3500,91
36067646487034,10:01:07.646,45.3500,200
36067646487034,10:01:07.646,45.3500,100
36067646487034,10:01:07.646,45.3500,609
36067646549123,10:01:07.646,45.3700,100
36067777654246,10:01:07.777,45.3900,100
36067778149119,10:01:07.778,45.4000,100
36067778149119,10:01:07.778,45.4000,100
36067778703369,10:01:07.778,45.4000,19
36068386138030,10:01:08.386,45.4400,100
36068386879199,10:01:08.386,45.4400,100
36068387431911,10:01:08.387,45.4400,100
36068387431911,10:01:08.387,45.4400,200
36068387656591,10:01:08.387,45.4500,100
36068387656591,10:01:08.387,45.4500,100
36068387735446,10:01:08.387,45.4600,100
36068388725607,10:01:08.388,45.4700,100
36068388780256,10:01:08.388,45.4700,100
36068388828138,10:01:08.388,45.4700,100
36068416198926,10:01:08.416,45.4500,100
36072916191066,10:01:12.916,45.4000,100
36075749548276,10:01:15.749,45.3800,80
36078410785977,10:01:18.410,45.3800,20
36078410785977,10:01:18.410,45.3800,100
36078410785977,10:01:18.410,45.3800,100
36078537149997,10:01:18.537,45.3900,100
36078543566861,10:01:18.543,45.4000,19
36078543591544,10:01:18.543,45.4000,81
36078549694105,10:01:18.549,45.4000,100
36078549694105,10:01:18.549,45.4000,100
36078549694105,10:01:18.549,45.4000,100
36079149265839,10:01:19.149,45.4100,19
36079149293299,10:01:19.149,45.4100,81
36080656275486,10:01:20.656,45.3900,100
36080656275486,10:01:20.656,45.3900,100
36083213703747,10:01:23.213,45.3900,117
36083213703747,10:01:23.213,45.3900,100
36083214476909,10:01:23.214,45.4100,69
36085282704991,10:01:25.282,45.3900,42
36085282704991,10:01:25.282,45.3900,100
36085282704991,10:01:25.282,45.3900,100
36085282704991,10:01:25.282,45.3900,44
36085440858994,10:01:25.440,45.3800,100
36085441350250,10:01:25.441,45.3900,200
36085442250235,10:01:25.442,45.3900,100
36085885447031,10:01:25.885,45.3900,100
36085885840204,10:01:25.885,45.3900,100
36088227112715,10:01:28.227,45.4100,100
36090467129324,10:01:30.467,45.4100,50
36090497996005,10:01:30.497,45.4100,100
36092506489660,10:01:32.506,45.4100,100
36092506489660,10:01:32.506,45.4100,100
36094732482645,10:01:34.732,45.4100,10
36094732482645,10:01:34.732,45.4100,21
36094733603356,10:01:34.733,45.4300,19
36094977060661,10:01:34.977,45.4100,5
36094977060661,10:01:34.977,45.4000,8
36097381381319,10:01:37.381,45.4000,92
36099057033388,10:01:39.057,45.4300,20
36105794613047,10:01:45.794,45.4200,10
36108606446793,10:01:48.606,45.4200,55
36115446532721,10:01:55.446,45.4200,45
36115446532721,10:01:55.446,45.4200,6
36117276431745,10:01:57.276,45.4200,94
36117278372180,10:01:57.278,45.4200,100
36117278380254,10:01:57.278,45.4200,100
36117278426403,10:01:57.278,45.4200,100
36119388168528,10:01:59.388,45.4100,100
36119388168528,10:01:59.388,45.4100,91
36120637672011,10:02:00.637,45.3900,1
36133165074955,10:02:13.165,45.3700,2
36137246720782,10:02:17.246,45.3600,50
36141666524674,10:02:21.666,45.3700,100
36143790829306,10:02:23.790,45.3700,100
36143790829306,10:02:23.790,45.3700,100
36143790829306,10:02:23.790,45.3700,100
36144706957919,10:02:24.706,45.3900,100
36144718763788,10:02:24.718,45.3900,24
36144867106229,10:02:24.867,45.3900,100
36158805337171,10:02:38.805,45.3900,576
36160569807618,10:02:40.569,45.3800,100
36160569859885,10:02:40.569,45.3800,100
36166706758350,10:02:46.706,45.3000,25
36166753350769,10:02:46.753,45.3100,5
36171326879406,10:02:51.326,45.3000,100
36175789401906,10:02:55.789,45.3000,100
36186848077046,10:03:06.848,45.2900,41
36186848097627,10:03:06.848,45.2900,59
36186924905348,10:03:06.924,45.2800,47
36186924919112,10:03:06.924,45.2800,103
36186924920590,10:03:06.924,45.2800,136
36186924941531,10:03:06.924,45.2800,140
36186925128345,10:03:06.925,45.2800,74
36186925285850,10:03:06.925,45.2700,3
36186925409299,10:03:06.925,45.2700,2
36186925621977,10:03:06.925,45.2700,21
36186925889739,10:03:06.925,45.2700,1
36192077610512,10:03:12.077,45.2600,100
36192609308911,10:03:12.609,45.2500,100
36192609308911,10:03:12.609,45.2500,200
36192609424973,10:03:12.609,45.2500,12
36207322273868,10:03:27.322,45.2200,100
36207324682907,10:03:27.324,45.2300,100
36207324682907,10:03:27.324,45.2300,200
36212196440671,10:03:32.196,45.2300,100
36212289465331,10:03:32.289,45.2100,100
36236431345295,10:03:56.431,45.2600,100
36239751626755,10:03:59.751,45.2900,100
36242953692788,10:04:02.953,45.3000,100
36242953692788,10:04:02.953,45.3000,100
36249164254746,10:04:09.164,45.3400,55
36282498620251,10:04:42.498,45.3900,100
36282498620251,10:04:42.498,45.3900,100
36282501960267,10:04:42.501,45.4000,100
36286292525344,10:04:46.292,45.4100,200
36296257632684,10:04:56.257,45.4300,1
36296257632684,10:04:56.257,45.4300,99
36311929402368,10:05:11.929,45.4700,100
36311929440943,10:05:11.929,45.4600,100
36311929867912,10:05:11.929,45.4600,100
36311945932974,10:05:11.945,45.4600,5
36311946386924,10:05:11.946,45.4550,47
36311946386924,10:05:11.946,45.4500,53
36311946406032,10:05:11.946,45.4500,47
36311946406032,10:05:11.946,45.4500,53
36311946427687,10:05:11.946,45.4500,47
36311946811727,10:05:11.946,45.4500,100
36311946811727,10:05:11.946,45.4500,100
36320020564724,10:05:20.020,45.4800,100
36320020947997,10:05:20.020,45.4800,100
36320020947997,10:05:20.020,45.4900,100
36320020947997,10:05:20.020,45.4900,100
36320020947997,10:05:20.020,45.4900,100
36320025189031,10:05:20.025,45.5000,57
36320025191995,10:05:20.025,45.5000,43
36320025191995,10:05:20.025,45.5000,100
36320025745744,10:05:20.025,45.5100,18
36320097254424,10:05:20.097,45.5000,100
36322699257497,10:05:22.699,45.5300,11
36322699257497,10:05:22.699,45.5300,100
36322909659587,10:05:22.909,45.5200,145
36323927155447,10:05:23.927,45.5000,100
36323932476345,10:05:23.932,45.4900,100
36323932476345,10:05:23.932,45.4900,100
36323932476345,10:05:23.932,45.4900,100
36323938906248,10:05:23.938,45.4900,100
36326662375172,10:05:26.662,45.4900,14
36343306657179,10:05:43.306,45.5100,100
36343314892050,10:05:43.314,45.5100,100
36346184128108,10:05:46.184,45.5200,98
36346184915494,10:05:46.184,45.5200,2
36346184915494,10:05:46.184,45.5200,100
36346319421832,10:05:46.319,45.5100,100
36351317471201,10:05:51.317,45.5000,100
36364560004106,10:06:04.560,45.5300,1
36375762184326,10:06:15.762,45.5300,100
36375762964865,10:06:15.762,45.5400,100
36375763720354,10:06:15.763,45.5500,100
36378888041274,10:06:18.888,45.6100,100
36378888041274,10:06:18.888,45.6100,100
36378888041274,10:06:18.888,45.6100,100
36378892517481,10:06:18.892,45.6300,100
36378920615194,10:06:18.920,45.6100,100
36380235018532,10:06:20.235,45.6100,100
36380242467121,10:06:20.242,45.6100,100
36380242467121,10:06:20.242,45.6100,100
36380251399494,10:06:20.251,45.6100,100
36380251399494,10:06:20.251,45.6100,100
36380259529805,10:06:20.259,45.6200,100
36380260077384,10:06:20.260,45.6200,100
36380437708876,10:06:20.437,45.6100,100
36380871889302,10:06:20.871,45.6000,200
36382831929506,10:06:22.831,45.6100,100
36382880174895,10:06:22.880,45.6000,100
36382982132667,10:06:22.982,45.6200,100
36382982132667,10:06:22.982,45.6200,26
36382982630886,10:06:22.982,45.6200,100
36382982630886,10:06:22.982,45.6200,100
36385004364665,10:06:25.004,45.6000,100
36385004364665,10:06:25.004,45.6000,100
36385731035613,10:06:25.731,45.6200,9
36385842630068,10:06:25.842,45.6300,100
36385854549249,10:06:25.854,45.6300,100
36386158854073,10:06:26.158,45.6200,25
36386188999206,10:06:26.188,45.6300,100
36386400047849,10:06:26.400,45.6500,26
36386430534636,10:06:26.430,45.6500,100
36386430534636,10:06:26.430,45.6400,100
36386430534636,10:06:26.430,45.6400,100
36387469810384,10:06:27.469,45.6300,100
36387469810384,10:06:27.469,45.6300,100
36387682084032,10:06:27.682,45.6300,100
36388181171964,10:06:28.181,45.6300,100
36388266338365,10:06:28.266,45.6400,100
36388268406982,10:06:28.268,45.6400,100
36388271115683,10:06:28.271,45.6400,100
36388271115683,10:06:28.271,45.6400,100
36388300348223,10:06:28.300,45.6400,100
36390398729507,10:06:30.398,45.6200,10
36390749794963,10:06:30.749,45.6500,26
36390758130601,10:06:30.758,45.6700,300
36390762570708,10:06:30.762,45.6800,3
36390812072830,10:06:30.812,45.6800,100
36390812072830,10:06:30.812,45.6800,100
36390850880468,10:06:30.850,45.6900,64
36392431477540,10:06:32.431,45.6400,65
36393606224197,10:06:33.606,45.6600,26
36393606908770,10:06:33.606,45.6700,100
36394213181568,10:06:34.213,45.6500,200
36394213181568,10:06:34.213,45.6500,100
36395674184903,10:06:35.674,45.6200,100
36395674184903,10:06:35.674,45.6200,100
36395687283947,10:06:35.687,45.6200,74
36395687303361,10:06:35.687,45.6200,26
36395687303361,10:06:35.687,45.6200,100
36395687316331,10:06:35.687,45.6200,100
36395687316331,10:06:35.687,45.6200,26
36395687320374,10:06:35.687,45.6200,126
36395705208418,10:06:35.705,45.6200,100
36395881326358,10:06:35.881,45.6200,348
36395882482337,10:06:35.882,45.6100,100
36395885859007,10:06:35.885,45.6100,300
36395885859007,10:06:35.885,45.6100,100
36395888322951,10:06:35.888,45.6100,100
36395888322951,10:06:35.888,45.6100,100
36395888322951,10:06:35.888,45.6100,100
36395889068304,10:06:35.889,45.6100,120
36395889544073,10:06:35.889,45.6100,100
36395889544073,10:06:35.889,45.6100,100
36395889544073,10:06:35.889,45.6100,100
36395890557355,10:06:35.890,45.6000,100
36395891519702,10:06:35.891,45.6000,100
36395891519702,10:06:35.891,45.6000,100
36395891555878,10:06:35.891,45.6000,100
36395891704281,10:06:35.891,45.6000,200
36395892384787,10:06:35.892,45.6100,100
36395892384787,10:06:35.892,45.6100,200
36395895388042,10:06:35.895,45.6100,100
36395895388042,10:06:35.895,45.6100,100
36395899237073,10:06:35.899,45.6000,100
36395899237073,10:06:35.899,45.6000,42
36396369873631,10:06:36.369,45.6000,100
36396370026668,10:06:36.370,45.6000,100
36396370026668,10:06:36.370,45.6000,100
36396380806471,10:06:36.380,45.6000,100
36396388095018,10:06:36.388,45.6100,26
36396388095018,10:06:36.388,45.6100,100
36399245969150,10:06:39.245,45.6200,200
36399245969150,10:06:39.245,45.6200,26
36399245969150,10:06:39.245,45.6200,100
36399922222401,10:06:39.922,45.6100,100
36402041900331,10:06:42.041,45.6300,100
36403057566616,10:06:43.057,45.6250,200
36404741671132,10:06:44.741,45.6400,26
36404741671132,10:06:44.741,45.6400,100
36404741671132,10:06:44.741,45.6400,200
36405129434934,10:06:45.129,45.6300,99
36405129434934,10:06:45.129,45.6200,100
36405129434934,10:06:45.129,45.6100,100
36405129434934,10:06:45.129,45.6100,1
36407162709715,10:06:47.162,45.6100,99
36407162709715,10:06:47.162,45.6100,100
36407162709715,10:06:47.162,45.6100,49
36407500220377,10:06:47.500,45.6400,26
36409825249003,10:06:49.825,45.6200,110
36409825307692,10:06:49.825,45.6200,90
36410039236182,10:06:50.039,45.6100,10
36410039456924,10:06:50.039,45.6100,90
36410039456924,10:06:50.039,45.6100,100
36410050900711,10:06:50.050,45.6100,100
36410050900711,10:06:50.050,45.6100,26
36410051703553,10:06:50.051,45.6200,100
36410051795241,10:06:50.051,45.6200,10
36412274174081,10:06:52.274,45.6200,186
36413003571826,10:06:53.003,45.6200,200
36413003571826,10:06:53.003,45.6200,26
36415747255783,10:06:55.747,45.6600,26
36418498041570,10:06:58.498,45.6400,200
36418498041570,10:06:58.498,45.6400,26
36418498338420,10:06:58.498,45.6400,200
36421155200873,10:07:01.155,45.6200,12
36421160739481,10:07:01.160,45.6100,100
36421168994379,10:07:01.168,45.6200,25
36421174467490,10:07:01.174,45.6300,25
36421178706118,10:07:01.178,45.6400,25
36421178720605,10:07:01.178,45.6300,100
36421178793328,10:07:01.178,45.6400,100
36421179205324,10:07:01.179,45.6400,100
36421180372250,10:07:01.180,45.6500,100
36426752019197,10:07:06.752,45.6900,109
36426752019197,10:07:06.752,45.6900,82
36426875414006,10:07:06.875,45.6900,100
36426875414006,10:07:06.875,45.6900,100
36429503762421,10:07:09.503,45.6800,10
36430984843026,10:07:10.984,45.6600,100
36430996715518,10:07:10.996,45.6500,100
36430996715518,10:07:10.996,45.6500,100
36433013194569,10:07:13.013,45.6300,100
36433013520814,10:07:13.013,45.6300,14
36433024465249,10:07:13.024,45.6300,100
36435004430723,10:07:15.004,45.6300,100
36436318134853,10:07:16.318,45.6300,100
36437143800546,10:07:17.143,45.6300,100
36437359750638,10:07:17.359,45.6300,100
36439759136539,10:07:19.759,45.6300,300
36439764321664,10:07:19.764,45.6300,25
36442069166921,10:07:22.069,45.6300,186
36442069166921,10:07:22.069,45.6200,14
36444229112037,10:07:24.229,45.6300,100
36445937797501,10:07:25.937,45.6200,86
36451506820401,10:07:31.506,45.5900,25
36451507332141,10:07:31.507,45.6000,25
36451507332141,10:07:31.507,45.6000,86
36451507340576,10:07:31.507,45.6000,14
36451508038267,10:07:31.508,45.6100,25
36451508169769,10:07:31.508,45.6100,100
36451547538363,10:07:31.547,45.5900,8
36451547635077,10:07:31.547,45.5900,92
36455535707392,10:07:35.535,45.5600,100
36455535707392,10:07:35.535,45.5500,100
36456946801441,10:07:36.946,45.5500,100
36459936978201,10:07:39.936,45.5400,100
36460986908114,10:07:40.986,45.5500,25
36460986908114,10:07:40.986,45.5500,14
36460986934374,10:07:40.986,45.5500,186
36464298345357,10:07:44.298,45.5700,100
36464301995180,10:07:44.301,45.5600,100
36464302232557,10:07:44.302,45.5600,100
36464355148493,10:07:44.355,45.5700,25
36467760787085,10:07:47.760,45.5600,100
36467760787085,10:07:47.760,45.5600,100
36467931666838,10:07:47.931,45.5600,100
36469816216746,10:07:49.816,45.5500,61
36471999345641,10:07:51.999,45.5500,200
36474068005688,10:07:54.068,45.5300,100
36474068005688,10:07:54.068,45.5300,100
36478396981728,10:07:58.396,45.5100,100
36478396981728,10:07:58.396,45.5100,100
36478586141602,10:07:58.586,45.5000,42
36479428052448,10:07:59.428,45.4900,100
36479428052448,10:07:59.428,45.4900,110
36479434823683,10:07:59.434,45.5100,37
36480000830673,10:08:00.000,45.5100,100
36481093840815,10:08:01.093,45.5400,100
36481093840815,10:08:01.093,45.5400,100
36481110248226,10:08:01.110,45.5400,100
36481110248226,10:08:01.110,45.5400,100
36481110462538,10:08:01.110,45.5400,18
36481110553283,10:08:01.110,45.5400,55
36481110553283,10:08:01.110,45.5400,45
36481614624711,10:08:01.614,45.5400,55
36481615444320,10:08:01.615,45.5300,100
36481615444320,10:08:01.615,45.5300,87
36483868114098,10:08:03.868,45.5300,100
36483868114098,10:08:03.868,45.5300,1
36483931217692,10:08:03.931,45.5500,44
36483931259381,10:08:03.931,45.5500,56
36483931566056,10:08:03.931,45.5400,100
36483931673290,10:08:03.931,45.5600,200
36483931673290,10:08:03.931,45.5600,100
36483932040747,10:08:03.932,45.5500,100
36483932491004,10:08:03.932,45.5500,100
36483932491004,10:08:03.932,45.5500,100
36483932892085,10:08:03.932,45.5500,100
36483934374911,10:08:03.934,45.5400,100
36483935652511,10:08:03.935,45.5400,100
36483936396417,10:08:03.936,45.5300,100
36483937642542,10:08:03.937,45.5000,100
36483937642542,10:08:03.937,45.5000,100
36483937713740,10:08:03.937,45.5100,100
36483938577977,10:08:03.938,45.5100,100
36483938833396,10:08:03.938,45.5100,10
36483947225531,10:08:03.947,45.5100,100
36483976036676,10:08:03.976,45.5000,100
36483977597271,10:08:03.977,45.5000,100
36483977597271,10:08:03.977,45.5000,100
36483980802370,10:08:03.980,45.5100,100
36483980802370,10:08:03.980,45.5100,100
36484029276406,10:08:04.029,45.5100,2
36484155642779,10:08:04.155,45.5000,100
36486254928756,10:08:06.254,45.5000,27
36494917521372,10:08:14.917,45.4800,100
36499536924675,10:08:19.536,45.4700,100
36508648648017,10:08:28.648,45.4500,100
36508648648017,10:08:28.648,45.4500,100
36508648648017,10:08:28.648,45.4500,100
36508734434098,10:08:28.734,45.4500,100
36514769975532,10:08:34.769,45.4300,100
36515649514131,10:08:35.649,45.4300,135
36515650750121,10:08:35.650,45.4300,200
36515650750121,10:08:35.650,45.4300,100
36517150094446,10:08:37.150,45.4400,100
36529651581765,10:08:49.651,45.4300,100
36529651811755,10:08:49.651,45.4300,26
36529651989332,10:08:49.651,45.4300,74
36529651989332,10:08:49.651,45.4300,67
36529652008789,10:08:49.652,45.4300,33
36529652011732,10:08:49.652,45.4300,100
36529652011732,10:08:49.652,45.4300,100
36529652223731,10:08:49.652,45.4300,20
36529652235110,10:08:49.652,45.4300,13
36529652552424,10:08:49.652,45.4300,67
36529652552424,10:08:49.652,45.4300,33
36529997535502,10:08:49.997,45.4300,100
36531917925223,10:08:51.917,45.4300,100
36537838242214,10:08:57.838,45.4300,100
36537838242214,10:08:57.838,45.4300,100
36537838380597,10:08:57.838,45.4400,100
36537840080960,10:08:57.840,45.4400,100
36539533429267,10:08:59.533,45.4300,100
36539533429267,10:08:59.533,45.4300,100
36539533538949,10:08:59.533,45.4300,100
36539676110373,10:08:59.676,45.4200,100
36540844323137,10:09:00.844,45.4100,100
36545374033192,10:09:05.374,45.3900,100
36546740722218,10:09:06.740,45.3800,100
36547008433088,10:09:07.008,45.3800,100
36567639378092,10:09:27.639,45.3600,100
36574297774011,10:09:34.297,45.3800,100
36574298197079,10:09:34.298,45.3900,100
36574298197079,10:09:34.298,45.3900,100
36574298197079,10:09:34.298,45.3900,100
36574298197079,10:09:34.298,45.3900,27
36574298211706,10:09:34.298,45.3900,73
36574300225299,10:09:34.300,45.4000,100
36574319890016,10:09:34.319,45.4100,100
36574334319066,10:09:34.334,45.4100,10
36591851416842,10:09:51.851,45.4600,80
36591851432369,10:09:51.851,45.4600,20
36591852732204,10:09:51.852,45.4600,10
36599038961332,10:09:59.038,45.4600,90
36599038961332,10:09:59.038,45.4600,10
36599040116312,10:09:59.040,45.4600,90
36599040116312,10:09:59.040,45.4600,10
36599041197007,10:09:59.041,45.4600,100
36599041197007,10:09:59.041,45.4600,200
36616980293938,10:10:16.980,45.4600,100
36622176271212,10:10:22.176,45.4600,100
36622176271212,10:10:22.176,45.4600,1
36622176989571,10:10:22.176,45.4700,65
36622176999953,10:10:22.176,45.4700,35
36622435172629,10:10:22.435,45.4600,100
36633434885340,10:10:33.434,45.4600,100
36633434885340,10:10:33.434,45.4600,100
36633434885340,10:10:33.434,45.4600,100
36633436074255,10:10:33.436,45.4600,100
36633447452225,10:10:33.447,45.4500,100
36633561143973,10:10:33.561,45.4500,100
36633677205701,10:10:33.677,45.4600,100
36646308205941,10:10:46.308,45.4600,100
36646743871261,10:10:46.743,45.4600,100
36655398409301,10:10:55.398,45.4400,71
36655398417141,10:10:55.398,45.4400,29
36655398417141,10:10:55.398,45.4400,76
36655398423640,10:10:55.398,45.4400,24
36655398423640,10:10:55.398,45.4400,57
36655398423640,10:10:55.398,45.4400,56
36655398430740,10:10:55.398,45.4400,44
36696905951467,10:11:36.905,45.4200,52
36696905979755,10:11:36.905,45.4200,48
36696915546375,10:11:36.915,45.4200,100
36696915546375,10:11:36.915,45.4200,100
36696915577757,10:11:36.915,45.4200,100
36696916020972,10:11:36.916,45.4200,100
36696916020972,10:11:36.916,45.4200,100
36697949704475,10:11:37.949,45.4300,50
36697950193589,10:11:37.950,45.4300,50
36701212263156,10:11:41.212,45.4200,14
36701212330667,10:11:41.212,45.4200,100
36701212377278,10:11:41.212,45.4200,86
36701212377278,10:11:41.212,45.4200,14
36701212421058,10:11:41.212,45.4200,11
36701590865841,10:11:41.590,45.4100,100
36701896548089,10:11:41.896,45.4000,100
36708798724607,10:11:48.798,45.4300,100
36708798724607,10:11:48.798,45.4300,45
36708857182591,10:11:48.857,45.4200,100
36710036768267,10:11:50.036,45.4000,100
36715344509099,10:11:55.344,45.3900,100
36715344509099,10:11:55.344,45.3900,34
36715344584284,10:11:55.344,45.3900,66
36715344584284,10:11:55.344,45.3900,2
36715344584284,10:11:55.344,45.3900,32
36715344598743,10:11:55.344,45.3900,68
36715347295965,10:11:55.347,45.3800,100
36715347302632,10:11:55.347,45.3800,100
36715347324524,10:11:55.347,45.3800,100
36715347324524,10:11:55.347,45.3800,100
36716645612443,10:11:56.645,45.3900,100
36726242051363,10:12:06.242,45.4100,100
36726243461853,10:12:06.243,45.4200,200
36726360856956,10:12:06.360,45.4200,100
36726361760991,10:12:06.361,45.4200,10
36743226460871,10:12:23.226,45.4200,100
36743226460871,10:12:23.226,45.4200,173
36743226460871,10:12:23.226,45.4200,88
36743226475789,10:12:23.226,45.4200,12
36743227604375,10:12:23.227,45.4100,100
36743228008108,10:12:23.228,45.4100,100
36743239299396,10:12:23.239,45.3900,100
36743373347142,10:12:23.373,45.3900,100
36744373329491,10:12:24.373,45.4000,100
36756422176638,10:12:36.422,45.4100,100
36756422406555,10:12:36.422,45.4100,100
36756450611629,10:12:36.450,45.4100,20
36771388657060,10:12:51.388,45.4200,100
36778365509503,10:12:58.365,45.4100,100
36778365509503,10:12:58.365,45.4100,100
36778391906108,10:12:58.391,45.4100,100
36778542333720,10:12:58.542,45.4000,100
36783610712702,10:13:03.610,45.4100,100
36783611488937,10:13:03.611,45.4200,100
36783611488937,10:13:03.611,45.4200,100
36792227161684,10:13:12.227,45.4300,20
36792227161684,10:13:12.227,45.4300,100
36792227329728,10:13:12.227,45.4300,100
36792227442025,10:13:12.227,45.4300,100
36808404327155,10:13:28.404,45.4700,100
36827377610667,10:13:47.377,45.4600,100
36827377610667,10:13:47.377,45.4600,100
36827377610667,10:13:47.377,45.4600,100
36827377610667,10:13:47.377,45.4600,100
36827415951460,10:13:47.415,45.4800,100
36827424687638,10:13:47.424,45.4800,20
36835094200840,10:13:55.094,45.5000,100
36835094200840,10:13:55.094,45.5000,21
36835094217429,10:13:55.094,45.5000,79
36835094217429,10:13:55.094,45.5000,100
36835094217429,10:13:55.094,45.5000,100
36835094217429,10:13:55.094,45.5000,88
36835094222711,10:13:55.094,45.5000,12
36835414243479,10:13:55.414,45.5000,200
36850940322605,10:14:10.940,45.5000,100
36855798772533,10:14:15.798,45.5000,100
36855802944170,10:14:15.802,45.5000,100
36858276306851,10:14:18.276,45.5000,100
36858276306851,10:14:18.276,45.5000,100
36861830853037,10:14:21.830,45.4700,100
36861830853037,10:14:21.830,45.4700,100
36861900278442,10:14:21.900,45.4900,100
36862462555416,10:14:22.462,45.5000,200
36862462584783,10:14:22.462,45.5000,1
36862462859676,10:14:22.462,45.5000,200
36862462959056,10:14:22.462,45.5000,3
36865328766020,10:14:25.328,45.5100,100
36865425978400,10:14:25.425,45.5200,100
36865426629914,10:14:25.426,45.5200,34
36865426654176,10:14:25.426,45.5200,66
36865427613718,10:14:25.427,45.5200,100
36869190894807,10:14:29.190,45.5200,100
36870040848626,10:14:30.040,45.5200,100
36875026441688,10:14:35.026,45.5300,100
36875026533907,10:14:35.026,45.5300,100
36875026533907,10:14:35.026,45.5300,21
36875026550207,10:14:35.026,45.5300,121
36875026992305,10:14:35.026,45.5300,21
36889554092622,10:14:49.554,45.5700,100
36889557665948,10:14:49.557,45.5700,100
36889576326004,10:14:49.576,45.5700,100
36889576326004,10:14:49.576,45.5700,100
36889577129901,10:14:49.577,45.5700,100
36918383812123,10:15:18.383,45.5700,196
36918811159533,10:15:18.811,45.5700,100
36918811159533,10:15:18.811,45.5700,100
36918811159533,10:15:18.811,45.5700,14
36919444719324,10:15:19.444,45.5800,100
36921673506424,10:15:21.673,45.5800,51
36924594675772,10:15:24.594,45.5800,100
36928097476723,10:15:28.097,45.5800,3
36928667826439,10:15:28.667,45.5800,54
36928667830199,10:15:28.667,45.5800,43
36928667830199,10:15:28.667,45.5800,100
36928668048297,10:15:28.668,45.5700,129
36928668271479,10:15:28.668,45.5700,71
36928668271479,10:15:28.668,45.5700,27
36928668272303,10:15:28.668,45.5700,73
36928668272303,10:15:28.668,45.5700,98
36928668355444,10:15:28.668,45.5700,2
36929985781360,10:15:29.985,45.5500,81
36930106962449,10:15:30.106,45.5500,19
36930106962449,10:15:30.106,45.5500,100
36933205329602,10:15:33.205,45.5600,100
36934425674312,10:15:34.425,45.5500,200
36935258213485,10:15:35.258,45.5500,10
36936632904271,10:15:36.632,45.5500,90
36936632904271,10:15:36.632,45.5500,100
36936632904271,10:15:36.632,45.5500,10
36936633355244,10:15:36.633,45.5500,90
36945208159835,10:15:45.208,45.5300,100
36945208412748,10:15:45.208,45.5300,28
36957607705185,10:15:57.607,45.5200,1
36958803075993,10:15:58.803,45.5200,99
36958803075993,10:15:58.803,45.5200,100
36958803075993,10:15:58.803,45.5100,1
36970515245377,10:16:10.515,45.5000,9
36972041491013,10:16:12.041,45.5000,20
36974069872240,10:16:14.069,45.5000,2
36982173575074,10:16:22.173,45.5000,9
36982173575074,10:16:22.173,45.5000,91
36982173889772,10:16:22.173,45.5000,9
36982553455263,10:16:22.553,45.4700,41
36991577802045,10:16:31.577,45.4500,20
36993623399006,10:16:33.623,45.4500,2
36996007505974,10:16:36.007,45.4500,1
36997521258432,10:16:37.521,45.4600,100
37007408590622,10:16:47.408,45.4700,1
37007408590622,10:16:47.408,45.4700,200
37007408593858,10:16:47.408,45.4700,83
37007409047344,10:16:47.409,45.4800,283
37012869307518,10:16:52.869,45.4900,100
37012882697056,10:16:52.882,45.4700,100
37012883081382,10:16:52.883,45.4700,100
37012883493890,10:16:52.883,45.4700,100
37026065308637,10:17:06.065,45.4500,100
37026065308637,10:17:06.065,45.4500,24
37026065324967,10:17:06.065,45.4500,76
37026065324967,10:17:06.065,45.4500,100
37026069453055,10:17:06.069,45.4300,100
37026070112636,10:17:06.070,45.4200,100
37034551009569,10:17:14.551,45.4100,100
37038520121075,10:17:18.520,45.3900,100
37038521356811,10:17:18.521,45.3700,100
37038523915959,10:17:18.523,45.3600,100
37038524478149,10:17:18.524,45.3600,100
37039018235085,10:17:19.018,45.3500,72
37039163837403,10:17:19.163,45.3600,100
37039163837403,10:17:19.163,45.3600,100
37039163837403,10:17:19.163,45.3600,100
37039404329502,10:17:19.404,45.3700,100
37041029545580,10:17:21.029,45.3600,100
37041036798337,10:17:21.036,45.3700,103
37041036822743,10:17:21.036,45.3700,97
37041038900309,10:17:21.038,45.3800,100
37045071581460,10:17:25.071,45.3900,9
37058777278295,10:17:38.777,45.3900,100
37063622909727,10:17:43.622,45.3900,2
37064543657336,10:17:44.543,45.3900,98
37064543657336,10:17:44.543,45.3900,2
37064543702038,10:17:44.543,45.3900,98
37064543702038,10:17:44.543,45.3900,2
37064543846997,10:17:44.543,45.3900,98
37064543846997,10:17:44.543,45.3900,2
37064543887001,10:17:44.543,45.3900,98
37065015986580,10:17:45.015,45.3900,2
37065015986580,10:17:45.015,45.3900,98
37079542162855,10:17:59.542,45.3800,24
37079542183695,10:17:59.542,45.3800,76
37079542183695,10:17:59.542,45.3800,65
37079542186749,10:17:59.542,45.3800,35
37079542186749,10:17:59.542,45.3800,100
37079543018931,10:17:59.543,45.3900,100
37079543795944,10:17:59.543,45.4000,100
37079544543104,10:17:59.544,45.4000,100
37079544543104,10:17:59.544,45.4000,100
37079572539082,10:17:59.572,45.4000,100
37079632658461,10:17:59.632,45.4000,100
37079632699936,10:17:59.632,45.4000,100
37079632699936,10:17:59.632,45.4000,100
37085386263760,10:18:05.386,45.4000,100
37085948103915,10:18:05.948,45.4000,100
37091391884678,10:18:11.391,45.3800,100
37092350010000,10:18:12.350,45.3800,1
37093444882204,10:18:13.444,45.3800,100
37093444882204,10:18:13.444,45.3800,100
37109927403834,10:18:29.927,45.3500,100
37109927609881,10:18:29.927,45.3500,100
37109927642262,10:18:29.927,45.3500,100
37109931281450,10:18:29.931,45.3300,100
37112246177758,10:18:32.246,45.3100,100
37112246469716,10:18:32.246,45.3200,100
37112911701338,10:18:32.911,45.3300,100
37112911734633,10:18:32.911,45.3300,100
37112913519170,10:18:32.913,45.3400,83
37119796656802,10:18:39.796,45.3400,10
37121814171751,10:18:41.814,45.3500,1
37123356798004,10:18:43.356,45.3700,200
37123357121223,10:18:43.357,45.3700,100
37123357121223,10:18:43.357,45.3700,100
37130456125829,10:18:50.456,45.3800,100
37130970661132,10:18:50.970,45.3800,95
37131063186715,10:18:51.063,45.3700,100
37131063292241,10:18:51.063,45.3700,100
37132373220319,10:18:52.373,45.3700,100
37147970078598,10:19:07.970,45.3700,100
37147970913123,10:19:07.970,45.3700,200
37147970913123,10:19:07.970,45.3700,3
37147974799146,10:19:07.974,45.3700,97
37147974799146,10:19:07.974,45.3700,3
37161107150079,10:19:21.107,45.4000,100
37161107150079,10:19:21.107,45.4000,40
37161107931068,10:19:21.107,45.4000,100
37161107955398,10:19:21.107,45.4000,100
37161108287832,10:19:21.108,45.4000,42
37161111047239,10:19:21.111,45.4000,41
37167965255569,10:19:27.965,45.4200,100
37177383026421,10:19:37.383,45.4400,100
37184204243388,10:19:44.204,45.4500,100
37184463119784,10:19:44.463,45.4500,100
37187297214359,10:19:47.297,45.4600,100
37198208646564,10:19:58.208,45.4700,100
37198208752388,10:19:58.208,45.4700,100
37198208825013,10:19:58.208,45.4700,100
37198208833235,10:19:58.208,45.4700,2
37211277341286,10:20:11.277,45.4800,20
37211277341286,10:20:11.277,45.4800,1
37211873256299,10:20:11.873,45.4800,100
37211942966656,10:20:11.942,45.4900,15
37211942996507,10:20:11.942,45.4900,85
37212105163742,10:20:12.105,45.5000,100
37230199118003,10:20:30.199,45.5200,5
37230309826457,10:20:30.309,45.5200,100
37230396645784,10:20:30.396,45.5300,200
37230397129056,10:20:30.397,45.5300,161
37230397129056,10:20:30.397,45.5300,100
37233219299918,10:20:33.219,45.5400,100
37233219519666,10:20:33.219,45.5400,100
37233270430044,10:20:33.270,45.5500,100
37234084259641,10:20:34.084,45.5500,100
37234084259641,10:20:34.084,45.5500,100
37234352796660,10:20:34.352,45.5400,100
37234455000718,10:20:34.455,45.5300,100
37234455000718,10:20:34.455,45.5300,100
37234455000718,10:20:34.455,45.5300,100
37254898222488,10:20:54.898,45.5600,100
37258178657388,10:20:58.178,45.5600,100
37258178657388,10:20:58.178,45.5600,100
37258178657388,10:20:58.178,45.5600,100
37258343078658,10:20:58.343,45.5500,100
37259490212901,10:20:59.490,45.5300,100
37259607833706,10:20:59.607,45.5400,200
37259780460419,10:20:59.780,45.5500,49
37260072034354,10:21:00.072,45.5500,100
37264686633955,10:21:04.686,45.5600,44
37264686637396,10:21:04.686,45.5600,56
37264695036418,10:21:04.695,45.5700,100
37269991825694,10:21:09.991,45.5600,100
37270823115796,10:21:10.823,45.5800,200
37270823115796,10:21:10.823,45.5800,3
37270823147297,10:21:10.823,45.5800,100
37272065639810,10:21:12.065,45.5800,100
37272066016281,10:21:12.066,45.5800,100
37276051836184,10:21:16.051,45.5800,100
37276051836184,10:21:16.051,45.5800,54
37276052277011,10:21:16.052,45.5800,146
37276052277011,10:21:16.052,45.5800,98
37276052681031,10:21:16.052,45.5800,32
37276053215460,10:21:16.053,45.5800,21
37278306565168,10:21:18.306,45.5800,47
37278306565168,10:21:18.306,45.5800,100
37278312458019,10:21:18.312,45.6100,100
37278312458019,10:21:18.312,45.6100,100
37287433006023,10:21:27.433,45.6600,100
37287624900719,10:21:27.624,45.6600,100
37287764586928,10:21:27.764,45.6600,40
37289158588548,10:21:29.158,45.6700,100
37300456093034,10:21:40.456,45.6950,200
37300456093034,10:21:40.456,45.6900,10
37300508970854,10:21:40.508,45.6950,100
37300676988842,10:21:40.676,45.6950,50
37300676988842,10:21:40.676,45.6900,78
37300677038341,10:21:40.677,45.6900,22
37300677038341,10:21:40.677,45.6900,100
37300753517432,10:21:40.753,45.6900,100
37300753517432,10:21:40.753,45.6900,18
37300753561586,10:21:40.753,45.6900,82
37301725652107,10:21:41.725,45.6900,100
37302884061187,10:21:42.884,45.7000,37
37302884089777,10:21:42.884,45.7000,44
37302884163656,10:21:42.884,45.7000,119
37302884258863,10:21:42.884,45.7000,100
37302887506196,10:21:42.887,45.7000,100
37303089701310,10:21:43.089,45.6900,100
37303089701310,10:21:43.089,45.6900,36
37313241763756,10:21:53.241,45.7100,54
37313241802666,10:21:53.241,45.7100,46
37313242718607,10:21:53.242,45.7000,100
37313620583366,10:21:53.620,45.6900,64
37313620589719,10:21:53.620,45.6900,36
37313620589719,10:21:53.620,45.6900,100
37316053065786,10:21:56.053,45.6900,27
37329930083439,10:22:09.930,45.6900,24
37329930897531,10:22:09.930,45.7000,1
37329930897531,10:22:09.930,45.7000,99
37329930922022,10:22:09.930,45.7000,1
37329930922022,10:22:09.930,45.7000,100
37345647428078,10:22:25.647,45.6900,100
37345948798585,10:22:25.948,45.6900,11
37347366168893,10:22:27.366,45.6900,45
37347579493880,10:22:27.579,45.6900,11
37347594904715,10:22:27.594,45.6900,14
37347594976878,10:22:27.594,45.6900,19
37347768682859,10:22:27.768,45.6800,100
37347790171376,10:22:27.790,45.6800,11
37365063252696,10:22:45.063,45.7000,200
37365063252696,10:22:45.063,45.7000,21
37365063559588,10:22:45.063,45.7000,182
37365063559588,10:22:45.063,45.7000,100
37365063559588,10:22:45.063,45.7000,100
37365066963163,10:22:45.066,45.7200,100
37365067634856,10:22:45.067,45.7300,100
37372902871354,10:22:52.902,45.7300,100
37372902871354,10:22:52.902,45.7300,100
37372902895647,10:22:52.902,45.7300,200
37372902895647,10:22:52.902,45.7200,100
37372903666869,10:22:52.903,45.7300,100
37373690630778,10:22:53.690,45.7100,104
37373690661179,10:22:53.690,45.7100,96
37382281356010,10:23:02.281,45.6900,100
37390388762722,10:23:10.388,45.6800,100
37390389268348,10:23:10.389,45.6700,63
37390389306275,10:23:10.389,45.6700,37
37391863500595,10:23:11.863,45.6600,100
37392813457524,10:23:12.813,45.6600,100
37400291933758,10:23:20.291,45.6500,100
37400291933758,10:23:20.291,45.6500,100
37403172330804,10:23:23.172,45.6300,100
37412359265662,10:23:32.359,45.6600,1000
37412359348589,10:23:32.359,45.6700,100
37412359378030,10:23:32.359,45.6700,100
37430262824697,10:23:50.262,45.7300,100
37430337347493,10:23:50.337,45.7300,100
37430337374100,10:23:50.337,45.7300,100
37432799229713,10:23:52.799,45.7300,50
37432799229713,10:23:52.799,45.7600,30
37432799229713,10:23:52.799,45.7600,100
37432799229713,10:23:52.799,45.7600,20
37433239159826,10:23:53.239,45.7400,100
37433239221464,10:23:53.239,45.7400,40
37433539402668,10:23:53.539,45.7400,100
37450144599877,10:24:10.144,45.7500,100
37450144599877,10:24:10.144,45.7500,1
37450144599877,10:24:10.144,45.7500,100
37450144664367,10:24:10.144,45.7500,95
37450144700678,10:24:10.144,45.7500,5
37450144712960,10:24:10.144,45.7500,5
37450144730896,10:24:10.144,45.7500,95
37450144730896,10:24:10.144,45.7500,5
37450144786218,10:24:10.144,45.7500,77
37450150320524,10:24:10.150,45.7700,100
37450302892400,10:24:10.302,45.7700,100
37452106090489,10:24:12.106,45.7700,100
37452106487660,10:24:12.106,45.7700,100
37452106487660,10:24:12.106,45.7700,100
37452311749770,10:24:12.311,45.7600,1
37454108445525,10:24:14.108,45.7600,99
37454111023004,10:24:14.111,45.7600,100
37454111023004,10:24:14.111,45.7600,23
37455561592115,10:24:15.561,45.7800,3
37461062902329,10:24:21.062,45.7800,47
37461062912274,10:24:21.062,45.7800,37
37461062924287,10:24:21.062,45.7800,16
37461064410389,10:24:21.064,45.7700,100
37467998300564,10:24:27.998,45.7600,100
37467998300564,10:24:27.998,45.7600,60
37467998325181,10:24:27.998,45.7600,125
37467998617537,10:24:27.998,45.7600,15
37467998617537,10:24:27.998,45.7600,100
37467998617537,10:24:27.998,45.7600,29
37467998617537,10:24:27.998,45.7600,100
37468019224099,10:24:28.019,45.7700,100
37468019383975,10:24:28.019,45.7700,100
37468019383975,10:24:28.019,45.7700,100
37468181329159,10:24:28.181,45.7800,100
37470644863894,10:24:30.644,45.7900,52
37470644863894,10:24:30.644,45.7900,9
37470645094594,10:24:30.645,45.7900,20
37470645094594,10:24:30.645,45.7900,100
37474470864781,10:24:34.470,45.8000,266
37474758753436,10:24:34.758,45.8100,100
37474758753436,10:24:34.758,45.8100,100
37481661695289,10:24:41.661,45.7800,21
37483594373621,10:24:43.594,45.7900,12
37483594373621,10:24:43.594,45.7900,88
37483594389513,10:24:43.594,45.7900,12
37488094427760,10:24:48.094,45.8100,100
37488094452549,10:24:48.094,45.8100,32
37488094458510,10:24:48.094,45.8100,68
37488094458510,10:24:48.094,45.8100,32
37488094474784,10:24:48.094,45.8100,107
37491132808983,10:24:51.132,45.8100,100
37491134603595,10:24:51.134,45.8100,100
37491926017414,10:24:51.926,45.8100,100
37492124277704,10:24:52.124,45.8100,1
37494084655807,10:24:54.084,45.8100,100
37494085127003,10:24:54.085,45.8100,100
37498931017601,10:24:58.931,45.8000,100
37498932460910,10:24:58.932,45.8000,5
37498932476046,10:24:58.932,45.8000,95
37498932476046,10:24:58.932,45.8000,5
37498932531951,10:24:58.932,45.8000,95
37499206100431,10:24:59.206,45.7900,100
37499209374146,10:24:59.209,45.8000,100
37499209397872,10:24:59.209,45.8000,12
37499209431197,10:24:59.209,45.8000,88
37499209431197,10:24:59.209,45.8000,12
37499209558533,10:24:59.209,45.8000,188
37503679929744,10:25:03.679,45.8100,100
37503679959937,10:25:03.679,45.8100,100
37503679959937,10:25:03.679,45.8100,100
37503679959937,10:25:03.679,45.8100,68
37503679969948,10:25:03.679,45.8100,100
37503681300368,10:25:03.681,45.8200,5
37503681316837,10:25:03.681,45.8200,95
37503681316837,10:25:03.681,45.8200,100
37503681333814,10:25:03.681,45.8200,101
37508323705199,10:25:08.323,45.8300,100
37508323799132,10:25:08.323,45.8300,100
37508323825907,10:25:08.323,45.8300,54
37508323861401,10:25:08.323,45.8300,54
37508323866950,10:25:08.323,45.8300,46
37508323899654,10:25:08.323,45.8300,46
37508323986521,10:25:08.323,45.8300,12
37510597718497,10:25:10.597,45.8500,7
37511037128798,10:25:11.037,45.8500,93
37517900313225,10:25:17.900,45.8300,100
37528478658031,10:25:28.478,45.8000,1
37528479214821,10:25:28.479,45.8100,200
37528479214821,10:25:28.479,45.8100,21
37528479214821,10:25:28.479,45.8100,29
37528479237089,10:25:28.479,45.8100,88
37528479308156,10:25:28.479,45.8100,64
37528479475745,10:25:28.479,45.8200,100
37533314556821,10:25:33.314,45.8300,12
37539402497493,10:25:39.402,45.8000,29
37542062313227,10:25:42.062,45.8100,54
37542062340354,10:25:42.062,45.8100,46
37542062340354,10:25:42.062,45.8100,100
37542062354695,10:25:42.062,45.8100,146
37542062858293,10:25:42.062,45.8100,15
37542062883953,10:25:42.062,45.8100,5
37542062977783,10:25:42.062,45.8100,11
37565576987704,10:26:05.576,45.8400,3
37565577422575,10:26:05.577,45.8400,100
37565577422575,10:26:05.577,45.8400,100
37565663852814,10:26:05.663,45.8400,100
37565670086859,10:26:05.670,45.8400,61
37573615250339,10:26:13.615,45.8400,100
37573616546071,10:26:13.616,45.8300,4
37573616589068,10:26:13.616,45.8300,96
37573616589068,10:26:13.616,45.8300,4
37573616619288,10:26:13.616,45.8300,96
37574954104760,10:26:14.954,45.8200,70
37574954129660,10:26:14.954,45.8200,30
37574954129660,10:26:14.954,45.8200,100
37574974640889,10:26:14.974,45.8100,100
37592233330390,10:26:32.233,45.8000,10
37592233359069,10:26:32.233,45.8000,90
37592233359069,10:26:32.233,45.8000,46
37592233381005,10:26:32.233,45.8000,54
37592256433245,10:26:32.256,45.7900,100
37592257145832,10:26:32.257,45.7900,100
37592257145832,10:26:32.257,45.7900,100
37592257837540,10:26:32.257,45.8000,100
37592257837540,10:26:32.257,45.8000,29
37592260005131,10:26:32.260,45.8000,100
37592260005131,10:26:32.260,45.8000,100
37592260005131,10:26:32.260,45.8000,100
37592260428643,10:26:32.260,45.8000,100
37592263735837,10:26:32.263,45.8000,30
37592263735837,10:26:32.263,45.8000,70
37603065126422,10:26:43.065,45.8000,30
37603073522481,10:26:43.073,45.8100,100
37603073522481,10:26:43.073,45.8100,100
37603073522481,10:26:43.073,45.8100,100
37610170007070,10:26:50.170,45.8100,100
37613802010535,10:26:53.802,45.8100,100
37614302017879,10:26:54.302,45.8100,100
37615740013820,10:26:55.740,45.8100,100
37617197999950,10:26:57.197,45.8100,100
37617773179750,10:26:57.773,45.8000,100
37617773179750,10:26:57.773,45.8000,100
37617773179750,10:26:57.773,45.8000,100
37617773193980,10:26:57.773,45.8000,143
37617773207243,10:26:57.773,45.8000,100
37617773211098,10:26:57.773,45.8000,57
37617776879980,10:26:57.776,45.8000,29
37617776879980,10:26:57.776,45.8000,71
37617972867261,10:26:57.972,45.7900,100
37617972867261,10:26:57.972,45.7900,15
37617972926933,10:26:57.972,45.7900,85
37619145280074,10:26:59.145,45.8000,20
37619145713917,10:26:59.145,45.8000,80
37619145833417,10:26:59.145,45.8000,100
37619147640829,10:26:59.147,45.8100,200
37619147640829,10:26:59.147,45.8100,100
37619147640829,10:26:59.147,45.8100,12
37619147668599,10:26:59.147,45.8100,16
37619147668599,10:26:59.147,45.8100,100
37619446975583,10:26:59.446,45.8000,100
37623351031537,10:27:03.351,45.8000,100
37623453913122,10:27:03.453,45.7900,100
37623453913122,10:27:03.453,45.7900,3
37623453996994,10:27:03.453,45.7900,97
37623454448232,10:27:03.454,45.7900,100
37623454448232,10:27:03.454,45.7900,92
37623455904857,10:27:03.455,45.7900,100
37626496009256,10:27:06.496,45.7950,100
37627044004117,10:27:07.044,45.7950,100
37641023328693,10:27:21.023,45.8000,100
37641023328693,10:27:21.023,45.8000,100
37641023369907,10:27:21.023,45.8000,124
37680719960929,10:28:00.719,45.8600,100
37680719960929,10:28:00.719,45.8600,47
37680719988857,10:28:00.719,45.8600,53
37709230744285,10:28:29.230,45.8800,28
37709230744285,10:28:29.230,45.8800,100
37717716000989,10:28:37.716,45.8800,100
37718215998380,10:28:38.215,45.8800,100
37722066999982,10:28:42.066,45.8800,100
37722345515722,10:28:42.345,45.8900,100
37722345515722,10:28:42.345,45.8900,100
37722345515722,10:28:42.345,45.8900,4
37722345515722,10:28:42.345,45.8900,96
37722345958808,10:28:42.345,45.8900,4
37722345958808,10:28:42.345,45.8900,1
37722345960490,10:28:42.345,45.8900,84
37722345962867,10:28:42.345,45.8900,15
37722345962867,10:28:42.345,45.8900,89
37724850041223,10:28:44.850,45.9000,43
37724850050614,10:28:44.850,45.9000,57
37724850050614,10:28:44.850,45.9000,100
37730597996478,10:28:50.597,45.9150,100
37737112943807,10:28:57.112,45.9200,100
37737113277941,10:28:57.113,45.9200,33
37737113277941,10:28:57.113,45.9200,100
37737113277941,10:28:57.113,45.9200,14
37737146969356,10:28:57.146,45.9300,22
37737227477019,10:28:57.227,45.9200,100
37743552562986,10:29:03.552,45.9200,100
37743552842457,10:29:03.552,45.9100,100
37743552842457,10:29:03.552,45.9100,100
37744515913651,10:29:04.515,45.9000,100
37744516013386,10:29:04.516,45.9000,100
37744516403775,10:29:04.516,45.9000,100
37744518820592,10:29:04.518,45.9000,100
37744524731461,10:29:04.524,45.9000,29
37754951114000,10:29:14.951,45.8900,100
37765473989345,10:29:25.473,45.8550,100
37781916984494,10:29:41.916,45.8500,100
37784292208597,10:29:44.292,45.8600,7
37784293172991,10:29:44.293,45.8700,100
37784364757721,10:29:44.364,45.8800,55
37784364798978,10:29:44.364,45.8800,45
37785587504212,10:29:45.587,45.8800,100
37787752966627,10:29:47.752,45.8900,100
37787753069796,10:29:47.753,45.8900,100
37787753103430,10:29:47.753,45.8900,100
37787753123524,10:29:47.753,45.8900,11
37787962049690,10:29:47.962,45.8800,100
37787962049690,10:29:47.962,45.8800,100
37787965158157,10:29:47.965,45.8700,100
37787965158157,10:29:47.965,45.8700,100
37788149889457,10:29:48.149,45.8600,29
37788149889457,10:29:48.149,45.8600,91
37788149931895,10:29:48.149,45.8600,9
37806029621695,10:30:06.029,45.8600,5
37806029629644,10:30:06.029,45.8600,95
37806029629644,10:30:06.029,45.8600,3
37806032551475,10:30:06.032,45.8800,100
37806032551475,10:30:06.032,45.8800,100
37806047023108,10:30:06.047,45.8800,64
37806047456445,10:30:06.047,45.8800,100
37811623640101,10:30:11.623,45.8400,100
37811624042603,10:30:11.624,45.8400,100
37811626914557,10:30:11.626,45.8400,100
37814147389772,10:30:14.147,45.8400,17
37818365784294,10:30:18.365,45.8400,100
37858245106902,10:30:58.245,45.9100,100
37858245133518,10:30:58.245,45.9100,100
37858245166183,10:30:58.245,45.9100,100
37858245272981,10:30:58.245,45.9100,42
37858245272981,10:30:58.245,45.9100,42
37859011636293,10:30:59.011,45.9100,100
37859011636293,10:30:59.011,45.9100,100
37861102143445,10:31:01.102,45.9100,100
37863172430468,10:31:03.172,45.9200,100
37863172457418,10:31:03.172,45.9200,66
37863187865113,10:31:03.187,45.9200,100
37863187865113,10:31:03.187,45.9200,100
37863187865113,10:31:03.187,45.9200,100
37863222686337,10:31:03.222,45.9100,39
37863222711771,10:31:03.222,45.9100,61
37871322749294,10:31:11.322,45.9000,100
37871324509454,10:31:11.324,45.9000,100
37871334199490,10:31:11.334,45.9000,100
37872199048501,10:31:12.199,45.8900,100
37886563563593,10:31:26.563,45.8800,100
37886563571506,10:31:26.563,45.8800,100
37886563580565,10:31:26.563,45.8800,100
37889644527678,10:31:29.644,45.8700,100
37889645669732,10:31:29.645,45.8600,100
37889645669732,10:31:29.645,45.8600,100
37902447132206,10:31:42.447,45.8400,100
37902451824560,10:31:42.451,45.8400,100
37902451824560,10:31:42.451,45.8400,100
37915020037254,10:31:55.020,45.8300,100
37917584884709,10:31:57.584,45.8200,100
37917584884709,10:31:57.584,45.8200,9
37917585551687,10:31:57.585,45.8200,91
37919591679459,10:31:59.591,45.8200,100
37930528147754,10:32:10.528,45.8300,65
37930528159052,10:32:10.528,45.8300,27
37930528164940,10:32:10.528,45.8300,8
37930528164940,10:32:10.528,45.8300,100
37930528164940,10:32:10.528,45.8300,2
37930528164940,10:32:10.528,45.8300,23
37930528173252,10:32:10.528,45.8300,177
37930528173252,10:32:10.528,45.8300,142
37930528907771,10:32:10.528,45.8400,61
37930967552888,10:32:10.967,45.8400,100
37944141743872,10:32:24.141,45.8500,100
37944141773283,10:32:24.141,45.8500,7
37944141773283,10:32:24.141,45.8500,19
37944141773283,10:32:24.141,45.8500,1
37944141774395,10:32:24.141,45.8500,27
37944141779722,10:32:24.141,45.8500,27
37944141828303,10:32:24.141,45.8500,27
37944141911954,10:32:24.141,45.8500,100
37944141911954,10:32:24.141,45.8500,100
37944144226513,10:32:24.144,45.8600,100
37944144226513,10:32:24.144,45.8600,54
37945025600666,10:32:25.025,45.8600,100
37956657258384,10:32:36.657,45.8600,100
37956657258384,10:32:36.657,45.8600,36
37956657368932,10:32:36.657,45.8600,64
37956657368932,10:32:36.657,45.8600,2
37958909441478,10:32:38.909,45.8500,100
37958909441478,10:32:38.909,45.8500,100
37961070568717,10:32:41.070,45.8500,100
37961070595756,10:32:41.070,45.8500,100
37961070596328,10:32:41.070,45.8500,100
37961070648071,10:32:41.070,45.8500,100
37979967875944,10:32:59.967,45.8500,100
37979967875944,10:32:59.967,45.8500,100
37994639940956,10:33:14.639,45.8500,100
38020842746495,10:33:40.842,45.8600,100
38020842789139,10:33:40.842,45.8600,200
38020842789139,10:33:40.842,45.8600,20
38020842790942,10:33:40.842,45.8600,183
38020850584762,10:33:40.850,45.8700,54
38020850609702,10:33:40.850,45.8700,46
38020850609702,10:33:40.850,45.8700,100
38020850609702,10:33:40.850,45.8700,32
38020850653094,10:33:40.850,45.8700,68
38020854703434,10:33:40.854,45.8700,3
38023853747057,10:33:43.853,45.8700,100
38023853747057,10:33:43.853,45.8700,100
38023853747057,10:33:43.853,45.8700,100
38023853747057,10:33:43.853,45.8700,32
38023853759295,10:33:43.853,45.8700,68
38023875723357,10:33:43.875,45.8400,97
38023921908510,10:33:43.921,45.8300,100
38024374476583,10:33:44.374,45.8300,100
38033110892573,10:33:53.110,45.8400,28
38033110903126,10:33:53.110,45.8400,72
38033110903126,10:33:53.110,45.8400,58
38033110914373,10:33:53.110,45.8400,42
38033110914373,10:33:53.110,45.8400,122
38033718348188,10:33:53.718,45.8400,172
38044425031857,10:34:04.425,45.8450,100
38049803790823,10:34:09.803,45.8400,3
38049803812104,10:34:09.803,45.8400,97
38049803812104,10:34:09.803,45.8400,57
38049803828378,10:34:09.803,45.8400,43
38049804365359,10:34:09.804,45.8400,100
38054454038169,10:34:14.454,45.8350,100
38054960036725,10:34:14.960,45.8350,100
38055460037125,10:34:15.460,45.8350,100
38058807081292,10:34:18.807,45.8300,100
38059192153322,10:34:19.192,45.8300,100
38059192153322,10:34:19.192,45.8300,100
38059192153322,10:34:19.192,45.8300,100
38059192153322,10:34:19.192,45.8200,100
38059192153322,10:34:19.192,45.8200,100
38059192153322,10:34:19.192,45.8100,100
38059192153322,10:34:19.192,45.8100,31
38059192153322,10:34:19.192,45.8000,100
38059192153322,10:34:19.192,45.8000,30
38059192153322,10:34:19.192,45.8000,100
38059192153322,10:34:19.192,45.8000,100
38059192153322,10:34:19.192,45.7900,100
38059192153322,10:34:19.192,45.7900,100
38059192153322,10:34:19.192,45.7900,100
38059193234372,10:34:19.193,45.8100,100
38059193285060,10:34:19.193,45.8100,100
38059193544119,10:34:19.193,45.8100,100
38059216489059,10:34:19.216,45.8100,100
38067492536360,10:34:27.492,45.8100,100
38067492561609,10:34:27.492,45.8100,31
38067492567612,10:34:27.492,45.8100,69
38067492567612,10:34:27.492,45.8100,31
38067492586227,10:34:27.492,45.8100,169
38067492598398,10:34:27.492,45.8100,3
38067503504432,10:34:27.503,45.8200,54
38067503542384,10:34:27.503,45.8200,46
38067503542384,10:34:27.503,45.8200,54
38067503569129,10:34:27.503,45.8200,46
38067503734534,10:34:27.503,45.8200,100
38070764846016,10:34:30.764,45.8300,86
38070764883302,10:34:30.764,45.8300,104
38070765049358,10:34:30.765,45.8300,110
38070765049358,10:34:30.765,45.8300,44
38070765178049,10:34:30.765,45.8300,56
38078333328670,10:34:38.333,45.8300,100
38078333370874,10:34:38.333,45.8300,100
38078333464761,10:34:38.333,45.8300,82
38088495523352,10:34:48.495,45.8400,57
38089436885919,10:34:49.436,45.8500,1
38089437745537,10:34:49.437,45.8600,100
38109100836355,10:35:09.100,45.8600,100
38109100879487,10:35:09.100,45.8600,100
38109106720183,10:35:09.106,45.8400,100
38109109191949,10:35:09.109,45.8300,55
38109109630889,10:35:09.109,45.8300,18
38109110259780,10:35:09.110,45.8300,127
38121775800918,10:35:21.775,45.7800,100
38121775800918,10:35:21.775,45.7800,100
38121775800918,10:35:21.775,45.7700,100
38121775800918,10:35:21.775,45.7600,100
38121775800918,10:35:21.775,45.7600,100
38121775800918,10:35:21.775,45.7500,100
38121775800918,10:35:21.775,45.7500,100
38121775800918,10:35:21.775,45.7500,31
38121777615541,10:35:21.777,45.7800,65
38121777620133,10:35:21.777,45.7800,35
38121777879799,10:35:21.777,45.7800,100
38121777879799,10:35:21.777,45.7800,100
38121777879799,10:35:21.777,45.7800,100
38121777879799,10:35:21.777,45.7700,100
38121777879799,10:35:21.777,45.7700,100
38121777879799,10:35:21.777,45.7700,10
38121777919699,10:35:21.777,45.7800,100
38121778383328,10:35:21.778,45.7800,42
38121778459346,10:35:21.778,45.7800,100
38121778473819,10:35:21.778,45.7700,100
38121778545485,10:35:21.778,45.7700,200
38121778573547,10:35:21.778,45.7700,54
38121778602523,10:35:21.778,45.7700,46
38121778602523,10:35:21.778,45.7700,10
38121778922102,10:35:21.778,45.7700,100
38121778938450,10:35:21.778,45.7700,60
38121779024884,10:35:21.779,45.7600,100
38121779024884,10:35:21.779,45.7600,100
38121779024884,10:35:21.779,45.7600,200
38121779341066,10:35:21.779,45.7600,100
38121779361986,10:35:21.779,45.7700,100
38121779582620,10:35:21.779,45.7600,100
38121779582620,10:35:21.779,45.7600,100
38121779582620,10:35:21.779,45.7600,100
38121779582620,10:35:21.779,45.7600,100
38121779582620,10:35:21.779,45.7500,100
38121779582620,10:35:21.779,45.7500,100
38121779668728,10:35:21.779,45.7600,10
38121780856179,10:35:21.780,45.7500,100
38121780856179,10:35:21.780,45.7500,100
38121780856179,10:35:21.780,45.7500,100
38121781770645,10:35:21.781,45.7500,100
38121781770645,10:35:21.781,45.7500,100
38121782299755,10:35:21.782,45.7500,100
38121782299755,10:35:21.782,45.7500,5
38121784633652,10:35:21.784,45.7500,100
38121784664943,10:35:21.784,45.7500,100
38121820122843,10:35:21.820,45.7400,100
38122377264669,10:35:22.377,45.7400,100
38126448462884,10:35:26.448,45.7400,2
38126448462884,10:35:26.448,45.7400,100
38126448462884,10:35:26.448,45.7400,100
38126448462884,10:35:26.448,45.7400,98
38126448766611,10:35:26.448,45.7400,2
38126448766611,10:35:26.448,45.7400,100
38126459607061,10:35:26.459,45.7500,100
38127889365681,10:35:27.889,45.7600,100
38127889365681,10:35:27.889,45.7600,200
38127890208160,10:35:27.890,45.7500,100
38127890208160,10:35:27.890,45.7500,100
38127890208160,10:35:27.890,45.7500,55
38130650457044,10:35:30.650,45.7500,45
38130650457044,10:35:30.650,45.7500,100
38130650955440,10:35:30.650,45.7500,72
38130651001789,10:35:30.651,45.7500,28
38130651001789,10:35:30.651,45.7500,72
38130651058224,10:35:30.651,45.7500,28
38131170375671,10:35:31.170,45.7400,100
38131170375671,10:35:31.170,45.7400,38
38131170624110,10:35:31.170,45.7400,62
38132568437971,10:35:32.568,45.7500,100
38137892465792,10:35:37.892,45.7600,100
38137892915047,10:35:37.892,45.7600,100
38163388707148,10:36:03.388,45.7600,54
38163388972416,10:36:03.388,45.7600,46
38163388972416,10:36:03.388,45.7600,100
38163890282840,10:36:03.890,45.7500,55
38166425070376,10:36:06.425,45.7450,100
38167355079232,10:36:07.355,45.7450,100
38168500088435,10:36:08.500,45.7450,100
38169896066726,10:36:09.896,45.7450,100
38170578066104,10:36:10.578,45.7450,100
38171078062305,10:36:11.078,45.7450,100
38174981064038,10:36:14.981,45.7450,100
38176234070251,10:36:16.234,45.7450,100
38176734063800,10:36:16.734,45.7400,100
38178536066744,10:36:18.536,45.7400,100
38184763055654,10:36:24.763,45.7400,100
38185630056723,10:36:25.630,45.7400,100
38186130050909,10:36:26.130,45.7400,100
38213874042539,10:36:53.874,45.7400,100
38215939050703,10:36:55.939,45.7400,100
38216439044465,10:36:56.439,45.7400,100
38216946040457,10:36:56.946,45.7400,100
38228648622340,10:37:08.648,45.7500,100
38228648622340,10:37:08.648,45.7500,100
38228950615890,10:37:08.950,45.7500,100
38229445158301,10:37:09.445,45.7400,100
38229453125203,10:37:09.453,45.7300,100
38229453125203,10:37:09.453,45.7300,32
38236271525476,10:37:16.271,45.7100,100
38236271525476,10:37:16.271,45.7100,4
38236272265880,10:37:16.272,45.7100,100
38248645767889,10:37:28.645,45.7000,100
38249526034426,10:37:29.526,45.7000,100
38250026027007,10:37:30.026,45.7000,100
38253160524962,10:37:33.160,45.6900,62
38253160524962,10:37:33.160,45.6900,100
38253160524962,10:37:33.160,45.6900,38
38261683601564,10:37:41.683,45.7100,200
38261683601564,10:37:41.683,45.7100,100
38264451073505,10:37:44.451,45.7100,100
38303169030680,10:38:23.169,45.7100,54
38303169078400,10:38:23.169,45.7100,46
38303169078400,10:38:23.169,45.7100,110
38303169839513,10:38:23.169,45.7100,100
38316124307023,10:38:36.124,45.7000,72
38316124313200,10:38:36.124,45.7000,28
38316124313200,10:38:36.124,45.7000,100
38316124313200,10:38:36.124,45.7000,75
38316124318323,10:38:36.124,45.7000,25
38316124318323,10:38:36.124,45.7000,1
38316124318323,10:38:36.124,45.7000,14
38329255489293,10:38:49.255,45.7100,5
38329257115770,10:38:49.257,45.7100,100
38329257115770,10:38:49.257,45.7100,100
38329257170567,10:38:49.257,45.7200,65
38329257176508,10:38:49.257,45.7200,35
38334554415512,10:38:54.554,45.7200,100
38358166301303,10:39:18.166,45.7400,100
38358167519226,10:39:18.167,45.7400,100
38358167579781,10:39:18.167,45.7400,100
38358167596491,10:39:18.167,45.7400,200
38358167596491,10:39:18.167,45.7400,100
38359677020071,10:39:19.677,45.7500,100
38360146043011,10:39:20.146,45.7500,100
38360146083646,10:39:20.146,45.7500,63
38360146479044,10:39:20.146,45.7500,63
38360146480527,10:39:20.146,45.7500,37
38373346062020,10:39:33.346,45.7400,100
38375366598408,10:39:35.366,45.7400,100
38375366920837,10:39:35.366,45.7400,100
38381453732842,10:39:41.453,45.7500,100
38401058353266,10:40:01.058,45.7700,54
38401058378703,10:40:01.058,45.7700,46
38414862506501,10:40:14.862,45.7700,100
38414862506501,10:40:14.862,45.7700,100
38414862538139,10:40:14.862,45.7700,100
38414863527945,10:40:14.863,45.7600,100
38414863908892,10:40:14.863,45.7600,100
38414863996835,10:40:14.863,45.7600,32
38414864042470,10:40:14.864,45.7600,68
38415192270502,10:40:15.192,45.7700,100
38415192270502,10:40:15.192,45.7700,100
38415202231744,10:40:15.202,45.7800,61
38415204717822,10:40:15.204,45.7800,39
38415213160628,10:40:15.213,45.7800,42
38434640189935,10:40:34.640,45.7700,100
38434640651168,10:40:34.640,45.7700,100
38434640651168,10:40:34.640,45.7700,44
38434640705559,10:40:34.640,45.7700,56
38434642594982,10:40:34.642,45.7700,100
38447087675508,10:40:47.087,45.7700,100
38447087781300,10:40:47.087,45.7700,100
38460089511919,10:41:00.089,45.7500,100
38460089511919,10:41:00.089,45.7500,96
38460089525177,10:41:00.089,45.7500,4
38461041152775,10:41:01.041,45.7400,100
38465393651857,10:41:05.393,45.7100,100
38465396643506,10:41:05.396,45.7100,40
38465396880782,10:41:05.396,45.7100,29
38469564781718,10:41:09.564,45.6900,100
38469573701451,10:41:09.573,45.6900,100
38469573701451,10:41:09.573,45.6900,100
38471960502047,10:41:11.960,45.7000,1
38471961305141,10:41:11.961,45.7000,100
38471961305141,10:41:11.961,45.7000,100
38471962599593,10:41:11.962,45.7000,100
38492533246436,10:41:32.533,45.7000,19
38498024339595,10:41:38.024,45.6900,100
38498024339595,10:41:38.024,45.6900,100
38498024339595,10:41:38.024,45.6900,100
38498025152120,10:41:38.025,45.6800,100
38527325128440,10:42:07.325,45.6500,100
38527325128440,10:42:07.325,45.6500,1
38530467384750,10:42:10.467,45.6300,89
