timestamp,time,price,volume
34200252742764,09:30:00.252,15.3200,7659
34200422627759,09:30:00.422,15.2900,100
34200422627759,09:30:00.422,15.2700,100
34200422627759,09:30:00.422,15.2400,100
34200422627759,09:30:00.422,15.2300,100
34200430028869,09:30:00.430,15.2100,100
34200434324688,09:30:00.434,15.2000,100
34200434324688,09:30:00.434,15.2000,12
34200448264339,09:30:00.448,15.2000,200
34200471693400,09:30:00.471,15.2000,200
34200473178195,09:30:00.473,15.2000,200
34200473178195,09:30:00.473,15.2000,900
34200476698914,09:30:00.476,15.2000,54
34200594113952,09:30:00.594,15.2500,4
34201212173581,09:30:01.212,15.2500,110
34202250763599,09:30:02.250,15.2500,148
34202251192234,09:30:02.251,15.2500,100
34353993442482,09:32:33.993,15.2100,100
34353993442482,09:32:33.993,15.2100,67
34353993442482,09:32:33.993,15.2100,33
34362004751295,09:32:42.004,15.1800,100
34375003784896,09:32:55.003,15.1700,100
34375003810492,09:32:55.003,15.1700,45
34378005267318,09:32:58.005,15.1800,100
34402679337141,09:33:22.679,15.1400,6
34432081338090,09:33:52.081,15.1650,100
34435085109577,09:33:55.085,15.1700,89
34452687914654,09:34:12.687,15.1900,100
34466265533356,09:34:26.265,15.2100,100
34466265533356,09:34:26.265,15.2100,200
34554212892867,09:35:54.212,15.2000,100
34572722847409,09:36:12.722,15.1800,42
34654643678767,09:37:34.643,15.2100,1
34770206812486,09:39:30.206,15.1700,300
34770206849434,09:39:30.206,15.1700,142
34770206850614,09:39:30.206,15.1700,158
34770206850614,09:39:30.206,15.1700,20
34809400919258,09:40:09.400,15.1400,12
34878683990818,09:41:18.683,15.1000,5
34911323806420,09:41:51.323,15.1000,70
34940472760058,09:42:20.472,15.0600,200
34940473220055,09:42:20.473,15.0500,1000
34940473311000,09:42:20.473,15.0400,100
34940481266564,09:42:20.481,15.0400,28
34940492796393,09:42:20.492,15.0400,72
34989380170973,09:43:09.380,15.0900,100
34991618077784,09:43:11.618,15.1200,24
35002627178596,09:43:22.627,15.1200,2
35002627204370,09:43:22.627,15.1200,98
35006872355699,09:43:26.872,15.1200,100
35006872355699,09:43:26.872,15.1200,100
35007018892535,09:43:27.018,15.1300,10
35133493221170,09:45:33.493,15.0800,1
35225831197917,09:47:05.831,15.0600,100
35225832428052,09:47:05.832,15.0600,100
35225833700451,09:47:05.833,15.0500,100
35225833700451,09:47:05.833,15.0600,100
35225833700451,09:47:05.833,15.0600,100
35225835050761,09:47:05.835,15.0700,99
35225835052220,09:47:05.835,15.0700,1
35225835052220,09:47:05.835,15.0700,4
35225838162812,09:47:05.838,15.0600,499
35225838216884,09:47:05.838,15.0600,1100
35225869209698,09:47:05.869,15.0700,96
35257166289607,09:47:37.166,15.0700,100
35330659500120,09:48:50.659,15.0600,201
35330699246379,09:48:50.699,15.0500,10
35412015979938,09:50:12.015,15.0200,352
35412015979938,09:50:12.015,15.0200,100
35449929611499,09:50:49.929,15.0300,1
35458030899437,09:50:58.030,15.0400,1
35475858302364,09:51:15.858,15.0200,4
35505386182283,09:51:45.386,15.0000,861
35505386213235,09:51:45.386,15.0000,139
35505386213235,09:51:45.386,15.0000,100
35505386213235,09:51:45.386,15.0000,500
35505386213235,09:51:45.386,15.0000,2
35505386213235,09:51:45.386,15.0000,190
35505386213235,09:51:45.386,15.0000,200
35505386213235,09:51:45.386,15.0000,100
35505386897219,09:51:45.386,14.9900,72
35505391445913,09:51:45.391,14.9900,28
35584528822748,09:53:04.528,14.9800,2
35605397071957,09:53:25.397,14.9600,6
35605819337367,09:53:25.819,14.9600,194
35610023662642,09:53:30.023,14.9600,100
35624405311564,09:53:44.405,14.9800,6
35654591238481,09:54:14.591,15.0000,100
35690796737953,09:54:50.796,15.0200,100
35747455286812,09:55:47.455,15.0100,100
35747455286812,09:55:47.455,15.0100,100
35795128284523,09:56:35.128,15.0100,67
35795153072101,09:56:35.153,15.0300,5
35820177804983,09:57:00.177,15.0300,100
35820177861939,09:57:00.177,15.0300,100
35820428081654,09:57:00.428,15.0300,100
35842194001560,09:57:22.194,15.0200,21
35842230315540,09:57:22.230,15.0200,79
35863022151895,09:57:43.022,15.0100,100
35863024953538,09:57:43.024,15.0100,4
35863024953538,09:57:43.024,15.0100,2
35863025027591,09:57:43.025,15.0100,98
35878633899205,09:57:58.633,15.0100,100
35905507623156,09:58:25.507,14.9900,2
35905507704986,09:58:25.507,14.9900,67
35905508471700,09:58:25.508,14.9900,100
35905508471700,09:58:25.508,14.9900,100
35950828711926,09:59:10.828,14.9600,10
36008499117752,10:00:08.499,14.9800,100
36011060787939,10:00:11.060,14.9700,100
36011060787939,10:00:11.060,14.9700,1
36011072771032,10:00:11.072,14.9700,100
36011128599348,10:00:11.128,14.9700,100
36078841788968,10:01:18.841,14.9600,60
36087287343857,10:01:27.287,14.9600,100
36088528045640,10:01:28.528,14.9500,100
36088528734304,10:01:28.528,14.9500,100
36098363931323,10:01:38.363,14.9400,1
36128745835065,10:02:08.745,14.9100,2
36128745835065,10:02:08.745,14.9000,98
36171393760579,10:02:51.393,14.9100,45
36171393786054,10:02:51.393,14.9100,55
36237291412599,10:03:57.291,14.9200,100
36237291412599,10:03:57.291,14.9200,100
36237291468590,10:03:57.291,14.9300,100
36237792016384,10:03:57.792,14.9400,2
36237792040454,10:03:57.792,14.9400,98
36261563598014,10:04:21.563,14.9700,120
36261564280040,10:04:21.564,14.9800,26
36261564384849,10:04:21.564,14.9800,74
36264112345872,10:04:24.112,14.9900,8
36279925304072,10:04:39.925,14.9700,100
36304489204276,10:05:04.489,14.9700,100
36304489204276,10:05:04.489,14.9700,1
36322644902745,10:05:22.644,14.9900,100
36335189124645,10:05:35.189,14.9900,20
36496033306955,10:08:16.033,15.0200,100
36553425845253,10:09:13.425,15.0100,100
36602059978803,10:10:02.059,15.0100,100
36665714292019,10:11:05.714,15.0100,100
36665714292019,10:11:05.714,15.0100,100
36665715133538,10:11:05.715,15.0000,804
36665715273912,10:11:05.715,15.0000,246
36694500076013,10:11:34.500,15.0000,100
36695013138283,10:11:35.013,15.0000,2
36730313318892,10:12:10.313,15.0200,100
36730313318892,10:12:10.313,15.0200,100
36813353399785,10:13:33.353,15.0400,90
36813353404587,10:13:33.353,15.0400,10
36819940199124,10:13:39.940,15.0500,2
36830368892347,10:13:50.368,15.0600,100
36840221002844,10:14:00.221,15.0600,100
36862313809642,10:14:22.313,15.0500,100
36881387596024,10:14:41.387,15.0600,100
36881388098588,10:14:41.388,15.0700,100
36881400764936,10:14:41.400,15.0800,3
36881402202882,10:14:41.402,15.0800,97
36881402202882,10:14:41.402,15.0800,100
36909679377810,10:15:09.679,15.0600,1
37000652623559,10:16:40.652,15.0600,100
37000703450671,10:16:40.703,15.0700,100
37107084556421,10:18:27.084,15.0300,100
37176921037286,10:19:36.921,15.0200,100
37178007466401,10:19:38.007,15.0400,100
37178009100064,10:19:38.009,15.0500,100
37178009100064,10:19:38.009,15.0500,100
37178009268274,10:19:38.009,15.0500,100
37178011492055,10:19:38.011,15.0500,100
37217558426481,10:20:17.558,15.0500,4
37239476256712,10:20:39.476,15.0600,5
37239476256712,10:20:39.476,15.0600,100
37239476939196,10:20:39.476,15.0700,100
37239580991573,10:20:39.580,15.0800,2
37239581016002,10:20:39.581,15.0800,98
37262190262123,10:21:02.190,15.0800,83
37262190262123,10:21:02.190,15.0800,52
37262190404744,10:21:02.190,15.0800,135
37262190478248,10:21:02.190,15.0800,13
37270697070595,10:21:10.697,15.0500,1
37270824399822,10:21:10.824,15.0400,100
37275133023144,10:21:15.133,15.0500,10
37275133023144,10:21:15.133,15.0500,100
37350296884479,10:22:30.296,15.0700,100
37363014140541,10:22:43.014,15.0900,100
37363015195735,10:22:43.015,15.0900,100
37384033750022,10:23:04.033,15.0900,100
37426558528684,10:23:46.558,15.1200,10
37444524052695,10:24:04.524,15.1200,4
37477399893770,10:24:37.399,15.1200,100
37562332932534,10:26:02.332,15.1100,100
37573126439892,10:26:13.126,15.1000,100
37573143287433,10:26:13.143,15.1200,21
37583509244920,10:26:23.509,15.1100,100
37621850744329,10:27:01.850,15.0900,100
37689050319986,10:28:09.050,15.0900,100
37689050319986,10:28:09.050,15.0900,100
37689059914111,10:28:09.059,15.0800,100
37690647914164,10:28:10.647,15.0800,9
37697493529205,10:28:17.493,15.0800,91
37758596846315,10:29:18.596,15.0700,1
37758596846315,10:29:18.596,15.0600,99
37790103305051,10:29:50.103,15.0900,6
37790103328661,10:29:50.103,15.0900,2831
37790103417288,10:29:50.103,15.0900,138
37790103432247,10:29:50.103,15.0900,725
37790103432247,10:29:50.103,15.0900,79
37791617078011,10:29:51.617,15.1100,50
37811679938051,10:30:11.679,15.1300,100
37884148181233,10:31:24.148,15.1400,179
37909248156402,10:31:49.248,15.1500,100
37909248745587,10:31:49.248,15.1500,100
37909248770464,10:31:49.248,15.1500,2
37909248820493,10:31:49.248,15.1500,130
37909248820493,10:31:49.248,15.1500,100
37909248820493,10:31:49.248,15.1500,2
37909251078531,10:31:49.251,15.1500,100
37909251129061,10:31:49.251,15.1500,100
37909251178809,10:31:49.251,15.1500,100
37909330080259,10:31:49.330,15.1400,100
37910024176978,10:31:50.024,15.1400,100
37910024176978,10:31:50.024,15.1400,100
37917686943073,10:31:57.686,15.1200,89
37917687168223,10:31:57.687,15.1200,11
37924242210075,10:32:04.242,15.1300,1
37947832842873,10:32:27.832,15.1400,100
37998242962827,10:33:18.242,15.1800,99
38020254929116,10:33:40.254,15.1600,100
38020404466903,10:33:40.404,15.1600,1
38064718146068,10:34:24.718,15.1700,100
38083463517913,10:34:43.463,15.1700,55
38099011406169,10:34:59.011,15.1700,45
38099011406169,10:34:59.011,15.1700,55
38099011637256,10:34:59.011,15.1700,24
38099020910458,10:34:59.020,15.1700,21
38099020910458,10:34:59.020,15.1700,1
38099309185769,10:34:59.309,15.1700,100
38152162003294,10:35:52.162,15.1600,21
38188630933495,10:36:28.630,15.1600,100
38188630978793,10:36:28.630,15.1600,100
38189123811078,10:36:29.123,15.1500,5
38263304264133,10:37:43.304,15.1500,100
38280710223410,10:38:00.710,15.1500,1
38301028942188,10:38:21.028,15.1500,99
38301028942188,10:38:21.028,15.1500,100
38301028942188,10:38:21.028,15.1500,100
38301028942188,10:38:21.028,15.1500,100
38301028978079,10:38:21.028,15.1500,100
38301029469125,10:38:21.029,15.1600,4
38301030229680,10:38:21.030,15.1600,100
38301954501568,10:38:21.954,15.1600,100
38302134174429,10:38:22.134,15.1500,200
38302134227207,10:38:22.134,15.1500,22
38302642471223,10:38:22.642,15.1500,1
38322827530108,10:38:42.827,15.1500,100
38360134781958,10:39:20.134,15.1400,100
38360134781958,10:39:20.134,15.1400,100
38360134781958,10:39:20.134,15.1400,100
38369718088447,10:39:29.718,15.1300,11
38379755718265,10:39:39.755,15.1300,100
38442035763982,10:40:42.035,15.1300,2
38442035763982,10:40:42.035,15.1300,98
38447703586590,10:40:47.703,15.1300,2
38447703586590,10:40:47.703,15.1300,5
38448413478968,10:40:48.413,15.1300,100
38448562850877,10:40:48.562,15.1300,100
38448562917977,10:40:48.562,15.1300,1
38467176457254,10:41:07.176,15.1300,59
38513299011851,10:41:53.299,15.1300,4
38513299011851,10:41:53.299,15.1300,4
38553418887058,10:42:33.418,15.1300,100
38560462189135,10:42:40.462,15.1300,60
38595089013003,10:43:15.089,15.1400,2
38614932521157,10:43:34.932,15.1300,100
38614932521157,10:43:34.932,15.1300,100
38632538132575,10:43:52.538,15.1200,100
38632538132575,10:43:52.538,15.1200,89
38632538503380,10:43:52.538,15.1200,11
38659501328971,10:44:19.501,15.1200,96
38659501565755,10:44:19.501,15.1200,96
38659501589948,10:44:19.501,15.1200,36
38659501622424,10:44:19.501,15.1200,72
38659501622424,10:44:19.501,15.1200,24
38659501672543,10:44:19.501,15.1200,96
38659501720340,10:44:19.501,15.1200,96
38659501774760,10:44:19.501,15.1200,84
38659501774760,10:44:19.501,15.1200,12
38659501794581,10:44:19.501,15.1200,88
38697388111613,10:44:57.388,15.1500,31
38750977923157,10:45:50.977,15.1500,100
38750978243763,10:45:50.978,15.1400,17
38750978244294,10:45:50.978,15.1400,83
38752280332106,10:45:52.280,15.1300,20
38872915969163,10:47:52.915,15.1100,100
38913318008743,10:48:33.318,15.1100,100
38913318008743,10:48:33.318,15.1100,100
38913318243204,10:48:33.318,15.1100,100
39019916976279,10:50:19.916,15.1200,100
39046920385681,10:50:46.920,15.1200,100
39046922120568,10:50:46.922,15.1100,100
39046922120568,10:50:46.922,15.1100,100
39103312627867,10:51:43.312,15.1200,100
39180926360685,10:53:00.926,15.1200,100
39180926385525,10:53:00.926,15.1200,5
39248481058944,10:54:08.481,15.1100,100
39248481223126,10:54:08.481,15.1100,100
39300892400479,10:55:00.892,15.1200,2
39300892400479,10:55:00.892,15.1200,30
39319470491325,10:55:19.470,15.1200,100
39319471022309,10:55:19.471,15.1200,11
39319471454116,10:55:19.471,15.1200,1
39326248437369,10:55:26.248,15.1200,1
39333366060208,10:55:33.366,15.1300,1
39340647347575,10:55:40.647,15.1400,1
39375097584939,10:56:15.097,15.1400,100
39375097584939,10:56:15.097,15.1400,100
39468208856301,10:57:48.208,15.1100,100
39468208912744,10:57:48.208,15.1100,1
39518417829064,10:58:38.417,15.1000,2
39518417829064,10:58:38.417,15.1000,98
39518418059750,10:58:38.418,15.1000,2
39518418060241,10:58:38.418,15.1000,5
39518418223605,10:58:38.418,15.1000,95
39535932037835,10:58:55.932,15.1100,1
39566153042905,10:59:26.153,15.1200,1
39566190609038,10:59:26.190,15.1300,3
39580615971221,10:59:40.615,15.1400,97
39580618849964,10:59:40.618,15.1500,100
39599916815032,10:59:59.916,15.1500,201
39634075571577,11:00:34.075,15.1500,1
39634082829767,11:00:34.082,15.1500,100
39634134678190,11:00:34.134,15.1500,100
39663538480418,11:01:03.538,15.1550,400
39663538480418,11:01:03.538,15.1600,1
39670397393211,11:01:10.397,15.1500,1
39700393090635,11:01:40.393,15.1600,99
39700393090635,11:01:40.393,15.1600,1
39736342542841,11:02:16.342,15.1600,7
39737672239800,11:02:17.672,15.1550,217
39749404179252,11:02:29.404,15.1600,92
39749404179252,11:02:29.404,15.1600,8
39753306332860,11:02:33.306,15.1550,300
39753306332860,11:02:33.306,15.1600,92
39753306332860,11:02:33.306,15.1600,1
39793750907834,11:03:13.750,15.1600,2
39807013673114,11:03:27.013,15.1500,100
39807013673114,11:03:27.013,15.1500,17
39807013727928,11:03:27.013,15.1500,83
39807013727928,11:03:27.013,15.1500,100
39807029868909,11:03:27.029,15.1400,100
39814773475946,11:03:34.773,15.1100,2
39814773475946,11:03:34.773,15.1100,5
40047966394874,11:07:27.966,15.0750,100
40050499044015,11:07:30.499,15.0700,100
40050499277075,11:07:30.499,15.0700,6
40050524383262,11:07:30.524,15.0800,100
40050524383262,11:07:30.524,15.0800,3
40050524383262,11:07:30.524,15.0800,2
40050524383262,11:07:30.524,15.0800,200
40050524383262,11:07:30.524,15.0800,100
40050524553605,11:07:30.524,15.0800,100
40050524553605,11:07:30.524,15.0800,100
40050524553605,11:07:30.524,15.0800,100
40050524553605,11:07:30.524,15.0800,100
40052035670402,11:07:32.035,15.0900,100
40052035670402,11:07:32.035,15.0900,21
40052035671241,11:07:32.035,15.0900,60
40052035685430,11:07:32.035,15.0900,19
40052035685430,11:07:32.035,15.0900,1
40052035685430,11:07:32.035,15.0900,3
40259802716117,11:10:59.802,15.0800,100
40365825142498,11:12:45.825,15.0700,5
40397830102946,11:13:17.830,15.0700,8
40397830102946,11:13:17.830,15.0700,92
40414081929636,11:13:34.081,15.0700,3
40414081956178,11:13:34.081,15.0700,2
40414081956178,11:13:34.081,15.0700,100
40424084414419,11:13:44.084,15.0700,70
40424084644814,11:13:44.084,15.0700,30
40487756468317,11:14:47.756,15.0800,100
40487756820603,11:14:47.756,15.0800,100
40524213239191,11:15:24.213,15.0700,199
40615063122252,11:16:55.063,15.0600,1
40657380861687,11:17:37.380,15.0700,200
40657380903780,11:17:37.380,15.0700,6
40657381092193,11:17:37.381,15.0700,38
40657381106705,11:17:37.381,15.0700,56
40657381106705,11:17:37.381,15.0700,3
40657381129482,11:17:37.381,15.0700,60
40657381481640,11:17:37.381,15.0700,37
40657381481640,11:17:37.381,15.0700,63
40658762794432,11:17:38.762,15.0700,2
40667790041487,11:17:47.790,15.0700,100
40692803084914,11:18:12.803,15.0700,1
40692803084914,11:18:12.803,15.0700,1
40780735469492,11:19:40.735,15.0600,100
40780735469492,11:19:40.735,15.0600,100
40825297653180,11:20:25.297,15.0600,1
40986213616138,11:23:06.213,15.0700,2
41044822943343,11:24:04.822,15.0600,5
41044822943343,11:24:04.822,15.0600,100
41044822943343,11:24:04.822,15.0600,200
41044822943343,11:24:04.822,15.0600,100
41130057823472,11:25:30.057,15.0750,100
41216608044804,11:26:56.608,15.0800,200
41216608044804,11:26:56.608,15.0800,100
41216612521060,11:26:56.612,15.0900,100
41217814608282,11:26:57.814,15.1000,100
41217814837167,11:26:57.814,15.1000,21
41217814849071,11:26:57.814,15.1000,79
41315929471948,11:28:35.929,15.1100,2
41334604688941,11:28:54.604,15.1000,100
41377478815651,11:29:37.478,15.1100,2
41377478815651,11:29:37.478,15.1100,98
41377479251844,11:29:37.479,15.1100,100
41415024495994,11:30:15.024,15.1100,100
41415024495994,11:30:15.024,15.1100,100
41415024495994,11:30:15.024,15.1100,73
41415024543131,11:30:15.024,15.1100,27
41416124715756,11:30:16.124,15.1000,1
41428402901738,11:30:28.402,15.1000,100
41428403127216,11:30:28.403,15.1000,75
41428403127723,11:30:28.403,15.1000,116
41428403131396,11:30:28.403,15.1000,115
41428403137753,11:30:28.403,15.1000,180
41428403138949,11:30:28.403,15.1000,294
41428403149074,11:30:28.403,15.1000,57
41428403339858,11:30:28.403,15.1000,57
41428403345081,11:30:28.403,15.1000,5
41428403345081,11:30:28.403,15.1000,95
41428403396572,11:30:28.403,15.1000,5
41506546006909,11:31:46.546,15.1000,1
41506546067918,11:31:46.546,15.1000,99
41506546067918,11:31:46.546,15.1000,1
41506546067918,11:31:46.546,15.1000,100
41506546067918,11:31:46.546,15.1000,100
41506546246315,11:31:46.546,15.1000,100
41506546428266,11:31:46.546,15.1000,100
41506548977886,11:31:46.548,15.1000,4
41511535860556,11:31:51.535,15.1100,4
41530613708295,11:32:10.613,15.1300,100
41530613733028,11:32:10.613,15.1300,100
41541378838535,11:32:21.378,15.1400,100
41541378838535,11:32:21.378,15.1400,100
41541378838535,11:32:21.378,15.1400,100
41541378838535,11:32:21.378,15.1400,2
41581099119768,11:33:01.099,15.1500,2
41592238552799,11:33:12.238,15.1500,45
41592238784530,11:33:12.238,15.1500,53
41592238784530,11:33:12.238,15.1500,4
41592511901278,11:33:12.511,15.1600,15
41593154995476,11:33:13.154,15.1550,100
41593735994432,11:33:13.735,15.1550,100
41594343018731,11:33:14.343,15.1550,100
41680893234062,11:34:40.893,15.1550,200
41697375854976,11:34:57.375,15.1600,100
41697375878420,11:34:57.375,15.1600,14
41697375929930,11:34:57.375,15.1600,86
41706603517110,11:35:06.603,15.1600,100
41770358413841,11:36:10.358,15.1500,3
41803750679180,11:36:43.750,15.1500,33
41803750679180,11:36:43.750,15.1500,67
41803750707723,11:36:43.750,15.1500,33
41803750707723,11:36:43.750,15.1500,100
41803750911351,11:36:43.750,15.1500,100
41826869202318,11:37:06.869,15.1400,100
41826869431373,11:37:06.869,15.1400,100
41836885104510,11:37:16.885,15.1400,100
41914077582791,11:38:34.077,15.1500,1
41914077582791,11:38:34.077,15.1500,1
41932519983121,11:38:52.519,15.1300,100
41943105113802,11:39:03.105,15.1300,6
41988238017850,11:39:48.238,15.1300,17
42066659773329,11:41:06.659,15.1400,36
42066659918817,11:41:06.659,15.1400,49
42066659918817,11:41:06.659,15.1400,141
42105485406853,11:41:45.485,15.1400,100
42105500769301,11:41:45.500,15.1300,100
42118749059906,11:41:58.749,15.1400,1
42118749059906,11:41:58.749,15.1400,99
42130338342870,11:42:10.338,15.1400,1
42186478504548,11:43:06.478,15.1400,1
42186478504548,11:43:06.478,15.1400,100
42196130243070,11:43:16.130,15.1500,81
42196130243070,11:43:16.130,15.1500,1
42199852023879,11:43:19.852,15.1550,100
42332957006678,11:45:32.957,15.1550,300
42340872033918,11:45:40.872,15.1600,1
42340872033918,11:45:40.872,15.1600,5
42340872033918,11:45:40.872,15.1600,94
42340872264335,11:45:40.872,15.1600,148
42340872279647,11:45:40.872,15.1600,58
42340872279647,11:45:40.872,15.1600,65
42340872287919,11:45:40.872,15.1600,9
42340872290889,11:45:40.872,15.1600,26
42382141922140,11:46:22.141,15.1650,200
42384572205877,11:46:24.572,15.1700,100
42384572205877,11:46:24.572,15.1700,1
42384572205877,11:46:24.572,15.1700,95
42404116006126,11:46:44.116,15.1650,300
42444187570824,11:47:24.187,15.1700,1
42444187570824,11:47:24.187,15.1700,100
42444327467791,11:47:24.327,15.1750,200
42444343804223,11:47:24.343,15.1800,4
42467448000777,11:47:47.448,15.1800,96
42467448000777,11:47:47.448,15.1800,4
42493709685420,11:48:13.709,15.1800,1
42523957919453,11:48:43.957,15.1700,100
42523957919453,11:48:43.957,15.1700,100
42523988413960,11:48:43.988,15.1600,100
42523988438491,11:48:43.988,15.1600,100
42551234135020,11:49:11.234,15.1500,1
42551234160653,11:49:11.234,15.1500,99
42551288695752,11:49:11.288,15.1400,1
42551288721002,11:49:11.288,15.1400,99
42551288721002,11:49:11.288,15.1400,100
42551288721002,11:49:11.288,15.1400,6
42597688733050,11:49:57.688,15.1300,1
42597690222962,11:49:57.690,15.1300,99
42597690222962,11:49:57.690,15.1300,1
42597690332445,11:49:57.690,15.1300,99
42641871924199,11:50:41.871,15.1200,100
42694541790133,11:51:34.541,15.1100,70
42694541790133,11:51:34.541,15.1100,30
42694542025342,11:51:34.542,15.1100,70
42694542025342,11:51:34.542,15.1100,5
42718695429157,11:51:58.695,15.1100,39
42718695441892,11:51:58.695,15.1100,61
42718695441892,11:51:58.695,15.1100,54
42718695449180,11:51:58.695,15.1100,46
42789269135910,11:53:09.269,15.1200,1
42789269135910,11:53:09.269,15.1200,1
42840065002899,11:54:00.065,15.1200,99
42840065002899,11:54:00.065,15.1200,100
42840065002899,11:54:00.065,15.1200,2
42840065002899,11:54:00.065,15.1200,100
42840065182671,11:54:00.065,15.1200,100
42857177768645,11:54:17.177,15.1200,56
42857177796270,11:54:17.177,15.1200,44
42973997561567,11:56:13.997,15.1000,1
42974002725891,11:56:14.002,15.1000,99
43099215679064,11:58:19.215,15.0800,2
43099217165903,11:58:19.217,15.0800,98
43099217165903,11:58:19.217,15.0800,17
43099217170412,11:58:19.217,15.0800,83
43099217170412,11:58:19.217,15.0800,33
43099217180748,11:58:19.217,15.0800,67
43151324727856,11:59:11.324,15.0800,3
43152868816341,11:59:12.868,15.0800,72
43152868816341,11:59:12.868,15.0800,17
43152868883950,11:59:12.868,15.0800,183
43152868883950,11:59:12.868,15.0800,100
43152868883950,11:59:12.868,15.0800,2
43215029093606,12:00:15.029,15.0900,100
43215029298285,12:00:15.029,15.0900,100
43320658650024,12:02:00.658,15.1000,5
43320658650024,12:02:00.658,15.1000,95
43320658883276,12:02:00.658,15.1000,5
43320658883276,12:02:00.658,15.1000,11
43320658892294,12:02:00.658,15.1000,89
43370317604795,12:02:50.317,15.1100,2
43447797749631,12:04:07.797,15.1100,100
43447797749631,12:04:07.797,15.1100,5
43447797761769,12:04:07.797,15.1100,95
43447797761769,12:04:07.797,15.1100,1
43496300273804,12:04:56.300,15.1000,52
43496300281751,12:04:56.300,15.1000,48
43496300281751,12:04:56.300,15.1000,61
43496300293441,12:04:56.300,15.1000,39
43507412177975,12:05:07.412,15.1000,1
43632683206572,12:07:12.683,15.1000,8
43632683206572,12:07:12.683,15.1000,86
43632683250582,12:07:12.683,15.1000,14
43632683250582,12:07:12.683,15.1000,200
43668354224104,12:07:48.354,15.1100,5
43668354248356,12:07:48.354,15.1100,54
43668354250034,12:07:48.354,15.1100,41
43700808571582,12:08:20.808,15.1200,2
43728287905473,12:08:48.287,15.1200,100
43728288307987,12:08:48.288,15.1200,54
43728288318881,12:08:48.288,15.1200,44
43743620419541,12:09:03.620,15.1300,100
43743625274354,12:09:03.625,15.1350,28
43743625915294,12:09:03.625,15.1350,100
43770812195151,12:09:30.812,15.1300,100
43863191897215,12:11:03.191,15.1400,1
43863191897215,12:11:03.191,15.1400,99
43864727512489,12:11:04.727,15.1400,100
43944935784895,12:12:24.935,15.1400,1
43950718541615,12:12:30.718,15.1400,200
43952887210450,12:12:32.887,15.1400,100
43985680798368,12:13:05.680,15.1400,2
44006255504888,12:13:26.255,15.1400,1
44015460534815,12:13:35.460,15.1500,100
44015490887854,12:13:35.490,15.1500,1
44015490887854,12:13:35.490,15.1500,98
44151204477848,12:15:51.204,15.1600,90
44169198737553,12:16:09.198,15.1600,10
44169198737553,12:16:09.198,15.1600,1
44169198737553,12:16:09.198,15.1600,89
44174241775984,12:16:14.241,15.1600,111
44174241775984,12:16:14.241,15.1600,100
44174241775984,12:16:14.241,15.1600,1
44209419766370,12:16:49.419,15.1700,1
44218548727583,12:16:58.548,15.1800,100
44218548727583,12:16:58.548,15.1800,1
44218548727583,12:16:58.548,15.1800,99
44304596228982,12:18:24.596,15.1900,2
44316269068807,12:18:36.269,15.1800,200
44316269068807,12:18:36.269,15.1800,100
44316269068807,12:18:36.269,15.1800,100
44316299382096,12:18:36.299,15.1700,100
44316299382096,12:18:36.299,15.1700,100
44316301153093,12:18:36.301,15.1700,24
44318225149408,12:18:38.225,15.1600,100
44372648931849,12:19:32.648,15.1700,4
44372648931849,12:19:32.648,15.1700,96
44375443420303,12:19:35.443,15.1700,4
44375443420303,12:19:35.443,15.1700,96
44375443652751,12:19:35.443,15.1700,4
44388578723626,12:19:48.578,15.1700,100
44426716995702,12:20:26.716,15.1700,3
44447427743061,12:20:47.427,15.1800,98
44475017870665,12:21:15.017,15.1900,100
44498248614258,12:21:38.248,15.1900,100
44498248614258,12:21:38.248,15.1900,63
44519321609895,12:21:59.321,15.1900,100
44519321938326,12:21:59.321,15.1900,100
44519322090601,12:21:59.322,15.1900,100
44622361049513,12:23:42.361,15.1800,402
44622361049513,12:23:42.361,15.1800,19
44774133096563,12:26:14.133,15.1800,100
44774799489061,12:26:14.799,15.1800,100
44784812997456,12:26:24.812,15.2000,141
44784812997456,12:26:24.812,15.2000,100
44834657645991,12:27:14.657,15.2000,68
44834657648953,12:27:14.657,15.2000,32
44834657648953,12:27:14.657,15.2000,100
44834657648953,12:27:14.657,15.2000,68
44842116613482,12:27:22.116,15.1900,90
44842117053416,12:27:22.117,15.1900,10
44881098641166,12:28:01.098,15.1900,5
44881098641166,12:28:01.098,15.1900,2
44881106862132,12:28:01.106,15.1900,100
44881197869206,12:28:01.197,15.1950,22
44889678871409,12:28:09.678,15.2000,2
44981750931328,12:29:41.750,15.2100,6
44989598020270,12:29:49.598,15.2100,94
44989598020270,12:29:49.598,15.2100,100
44989598020270,12:29:49.598,15.2100,6
44989598252283,12:29:49.598,15.2100,53
44989598277096,12:29:49.598,15.2100,41
45006164688880,12:30:06.164,15.2200,2
45024081429494,12:30:24.081,15.2300,100
45123478983764,12:32:03.478,15.2400,1
45123501859594,12:32:03.501,15.2300,198
45123501859594,12:32:03.501,15.2300,100
45123501859594,12:32:03.501,15.2300,2
45177500321291,12:32:57.500,15.2200,69
45177502112879,12:32:57.502,15.2200,31
45177502112879,12:32:57.502,15.2200,3
45180428710242,12:33:00.428,15.2300,2
45188435225878,12:33:08.435,15.2300,98
45188436981990,12:33:08.436,15.2300,100
45352869581030,12:35:52.869,15.2200,100
45384759755922,12:36:24.759,15.2200,100
45384760146300,12:36:24.760,15.2300,1
45384760146300,12:36:24.760,15.2300,99
45393076475997,12:36:33.076,15.2200,100
45394966535591,12:36:34.966,15.2100,100
45395019502462,12:36:35.019,15.2100,2
45397057886472,12:36:37.057,15.2000,80
45397057886472,12:36:37.057,15.2000,20
45397057912893,12:36:37.057,15.2000,80
45397057912893,12:36:37.057,15.2000,100
45402060131004,12:36:42.060,15.1900,1
45502242154664,12:38:22.242,15.2100,1
45502242154664,12:38:22.242,15.2100,1
45570466656898,12:39:30.466,15.1800,1
45799472475434,12:43:19.472,15.1900,2
45829835447462,12:43:49.835,15.1800,100
45829835473405,12:43:49.835,15.1800,6
45829967562073,12:43:49.967,15.1700,47
45829967573221,12:43:49.967,15.1700,53
45902569308699,12:45:02.569,15.1600,100
45902569308699,12:45:02.569,15.1600,5
45936752461753,12:45:36.752,15.1600,100
46026189816913,12:47:06.189,15.1600,2
46026189816913,12:47:06.189,15.1600,98
46026190048185,12:47:06.190,15.1600,56
46026190049507,12:47:06.190,15.1600,46
46092573974068,12:48:12.573,15.1700,1
46092573974068,12:48:12.573,15.1700,1
46223804522720,12:50:23.804,15.1600,100
46231219177323,12:50:31.219,15.1500,19
46231219202104,12:50:31.219,15.1500,481
46231219910144,12:50:31.219,15.1400,87
46231219976836,12:50:31.219,15.1400,13
46231219976836,12:50:31.219,15.1400,100
46231219976836,12:50:31.219,15.1400,100
46247687460598,12:50:47.687,15.1300,2
46256087521711,12:50:56.087,15.1400,38
46256087521711,12:50:56.087,15.1400,61
46256087528566,12:50:56.087,15.1400,39
46256087528566,12:50:56.087,15.1400,57
46256087531771,12:50:56.087,15.1400,42
46389349418195,12:53:09.349,15.1500,1
46467087298632,12:54:27.087,15.1400,67
46467087527563,12:54:27.087,15.1400,33
46467087527563,12:54:27.087,15.1400,10
46467087527563,12:54:27.087,15.1400,100
46535012061488,12:55:35.012,15.1300,100
46548562825980,12:55:48.562,15.1200,100
46548562880620,12:55:48.562,15.1200,2
46569258815734,12:56:09.258,15.1200,100
46569258815734,12:56:09.258,15.1200,2
46569258815734,12:56:09.258,15.1200,1
46613942563291,12:56:53.942,15.1300,1
46691072710135,12:58:11.072,15.1400,1
46694072505069,12:58:14.072,15.1500,100
46694072529606,12:58:14.072,15.1500,100
46694072529606,12:58:14.072,15.1500,1
46694932555550,12:58:14.932,15.1550,500
46699481374050,12:58:19.481,15.1500,100
46699511819371,12:58:19.511,15.1500,50
46722123440908,12:58:42.123,15.1500,100
46737116208003,12:58:57.116,15.1500,41
46746668674272,12:59:06.668,15.1500,59
46746668674272,12:59:06.668,15.1500,17
46807336510486,13:00:07.336,15.1500,50
46896872981968,13:01:36.872,15.1600,3
46907386865442,13:01:47.386,15.1500,100
46943515369487,13:02:23.515,15.1500,100
46977293697798,13:02:57.293,15.1500,23
46980739694448,13:03:00.739,15.1500,100
46985636201786,13:03:05.636,15.1600,2
47037657711002,13:03:57.657,15.1400,61
47061908779375,13:04:21.908,15.1400,2
47119375494020,13:05:19.375,15.1300,100
47247317233599,13:07:27.317,15.1300,3
47251562077110,13:07:31.562,15.1400,98
47260504781027,13:07:40.504,15.1400,100
47327561392168,13:08:47.561,15.1400,50
47327561392168,13:08:47.561,15.1400,50
47327561629806,13:08:47.561,15.1400,48
47336565622098,13:08:56.565,15.1400,5
47336565622098,13:08:56.565,15.1400,6
47380107479216,13:09:40.107,15.1500,100
47446088047320,13:10:46.088,15.1400,100
47501908322192,13:11:41.908,15.1500,100
47514218926141,13:11:54.218,15.1500,100
47602693568265,13:13:22.693,15.1500,2
47621648634211,13:13:41.648,15.1500,1
47635744389395,13:13:55.744,15.1500,100
47635744389395,13:13:55.744,15.1500,100
47670725519848,13:14:30.725,15.1500,1
47671134275699,13:14:31.134,15.1550,100
47699788891427,13:14:59.788,15.1500,100
47699788973666,13:14:59.788,15.1500,300
47711791621799,13:15:11.791,15.1500,100
47886870197769,13:18:06.870,15.1500,2
47895486107589,13:18:15.486,15.1500,100
47895487573646,13:18:15.487,15.1500,100
48004467146525,13:20:04.467,15.1500,30
48059994005847,13:20:59.994,15.1450,100
48070552454167,13:21:10.552,15.1600,100
48070552454167,13:21:10.552,15.1600,100
48070552454167,13:21:10.552,15.1600,100
48070563333892,13:21:10.563,15.1600,300
48070563333892,13:21:10.563,15.1600,100
48070563333892,13:21:10.563,15.1600,100
48070563333892,13:21:10.563,15.1600,100
48102663458397,13:21:42.663,15.1600,95
48102663462180,13:21:42.663,15.1600,5
48112709681347,13:21:52.709,15.1600,100
48122432921926,13:22:02.432,15.1600,200
48122432921926,13:22:02.432,15.1600,100
48143081028196,13:22:23.081,15.1500,100
48206435465393,13:23:26.435,15.1500,2
48277639632685,13:24:37.639,15.1500,98
48277639632685,13:24:37.639,15.1500,1
48277639632685,13:24:37.639,15.1500,101
48277639773585,13:24:37.639,15.1500,99
48302960913510,13:25:02.960,15.1500,100
48424644698851,13:27:04.644,15.1600,3
48424644698851,13:27:04.644,15.1600,2
48489010037815,13:28:09.010,15.1700,1
48605465436308,13:30:05.465,15.1700,99
48605465436308,13:30:05.465,15.1700,1
48605503416960,13:30:05.503,15.1700,18
48605503416960,13:30:05.503,15.1700,1
48605506941334,13:30:05.506,15.1800,1600
48605507014405,13:30:05.507,15.1800,1800
48605507014405,13:30:05.507,15.1800,3200
48605507014405,13:30:05.507,15.1800,100
48605507488678,13:30:05.507,15.1900,75
48605507504867,13:30:05.507,15.1900,25
48605507504867,13:30:05.507,15.1900,2
48605510228439,13:30:05.510,15.1900,2
48605527715576,13:30:05.527,15.1900,100
48605527715576,13:30:05.527,15.1900,100
48605527715576,13:30:05.527,15.1900,100
48605528865078,13:30:05.528,15.1900,30
48605528897250,13:30:05.528,15.1900,70
48605535973439,13:30:05.535,15.1900,9
48605554964486,13:30:05.554,15.1900,100
48605556397452,13:30:05.556,15.1900,100
48645937816720,13:30:45.937,15.1900,100
48645937841918,13:30:45.937,15.1900,1
48656835443487,13:30:56.835,15.2000,2
48656835443487,13:30:56.835,15.2000,73
48656835470466,13:30:56.835,15.2000,27
48662028371426,13:31:02.028,15.2200,100
48662028371426,13:31:02.028,15.2200,100
48662040776981,13:31:02.040,15.2100,100
48673950267909,13:31:13.950,15.2200,100
48673950267909,13:31:13.950,15.2200,100
48673950267909,13:31:13.950,15.2200,100
48673950771789,13:31:13.950,15.2200,100
48674068432297,13:31:14.068,15.2200,100
48674105552362,13:31:14.105,15.2300,100
48674105552362,13:31:14.105,15.2300,28
48677372611301,13:31:17.372,15.2200,100
48677372611301,13:31:17.372,15.2200,100
48677372611301,13:31:17.372,15.2200,72
48677372611301,13:31:17.372,15.2200,10
48751434956394,13:32:31.434,15.2100,100
48751434956394,13:32:31.434,15.2100,100
48767031567154,13:32:47.031,15.2000,100
48784629761281,13:33:04.629,15.2000,5
48810742870700,13:33:30.742,15.1900,100
48810744572151,13:33:30.744,15.1800,100
48810744572151,13:33:30.744,15.1800,100
48810744572151,13:33:30.744,15.1800,100
48810744572151,13:33:30.744,15.1800,100
48810746381672,13:33:30.746,15.1700,100
48810748209372,13:33:30.748,15.1600,100
48810748209372,13:33:30.748,15.1600,400
48810751071272,13:33:30.751,15.1500,100
48810751071272,13:33:30.751,15.1500,100
48810751071272,13:33:30.751,15.1500,100
48810751071272,13:33:30.751,15.1500,100
48810751071272,13:33:30.751,15.1500,100
48810754134212,13:33:30.754,15.1500,100
48810754134212,13:33:30.754,15.1500,100
48810755121925,13:33:30.755,15.1600,100
48810755320994,13:33:30.755,15.1600,100
48810755320994,13:33:30.755,15.1600,100
48810755320994,13:33:30.755,15.1600,100
48810755320994,13:33:30.755,15.1600,100
48810755320994,13:33:30.755,15.1600,100
48810755320994,13:33:30.755,15.1600,100
48810755320994,13:33:30.755,15.1500,298
48810769587070,13:33:30.769,15.1500,100
48810794916292,13:33:30.794,15.1500,102
48810794916292,13:33:30.794,15.1500,98
48810794916292,13:33:30.794,15.1500,157
48823740139561,13:33:43.740,15.1600,16
48823740164291,13:33:43.740,15.1600,1
48827401346448,13:33:47.401,15.1700,4
48915540003071,13:35:15.540,15.1900,100
48955874341598,13:35:55.874,15.1900,2
49012405718841,13:36:52.405,15.1800,100
49088380670666,13:38:08.380,15.1900,1
49088380670666,13:38:08.380,15.2000,1
49301536252907,13:41:41.536,15.2000,3
49301536252907,13:41:41.536,15.2000,2
49374100551469,13:42:54.100,15.2100,2
49449070812130,13:44:09.070,15.2000,200
49449070812130,13:44:09.070,15.2000,100
49449070812130,13:44:09.070,15.2000,100
49449107237634,13:44:09.107,15.2100,1
49449107237634,13:44:09.107,15.2100,4
49449124182558,13:44:09.124,15.2000,1
49456217668006,13:44:16.217,15.2000,99
49477252048554,13:44:37.252,15.2000,100
49561528325506,13:46:01.528,15.2100,100
49561529317997,13:46:01.529,15.2100,1
49568942715144,13:46:08.942,15.2200,1
49568942715144,13:46:08.942,15.2200,44
49568942732446,13:46:08.942,15.2200,56
49568942732446,13:46:08.942,15.2200,10
49568942733931,13:46:08.942,15.2200,90
49568942995222,13:46:08.942,15.2300,30
49569447755878,13:46:09.447,15.2300,1
49681132278608,13:48:01.132,15.2200,100
49681132278608,13:48:01.132,15.2200,100
49681132365034,13:48:01.132,15.2200,100
49681132365034,13:48:01.132,15.2200,100
49681196750414,13:48:01.196,15.2100,45
49681196756638,13:48:01.196,15.2100,45
49681196764809,13:48:01.196,15.2100,10
49739698340656,13:48:59.698,15.2000,2
49750611335867,13:49:10.611,15.2000,100
49750644897715,13:49:10.644,15.1900,1
49818667039874,13:50:18.667,15.1900,1
49863033134224,13:51:03.033,15.2000,30
49879507280329,13:51:19.507,15.2000,43
49879507292688,13:51:19.507,15.2000,135
49879507295121,13:51:19.507,15.2000,22
49879507295121,13:51:19.507,15.2000,68
49879507437712,13:51:19.507,15.2000,32
49879507437712,13:51:19.507,15.2000,32
49901568667955,13:51:41.568,15.2000,100
49901569753582,13:51:41.569,15.2000,100
49963354528146,13:52:43.354,15.2000,100
50005045189717,13:53:25.045,15.2000,2
50085158091798,13:54:45.158,15.1900,100
50161567682556,13:56:01.567,15.1700,3
50221520712657,13:57:01.520,15.1800,2
50221520712657,13:57:01.520,15.1800,98
50221520957252,13:57:01.520,15.1800,2
50266609488991,13:57:46.609,15.1800,200
50266609520711,13:57:46.609,15.1800,100
50284492725319,13:58:04.492,15.1800,2
50331051833251,13:58:51.051,15.1700,100
50370106905104,13:59:30.106,15.1700,2
50402799176367,14:00:02.799,15.1800,1
50402813970401,14:00:02.813,15.1800,100
50402814200697,14:00:02.814,15.1800,100
50409003746959,14:00:09.003,15.1900,1
50409003746959,14:00:09.003,15.1900,2
50410171753068,14:00:10.171,15.1900,100
50410171753068,14:00:10.171,15.1900,7
50410171753068,14:00:10.171,15.1900,93
50413030728332,14:00:13.030,15.1900,7
50413030728332,14:00:13.030,15.1900,93
50413065745671,14:00:13.065,15.2000,100
50413065745671,14:00:13.065,15.2000,100
50413166875552,14:00:13.166,15.2000,100
50413245547242,14:00:13.245,15.2000,7
50413245547242,14:00:13.245,15.2000,100
50413245547242,14:00:13.245,15.2000,100
50415600819391,14:00:15.600,15.1900,100
50423321147116,14:00:23.321,15.2000,100
50423321147116,14:00:23.321,15.1900,52
50423321923680,14:00:23.321,15.1900,48
50423321923680,14:00:23.321,15.1900,4
50441416621148,14:00:41.416,15.1900,100
50441416621148,14:00:41.416,15.1900,1
50446510603528,14:00:46.510,15.1900,100
50446510603528,14:00:46.510,15.1900,100
50451048139191,14:00:51.048,15.1900,100
50465022788750,14:01:05.022,15.2000,5
50465031147348,14:01:05.031,15.2000,100
50465031147348,14:01:05.031,15.2000,100
50465031147348,14:01:05.031,15.2000,100
50465031147348,14:01:05.031,15.2000,95
50466709695343,14:01:06.709,15.1900,83
50466709695822,14:01:06.709,15.1900,17
50466709695822,14:01:06.709,15.1900,7
50466709695822,14:01:06.709,15.1900,100
50466727447631,14:01:06.727,15.1900,1
50472315940060,14:01:12.315,15.1900,100
50537830570154,14:02:17.830,15.1800,100
50537843118971,14:02:17.843,15.1700,90
50537843143759,14:02:17.843,15.1700,10
50537843143759,14:02:17.843,15.1700,32
50537843153940,14:02:17.843,15.1700,26
50537843167578,14:02:17.843,15.1700,42
50539043770576,14:02:19.043,15.1700,1
50600024411970,14:03:20.024,15.1900,1
50607525577455,14:03:27.525,15.2000,1
50607534650314,14:03:27.534,15.2000,100
50607534650314,14:03:27.534,15.2000,100
50607537448518,14:03:27.537,15.2000,10
50607540700609,14:03:27.540,15.1900,100
50608307692781,14:03:28.307,15.1900,100
50608307692781,14:03:28.307,15.1900,100
50635132908080,14:03:55.132,15.2000,1
50668589222164,14:04:28.589,15.2000,100
50668589222164,14:04:28.589,15.2000,100
50676669355982,14:04:36.669,15.2000,100
50700807504650,14:05:00.807,15.2200,1
50703158948561,14:05:03.158,15.2600,18
50705884409933,14:05:05.884,15.2700,120
50736135498085,14:05:36.135,15.2600,1
50736135769802,14:05:36.135,15.2500,100
50736135769802,14:05:36.135,15.2500,69
50736135782547,14:05:36.135,15.2500,31
50736135782547,14:05:36.135,15.2500,53
50736135783347,14:05:36.135,15.2500,47
50739888055071,14:05:39.888,15.2400,3
50739977056302,14:05:39.977,15.2400,4
50778027649299,14:06:18.027,15.2500,1
50778027712681,14:06:18.027,15.2500,2
50778027783138,14:06:18.027,15.2500,2
50778027857525,14:06:18.027,15.2500,2
50778027929093,14:06:18.027,15.2500,2
50778027986767,14:06:18.027,15.2500,2
50819266299199,14:06:59.266,15.2600,5
50819266299199,14:06:59.266,15.2600,1
50834615097981,14:07:14.615,15.2700,24
50834615107867,14:07:14.615,15.2700,200
50834615139177,14:07:14.615,15.2700,76
50868040421184,14:07:48.040,15.2500,100
50868040650586,14:07:48.040,15.2500,1
50937588732370,14:08:57.588,15.2400,100
50953733151337,14:09:13.733,15.2500,1
50953733151337,14:09:13.733,15.2500,19
51029883426081,14:10:29.883,15.2400,100
51029883426081,14:10:29.883,15.2400,40
51029883426081,14:10:29.883,15.2400,60
51029883452152,14:10:29.883,15.2400,40
51029887540803,14:10:29.887,15.2300,100
51029889552883,14:10:29.889,15.2200,400
51029894585314,14:10:29.894,15.2050,100
51029894585314,14:10:29.894,15.2000,8
51029894585314,14:10:29.894,15.2000,100
51029894585314,14:10:29.894,15.2000,100
51030161014838,14:10:30.161,15.2000,100
51030161014838,14:10:30.161,15.2000,1
51030169359740,14:10:30.169,15.2000,100
51030169359740,14:10:30.169,15.2000,100
51030169359740,14:10:30.169,15.2000,100
51030169359740,14:10:30.169,15.2000,100
51030169359740,14:10:30.169,15.2000,100
51034931937401,14:10:34.931,15.1900,100
51034931980138,14:10:34.931,15.1900,21
51063960647986,14:11:03.960,15.2000,200
51063960647986,14:11:03.960,15.2000,1
51063975793723,14:11:03.975,15.2000,400
51063975793723,14:11:03.975,15.2000,100
51063975793723,14:11:03.975,15.2000,100
51082572914092,14:11:22.572,15.2000,100
51094592594235,14:11:34.592,15.2000,100
51094597778932,14:11:34.597,15.1900,1
51114013453832,14:11:54.013,15.1900,100
51116447588553,14:11:56.447,15.1900,100
51116447685021,14:11:56.447,15.1900,1
51177819916371,14:12:57.819,15.2300,1
51220147509483,14:13:40.147,15.2400,5
51220147509483,14:13:40.147,15.2400,1
51223130008219,14:13:43.130,15.2500,1
51223130008219,14:13:43.130,15.2500,2
51223131167649,14:13:43.131,15.2500,400
51223131167649,14:13:43.131,15.2500,100
51223131167649,14:13:43.131,15.2500,100
51223131298077,14:13:43.131,15.2500,3
51242027353734,14:14:02.027,15.2500,40
51242027378596,14:14:02.027,15.2500,60
51242035557829,14:14:02.035,15.2500,300
51242035557829,14:14:02.035,15.2500,100
51242036033939,14:14:02.036,15.2500,100
51275810063949,14:14:35.810,15.2500,100
51275810290054,14:14:35.810,15.2500,100
51275810290054,14:14:35.810,15.2500,1
51275832090324,14:14:35.832,15.2500,100
51275832090324,14:14:35.832,15.2500,100
51298999066344,14:14:58.999,15.2500,200
51298999066344,14:14:58.999,15.2500,100
51307019108833,14:15:07.019,15.2400,71
51307019116383,14:15:07.019,15.2400,29
51307019116969,14:15:07.019,15.2400,29
51308223634744,14:15:08.223,15.2500,5
51400195377215,14:16:40.195,15.2500,74
51400196169922,14:16:40.196,15.2500,21
51400196169922,14:16:40.196,15.2500,100
51400196169922,14:16:40.196,15.2500,1
51400294330887,14:16:40.294,15.2500,100
51424332259558,14:17:04.332,15.2400,100
51424332259558,14:17:04.332,15.2400,18
51424332284805,14:17:04.332,15.2400,82
51484400912287,14:18:04.400,15.2300,100
51484400912287,14:18:04.400,15.2300,1
51495982725922,14:18:15.982,15.2300,1
51510634117160,14:18:30.634,15.2400,5
51510634117160,14:18:30.634,15.2400,95
51510634350897,14:18:30.634,15.2400,28
51510634363025,14:18:30.634,15.2400,77
51510987301156,14:18:30.987,15.2400,1
51510987301156,14:18:30.987,15.2400,99
51549165075513,14:19:09.165,15.2400,61
51599401283768,14:19:59.401,15.2400,100
51599401283768,14:19:59.401,15.2400,100
51599401283768,14:19:59.401,15.2400,1
51660397189896,14:21:00.397,15.2400,1
51670523238020,14:21:10.523,15.2400,54
51670523255587,14:21:10.523,15.2400,46
51670523255587,14:21:10.523,15.2400,38
51670523278053,14:21:10.523,15.2400,57
51670523296119,14:21:10.523,15.2400,5
51670523296119,14:21:10.523,15.2400,1
51676849138227,14:21:16.849,15.2400,1
51676849138227,14:21:16.849,15.2400,100
51713619766268,14:21:53.619,15.2500,1
51713633221396,14:21:53.633,15.2500,200
51713633221396,14:21:53.633,15.2500,100
51755504029840,14:22:35.504,15.2400,17
51755504053098,14:22:35.504,15.2400,42
51755504056467,14:22:35.504,15.2400,41
51755504056467,14:22:35.504,15.2400,1
51755504099890,14:22:35.504,15.2400,84
51755504399777,14:22:35.504,15.2400,15
51755504399777,14:22:35.504,15.2400,3
51759089431097,14:22:39.089,15.2400,5
51803806550537,14:23:23.806,15.2500,18
51803807311144,14:23:23.807,15.2500,82
51803807311144,14:23:23.807,15.2500,1
51803888679660,14:23:23.888,15.2500,100
51803888679660,14:23:23.888,15.2500,100
51803888679660,14:23:23.888,15.2500,500
51803939315518,14:23:23.939,15.2500,2
51821223144942,14:23:41.223,15.2400,5
51821223151671,14:23:41.223,15.2400,76
51821223228915,14:23:41.223,15.2400,43
51821223277691,14:23:41.223,15.2400,76
51821223277691,14:23:41.223,15.2400,3
51821223286569,14:23:41.223,15.2400,42
51821223378823,14:23:41.223,15.2400,55
51821223378823,14:23:41.223,15.2400,100
51821223378823,14:23:41.223,15.2400,45
51821224382805,14:23:41.224,15.2400,55
51821224382805,14:23:41.224,15.2400,100
51945972924802,14:25:45.972,15.2400,100
51945979961266,14:25:45.979,15.2400,100
51945980206571,14:25:45.980,15.2400,40
51972047906770,14:26:12.047,15.2300,40
51972047914714,14:26:12.047,15.2300,16
51972047924600,14:26:12.047,15.2300,42
51972047930631,14:26:12.047,15.2300,2
51978487604368,14:26:18.487,15.2300,2
52013605889828,14:26:53.605,15.2300,100
52013605889828,14:26:53.605,15.2300,100
52053196778379,14:27:33.196,15.2400,5
52058547675379,14:27:38.547,15.2400,100
52117106886044,14:28:37.106,15.2100,100
52204864664648,14:30:04.864,15.2200,100
52204864897372,14:30:04.864,15.2200,81
52204864906943,14:30:04.864,15.2200,19
52204864906943,14:30:04.864,15.2200,20
52204864916845,14:30:04.864,15.2200,39
52204864922742,14:30:04.864,15.2200,141
52204881430469,14:30:04.881,15.2200,1
52245337932610,14:30:45.337,15.2200,200
52268548033009,14:31:08.548,15.2300,100
52309445687996,14:31:49.445,15.2400,100
52309445716237,14:31:49.445,15.2400,49
52309445716237,14:31:49.445,15.2400,9
52339153365868,14:32:19.153,15.2200,40
52339153365868,14:32:19.153,15.2200,100
52350609112444,14:32:30.609,15.2300,1
52350609112444,14:32:30.609,15.2300,99
52350609289253,14:32:30.609,15.2300,101
52379146341922,14:32:59.146,15.2300,1
52396057498524,14:33:16.057,15.2400,1
52409348599021,14:33:29.348,15.2400,1
52464941822203,14:34:24.941,15.2500,1
52472649117667,14:34:32.649,15.2500,100
52504850236559,14:35:04.850,15.2500,1
52518507488381,14:35:18.507,15.2500,11
52537746823697,14:35:37.746,15.2400,100
52537746823697,14:35:37.746,15.2400,100
52537747170419,14:35:37.747,15.2400,100
52537748348592,14:35:37.748,15.2400,100
52537748348592,14:35:37.748,15.2400,100
52537748519663,14:35:37.748,15.2400,100
52564418203119,14:36:04.418,15.2400,78
52564418206264,14:36:04.418,15.2400,22
52564418206264,14:36:04.418,15.2400,7
52564995009290,14:36:04.995,15.2350,100
52566023792977,14:36:06.023,15.2300,100
52566553487769,14:36:06.553,15.2200,100
52566553740735,14:36:06.553,15.2200,38
52591922593975,14:36:31.922,15.2200,5
52591922593975,14:36:31.922,15.2200,95
52597959486018,14:36:37.959,15.2100,200
52611014071858,14:36:51.014,15.2100,100
52611014071858,14:36:51.014,15.2100,1
52611014071858,14:36:51.014,15.2100,100
52630432585807,14:37:10.432,15.2100,1
52648554804450,14:37:28.554,15.2100,100
52689933953147,14:38:09.933,15.2200,1
52698270983919,14:38:18.270,15.2150,100
52707848464254,14:38:27.848,15.2200,100
52708347989215,14:38:28.347,15.2200,100
52728228760068,14:38:48.228,15.2200,1
52728238000121,14:38:48.238,15.2200,100
52728238000121,14:38:48.238,15.2200,100
52728238000121,14:38:48.238,15.2200,100
52728238000121,14:38:48.238,15.2200,100
52728238000121,14:38:48.238,15.2200,100
52728238000121,14:38:48.238,15.2200,36
52762918603006,14:39:22.918,15.2100,4
52762918621806,14:39:22.918,15.2100,16
52825101490509,14:40:25.101,15.1800,1
52825885429027,14:40:25.885,15.1800,100
52855381339000,14:40:55.381,15.1800,1
52894468507248,14:41:34.468,15.1800,5
52910726998060,14:41:50.726,15.1800,100
52910729827031,14:41:50.729,15.1800,100
52920439319337,14:42:00.439,15.1800,4
52939613415112,14:42:19.613,15.1800,100
52939770706947,14:42:19.770,15.1800,2
52940807454383,14:42:20.807,15.1800,300
52942862576959,14:42:22.862,15.1800,87
52955368340693,14:42:35.368,15.1900,3
52958437584227,14:42:38.437,15.1800,13
52981005103382,14:43:01.005,15.1700,100
52981005103382,14:43:01.005,15.1700,40
52987516375359,14:43:07.516,15.1600,100
53031171540858,14:43:51.171,15.1500,100
53031172203974,14:43:51.172,15.1500,2
53031172203974,14:43:51.172,15.1500,98
53031172315060,14:43:51.172,15.1500,2
53041634185064,14:44:01.634,15.1500,2
53041634185064,14:44:01.634,15.1500,98
53041634211903,14:44:01.634,15.1500,2
53066737423177,14:44:26.737,15.1600,3
53067266908900,14:44:27.266,15.1700,1
53067266908900,14:44:27.266,15.1700,77
53067266911239,14:44:27.266,15.1700,23
53067266911239,14:44:27.266,15.1700,100
53113174685012,14:45:13.174,15.1700,2
53113174685012,14:45:13.174,15.1700,5
53113936169312,14:45:13.936,15.1700,1
53158785422121,14:45:58.785,15.1600,100
53158785422121,14:45:58.785,15.1600,100
53158785422121,14:45:58.785,15.1600,100
53158785565500,14:45:58.785,15.1600,100
53190032395116,14:46:30.032,15.1600,99
53190032395116,14:46:30.032,15.1600,100
53190032395116,14:46:30.032,15.1600,17
53190032399189,14:46:30.032,15.1600,77
53190032399849,14:46:30.032,15.1600,34
53190032405635,14:46:30.032,15.1600,72
53190032405635,14:46:30.032,15.1600,111
53190032421679,14:46:30.032,15.1600,78
53190032426499,14:46:30.032,15.1600,89
53190032498640,14:46:30.032,15.1600,200
53190032498640,14:46:30.032,15.1600,22
53190645038584,14:46:30.645,15.1700,100
53190645038584,14:46:30.645,15.1700,1
53190645038584,14:46:30.645,15.1700,2
53228389416164,14:47:08.389,15.2000,100
53228389416164,14:47:08.389,15.2000,100
53228389416164,14:47:08.389,15.2000,100
53248390536072,14:47:28.390,15.1900,100
53248390536072,14:47:28.390,15.1900,100
53295104911678,14:48:15.104,15.1900,2
53330930262446,14:48:50.930,15.1800,100
53377620123358,14:49:37.620,15.1500,40
53377620123358,14:49:37.620,15.1500,100
53377620123358,14:49:37.620,15.1500,100
53377620123358,14:49:37.620,15.1500,43
53421841007086,14:50:21.841,15.1500,100
53421841007086,14:50:21.841,15.1500,100
53421841683435,14:50:21.841,15.1400,39
53421841957813,14:50:21.841,15.1400,39
53421841963572,14:50:21.841,15.1400,39
53421843212602,14:50:21.843,15.1300,100
53423301956843,14:50:23.301,15.1400,10
53423321300816,14:50:23.321,15.1400,5
53426509790527,14:50:26.509,15.1500,100
53426509790527,14:50:26.509,15.1500,2
53427010203303,14:50:27.010,15.1600,100
53427010203303,14:50:27.010,15.1600,2
53427010225830,14:50:27.010,15.1600,29
53427010390257,14:50:27.010,15.1600,71
53427010390257,14:50:27.010,15.1600,71
53502260269643,14:51:42.260,15.1500,100
53528089877511,14:52:08.089,15.1500,2
53528089877511,14:52:08.089,15.1500,90
53528089877511,14:52:08.089,15.1500,8
53528089904426,14:52:08.089,15.1500,192
53528089904426,14:52:08.089,15.1500,100
53528090732353,14:52:08.090,15.1600,100
53528090732353,14:52:08.090,15.1600,100
53528092292922,14:52:08.092,15.1600,1
53555589870690,14:52:35.589,15.1800,42
53555589878640,14:52:35.589,15.1800,58
53623022816475,14:53:43.022,15.1900,100
53741727498902,14:55:41.727,15.2100,100
53776289054276,14:56:16.289,15.2100,43
53827810785507,14:57:07.810,15.2300,100
53827810785507,14:57:07.810,15.2300,100
53827810811215,14:57:07.810,15.2300,100
53827810811215,14:57:07.810,15.2300,300
53827811807613,14:57:07.811,15.2200,100
53856902351590,14:57:36.902,15.2200,100
54003161898784,15:00:03.161,15.2300,83
54003161898784,15:00:03.161,15.2300,100
54003161898784,15:00:03.161,15.2300,5
54003161898784,15:00:03.161,15.2300,12
54003162889651,15:00:03.162,15.2300,88
54003162889651,15:00:03.162,15.2300,12
54003162962970,15:00:03.162,15.2300,88
54011571820200,15:00:11.571,15.2200,41
54028192388470,15:00:28.192,15.2100,1
54028193779568,15:00:28.193,15.2000,100
54028193779568,15:00:28.193,15.2000,100
54028194496828,15:00:28.194,15.2000,100
54037648495739,15:00:37.648,15.2000,100
54037648495739,15:00:37.648,15.2000,100
54037648674575,15:00:37.648,15.2000,100
54037648674575,15:00:37.648,15.2000,100
54072900249798,15:01:12.900,15.2000,100
54121063754259,15:02:01.063,15.2000,100
54121063754259,15:02:01.063,15.2000,100
54121063876923,15:02:01.063,15.2000,1
54189285252762,15:03:09.285,15.2000,100
54193010952087,15:03:13.010,15.2000,100
54200806901500,15:03:20.806,15.2000,100
54200807319763,15:03:20.807,15.2000,100
54200807319763,15:03:20.807,15.2000,1
54200807319763,15:03:20.807,15.2000,100
54232269219445,15:03:52.269,15.1900,60
54266051941545,15:04:26.051,15.1800,100
54336076605533,15:05:36.076,15.1700,83
54360045729477,15:06:00.045,15.1600,100
54360045739568,15:06:00.045,15.1600,10
54361444917007,15:06:01.444,15.1500,10
54363931623674,15:06:03.931,15.1400,100
54364492885192,15:06:04.492,15.1300,100
54368013004038,15:06:08.013,15.1300,400
54368013004038,15:06:08.013,15.1300,100
54368014267938,15:06:08.014,15.1300,100
54368014267938,15:06:08.014,15.1300,100
54378282444781,15:06:18.282,15.1400,100
54378283589194,15:06:18.283,15.1400,100
54378283815479,15:06:18.283,15.1400,100
54430541441749,15:07:10.541,15.1400,100
54459165208542,15:07:39.165,15.1400,7
54459165384602,15:07:39.165,15.1300,100
54467378779239,15:07:47.378,15.1300,100
54491994940021,15:08:11.994,15.1400,3
54492134016725,15:08:12.134,15.1400,1
54510826216641,15:08:30.826,15.1500,3
54510826216641,15:08:30.826,15.1500,100
54551308326662,15:09:11.308,15.1400,100
54551308360260,15:09:11.308,15.1400,99
54551308360260,15:09:11.308,15.1400,100
54587577449340,15:09:47.577,15.1100,1
54588446361204,15:09:48.446,15.1000,5
54588449990850,15:09:48.449,15.1100,100
54588449990850,15:09:48.449,15.1100,100
54599389245253,15:09:59.389,15.1000,225
54643469502402,15:10:43.469,15.0900,100
54643744471666,15:10:43.744,15.0700,60
54643744471666,15:10:43.744,15.0700,100
54679104838536,15:11:19.104,15.0600,100
54679104838536,15:11:19.104,15.0600,100
54679104838536,15:11:19.104,15.0600,60
54679178912082,15:11:19.178,15.0600,100
54689063727440,15:11:29.063,15.0800,2
54753733478184,15:12:33.733,15.0700,100
54753733478184,15:12:33.733,15.0700,2
54753733478184,15:12:33.733,15.0700,100
54753733478184,15:12:33.733,15.0700,100
54754842797960,15:12:34.842,15.0600,100
54836121668313,15:13:56.121,15.0700,100
54836121668313,15:13:56.121,15.0700,75
54836121696942,15:13:56.121,15.0700,100
54836122207189,15:13:56.122,15.0700,100
54836122207189,15:13:56.122,15.0700,25
54852571933769,15:14:12.571,15.0700,100
54880238996600,15:14:40.238,15.0700,100
54880238996600,15:14:40.238,15.0700,100
54880238996600,15:14:40.238,15.0700,20
54880239353886,15:14:40.239,15.0700,80
54887919127074,15:14:47.919,15.0700,100
54921813845603,15:15:21.813,15.0800,191
54921813869911,15:15:21.813,15.0800,109
54921813937610,15:15:21.813,15.0800,109
54921814116000,15:15:21.814,15.0800,191
54921814116000,15:15:21.814,15.0800,77
54921814243564,15:15:21.814,15.0800,23
54921814553397,15:15:21.814,15.0800,40
54923374541581,15:15:23.374,15.0900,100
54923374541581,15:15:23.374,15.0900,44
54937500870411,15:15:37.500,15.0900,100
54940377899337,15:15:40.377,15.1000,78
54956681967890,15:15:56.681,15.1000,200
54956681967890,15:15:56.681,15.1000,100
54965265717792,15:16:05.265,15.1000,100
54965266309210,15:16:05.266,15.1000,100
54966213542800,15:16:06.213,15.0900,68
54989778166614,15:16:29.778,15.0900,32
54989778166614,15:16:29.778,15.0900,23
54989778166614,15:16:29.778,15.0900,100
54993345171842,15:16:33.345,15.0800,64
55002277822199,15:16:42.277,15.0700,100
55002277822199,15:16:42.277,15.0700,100
55034176859475,15:17:14.176,15.0700,100
55034176859475,15:17:14.176,15.0700,60
55034176859475,15:17:14.176,15.0700,100
55061069890421,15:17:41.069,15.0500,1
55061069890421,15:17:41.069,15.0500,5
55112345152327,15:18:32.345,15.0450,96
55112345152327,15:18:32.345,15.0400,100
55112345152327,15:18:32.345,15.0400,60
55112345152327,15:18:32.345,15.0400,100
55112345152327,15:18:32.345,15.0400,100
55112345152327,15:18:32.345,15.0400,4
55112346346453,15:18:32.346,15.0400,96
55118932013011,15:18:38.932,15.0400,3
55156402766272,15:19:16.402,15.0300,100
55156402766272,15:19:16.402,15.0300,100
55156402766272,15:19:16.402,15.0300,200
55172956108563,15:19:32.956,15.0400,3
55172956108563,15:19:32.956,15.0400,72
55172956172679,15:19:32.956,15.0400,28
55172956172679,15:19:32.956,15.0400,56
55172956185580,15:19:32.956,15.0400,28
55172956271609,15:19:32.956,15.0400,11
55172956406785,15:19:32.956,15.0400,5
55172956406785,15:19:32.956,15.0400,100
55172956427042,15:19:32.956,15.0400,16
55172956432632,15:19:32.956,15.0400,16
55172956434302,15:19:32.956,15.0400,16
55172957229734,15:19:32.957,15.0400,100
55173071618540,15:19:33.071,15.0400,1
55203957847965,15:20:03.957,15.0500,5
55204882974867,15:20:04.882,15.0600,1
55252891650682,15:20:52.891,15.0600,100
55252891650682,15:20:52.891,15.0600,54
55252891650682,15:20:52.891,15.0600,100
55252891650682,15:20:52.891,15.0600,100
55252891945376,15:20:52.891,15.0600,45
55252891992739,15:20:52.891,15.0600,55
55252891992739,15:20:52.891,15.0600,100
55252892757440,15:20:52.892,15.0600,52
55252892765336,15:20:52.892,15.0600,36
55252892769734,15:20:52.892,15.0600,12
55270181206654,15:21:10.181,15.0500,1
55293118641306,15:21:33.118,15.0500,1
55293118643914,15:21:33.118,15.0500,1
55293118728042,15:21:33.118,15.0500,1
55299172719072,15:21:39.172,15.0500,100
55299172719072,15:21:39.172,15.0500,1
55299174530856,15:21:39.174,15.0500,100
55303580030413,15:21:43.580,15.0500,32
55365169011303,15:22:45.169,15.0400,15
55365169011303,15:22:45.169,15.0400,100
55365169011303,15:22:45.169,15.0400,100
55365169011303,15:22:45.169,15.0400,1
55365169011303,15:22:45.169,15.0400,10
55365169677165,15:22:45.169,15.0300,100
55365170888771,15:22:45.170,15.0200,65
55365170888771,15:22:45.170,15.0200,5
55365170888771,15:22:45.170,15.0200,32
55381854591474,15:23:01.854,15.0400,44
55381854615712,15:23:01.854,15.0400,56
55408495960532,15:23:28.495,15.0400,60
55441265001299,15:24:01.265,15.0300,1
55460240554763,15:24:20.240,15.0300,5
55472271578791,15:24:32.271,15.0500,34
55491316293368,15:24:51.316,15.0500,10
55531857361544,15:25:31.857,15.0400,100
55531857361544,15:25:31.857,15.0400,1
55531857361544,15:25:31.857,15.0400,100
55531857361544,15:25:31.857,15.0400,2
55574625789002,15:26:14.625,15.0200,79
55574626518858,15:26:14.626,15.0200,100
55574626570171,15:26:14.626,15.0200,21
55574626570171,15:26:14.626,15.0200,79
55574627070169,15:26:14.627,15.0200,21
55574627070169,15:26:14.627,15.0200,26
55595672995137,15:26:35.672,15.0200,200
55595678238976,15:26:35.678,15.0200,100
55595678241865,15:26:35.678,15.0200,1
55595678275436,15:26:35.678,15.0200,2
55595678285141,15:26:35.678,15.0200,297
55595678292996,15:26:35.678,15.0300,1
55650806062381,15:27:30.806,15.0300,100
55650806062381,15:27:30.806,15.0300,100
55650806062381,15:27:30.806,15.0300,100
55655002399382,15:27:35.002,15.0200,20
55662372774269,15:27:42.372,15.0200,20
55662372900942,15:27:42.372,15.0200,60
55676968572444,15:27:56.968,15.0400,43
55676968573139,15:27:56.968,15.0400,36
55676968578453,15:27:56.968,15.0400,121
55676968578453,15:27:56.968,15.0400,36
55676968603069,15:27:56.968,15.0400,36
55676974853332,15:27:56.974,15.0400,128
55676986845033,15:27:56.986,15.0500,98
55727915694197,15:28:47.915,15.0500,100
55727915694197,15:28:47.915,15.0500,125
55727915694197,15:28:47.915,15.0500,100
55727915694197,15:28:47.915,15.0500,100
55728676298202,15:28:48.676,15.0500,1
55728676344282,15:28:48.676,15.0500,99
55761356442880,15:29:21.356,15.0500,56
55761356459505,15:29:21.356,15.0500,44
55761356459505,15:29:21.356,15.0500,4
55773402980102,15:29:33.402,15.0400,100
55773402980102,15:29:33.402,15.0400,100
55773402980102,15:29:33.402,15.0400,2
55773402980102,15:29:33.402,15.0400,10
55773402980102,15:29:33.402,15.0400,37
55775089729980,15:29:35.089,15.0400,100
55775091631701,15:29:35.091,15.0300,20
55775096128310,15:29:35.096,15.0200,100
55775096128310,15:29:35.096,15.0200,100
55775096128310,15:29:35.096,15.0200,100
55775096128310,15:29:35.096,15.0200,100
55775096128310,15:29:35.096,15.0200,1000
55775096128310,15:29:35.096,15.0200,100
55775096128310,15:29:35.096,15.0100,1
55775096128310,15:29:35.096,15.0100,199
55775097373887,15:29:35.097,15.0200,100
55775097373887,15:29:35.097,15.0200,200
55775097373887,15:29:35.097,15.0200,100
55775097373887,15:29:35.097,15.0200,20
55775097373887,15:29:35.097,15.0100,101
55775097373887,15:29:35.097,15.0100,100
55775097373887,15:29:35.097,15.0100,100
55775097373887,15:29:35.097,15.0100,100
55775099345669,15:29:35.099,15.0000,200
55775099345669,15:29:35.099,15.0000,400
55775099870867,15:29:35.099,15.0000,300
55775099870867,15:29:35.099,15.0000,25
55775099870867,15:29:35.099,15.0000,15
55775099870867,15:29:35.099,15.0000,500
55775099870867,15:29:35.099,15.0000,25
55775099870867,15:29:35.099,15.0000,5
55775099870867,15:29:35.099,15.0000,1000
55775099870867,15:29:35.099,15.0000,100
55775099870867,15:29:35.099,15.0000,100
55775121855625,15:29:35.121,15.0000,71
55775490411144,15:29:35.490,15.0000,71
55775490411144,15:29:35.490,15.0000,100
55800796925034,15:30:00.796,14.9900,100
55800796934452,15:30:00.796,14.9900,99
55800796946449,15:30:00.796,14.9900,1
55800796946449,15:30:00.796,14.9900,20
55807249879788,15:30:07.249,14.9800,10
55807249879788,15:30:07.249,14.9800,200
55807253914410,15:30:07.253,14.9700,100
55807253914410,15:30:07.253,14.9700,200
55807254003727,15:30:07.254,14.9700,200
55809625228882,15:30:09.625,14.9800,1
55810667760858,15:30:10.667,14.9900,1
55810667760858,15:30:10.667,14.9900,92
55868157443078,15:31:08.157,14.9900,100
55868157443078,15:31:08.157,14.9900,100
55868157443078,15:31:08.157,14.9900,100
55868157443078,15:31:08.157,14.9900,39
55868157443078,15:31:08.157,14.9900,100
55872428779015,15:31:12.428,14.9900,45
55883497477546,15:31:23.497,14.9900,10
55896111517797,15:31:36.111,14.9900,1
55897384408006,15:31:37.384,14.9900,1
55913952135441,15:31:53.952,14.9800,100
55913952135441,15:31:53.952,14.9800,100
55913952135441,15:31:53.952,14.9800,27
55913952578458,15:31:53.952,14.9800,100
55913952607011,15:31:53.952,14.9800,100
55913952612019,15:31:53.952,14.9800,100
55913955644704,15:31:53.955,14.9800,90
55920269584157,15:32:00.269,14.9900,10
55920269584157,15:32:00.269,14.9900,90
55933535419051,15:32:13.535,14.9900,100
55933535419051,15:32:13.535,14.9900,100
55933535419051,15:32:13.535,14.9900,100
55933535556976,15:32:13.535,14.9900,100
55933535556976,15:32:13.535,14.9900,100
55947302623015,15:32:27.302,14.9800,100
55947302623015,15:32:27.302,14.9800,100
55947302623015,15:32:27.302,14.9800,100
55964189254614,15:32:44.189,14.9900,2
56024028788649,15:33:44.028,14.9900,100
56024028788649,15:33:44.028,14.9900,100
56024028788649,15:33:44.028,14.9900,100
56024028788649,15:33:44.028,14.9900,100
56024058459883,15:33:44.058,14.9900,10
56052692467336,15:34:12.692,14.9900,100
56052692467336,15:34:12.692,14.9900,100
56052692467336,15:34:12.692,14.9900,50
56052692544950,15:34:12.692,14.9900,50
56052692544950,15:34:12.692,14.9900,1
56052692544950,15:34:12.692,14.9900,100
56052692544950,15:34:12.692,14.9900,99
56052692605551,15:34:12.692,14.9900,1
56052865263927,15:34:12.865,14.9800,100
56053598508089,15:34:13.598,14.9800,100
56053598578449,15:34:13.598,14.9800,6
56060438239987,15:34:20.438,14.9600,45
56060438239987,15:34:20.438,14.9600,45
56060815878990,15:34:20.815,14.9500,100
56065139089530,15:34:25.139,14.9700,174
56065139115308,15:34:25.139,14.9700,226
56065139115308,15:34:25.139,14.9700,100
56065139183840,15:34:25.139,14.9700,100
56065150920519,15:34:25.150,14.9700,100
56065150920519,15:34:25.150,14.9600,300
56065150920519,15:34:25.150,14.9600,100
56065150920519,15:34:25.150,14.9600,100
56065150920519,15:34:25.150,14.9600,200
56065150920519,15:34:25.150,14.9600,100
56065150920519,15:34:25.150,14.9600,200
56065150920519,15:34:25.150,14.9600,14
56065151532484,15:34:25.151,14.9700,100
56076368973163,15:34:36.368,14.9600,100
56076698259489,15:34:36.698,14.9700,100
56100628990001,15:35:00.628,14.9600,100
56100628990001,15:35:00.628,14.9600,100
56104615189033,15:35:04.615,14.9600,1
56115064377067,15:35:15.064,14.9600,75
56124255816527,15:35:24.255,14.9600,100
56132833532952,15:35:32.833,14.9600,100
56132833532952,15:35:32.833,14.9600,60
56135296030419,15:35:35.296,14.9600,100
56135296261385,15:35:35.296,14.9600,2
56157685439475,15:35:57.685,14.9700,70
56180222287127,15:36:20.222,14.9700,56
56180222383659,15:36:20.222,14.9700,20
56212548140534,15:36:52.548,14.9700,54
56212548140534,15:36:52.548,14.9700,25
56212548140534,15:36:52.548,14.9700,1
56212548140534,15:36:52.548,14.9700,20
56214096827352,15:36:54.096,14.9700,80
56214096827352,15:36:54.096,14.9700,2
56217105554352,15:36:57.105,14.9800,48
56220130994805,15:37:00.130,14.9800,52
56220130994805,15:37:00.130,14.9800,1
56271089117727,15:37:51.089,14.9850,75
56271089117727,15:37:51.089,14.9800,100
56271089117727,15:37:51.089,14.9800,100
56271089117727,15:37:51.089,14.9800,300
56271089117727,15:37:51.089,14.9800,25
56271089578746,15:37:51.089,14.9800,75
56278199655217,15:37:58.199,14.9700,100
56278199883544,15:37:58.199,14.9700,9
56305786807475,15:38:25.786,14.9700,5
56305786807475,15:38:25.786,14.9700,94
56305787564706,15:38:25.787,14.9700,30
56305788608960,15:38:25.788,14.9700,25
56305794392116,15:38:25.794,14.9700,51
56325346049102,15:38:45.346,14.9800,1
56339902178110,15:38:59.902,14.9800,1
56342215400834,15:39:02.215,14.9900,44
56379156217550,15:39:39.156,14.9900,100
56379156217550,15:39:39.156,14.9900,100
56379156217550,15:39:39.156,14.9900,100
56379156217550,15:39:39.156,14.9900,100
56379461587138,15:39:39.461,14.9800,1
56399801331024,15:39:59.801,14.9900,100
56402473310414,15:40:02.473,14.9900,100
56402474067673,15:40:02.474,14.9900,1
56402474067673,15:40:02.474,14.9900,35
56402474177079,15:40:02.474,14.9900,65
56411183142384,15:40:11.183,14.9900,100
56411183691066,15:40:11.183,14.9800,100
56424647258369,15:40:24.647,14.9700,18
56424647258369,15:40:24.647,14.9700,200
56424647258369,15:40:24.647,14.9700,82
56424647797295,15:40:24.647,14.9600,1
56424647797295,15:40:24.647,14.9600,19
56424647797295,15:40:24.647,14.9600,100
56424647797295,15:40:24.647,14.9600,100
56424648529879,15:40:24.648,14.9500,94
56424648586978,15:40:24.648,14.9500,6
56424648586978,15:40:24.648,14.9500,100
56424648764147,15:40:24.648,14.9400,100
56424648764147,15:40:24.648,14.9400,100
56424648764147,15:40:24.648,14.9400,1
56424650706809,15:40:24.650,14.9400,100
56424658261759,15:40:24.658,14.9400,100
56424658261759,15:40:24.658,14.9400,100
56424658261759,15:40:24.658,14.9400,100
56424658261759,15:40:24.658,14.9400,100
56424658261759,15:40:24.658,14.9400,100
56424658261759,15:40:24.658,14.9400,30
56424658261759,15:40:24.658,14.9400,100
56424659035292,15:40:24.659,14.9400,100
56424744680254,15:40:24.744,14.9400,100
56424744910198,15:40:24.744,14.9400,232
56424744910198,15:40:24.744,14.9400,1
56425667467372,15:40:25.667,14.9400,100
56425667467372,15:40:25.667,14.9400,100
56425667467372,15:40:25.667,14.9400,100
56425667467372,15:40:25.667,14.9400,100
56425668116700,15:40:25.668,14.9400,100
56426722203919,15:40:26.722,14.9500,133
56426722207019,15:40:26.722,14.9500,5
56426722214999,15:40:26.722,14.9500,100
56426722414979,15:40:26.722,14.9500,62
56426722414979,15:40:26.722,14.9500,238
56426722447738,15:40:26.722,14.9500,200
56426722447738,15:40:26.722,14.9400,100
56426772978629,15:40:26.772,14.9400,100
56426774079415,15:40:26.774,14.9400,125
56427791867210,15:40:27.791,14.9400,100
56427791867210,15:40:27.791,14.9400,100
56427791867210,15:40:27.791,14.9400,100
56427791867210,15:40:27.791,14.9400,100
56429699533760,15:40:29.699,14.9300,200
56429699533760,15:40:29.699,14.9300,100
56434181837392,15:40:34.181,14.9200,100
56434181837392,15:40:34.181,14.9200,8
56434182246585,15:40:34.182,14.9100,100
56434182246585,15:40:34.182,14.9100,100
56434182474725,15:40:34.182,14.9000,1
56434182474725,15:40:34.182,14.9000,98
56434182484364,15:40:34.182,14.9000,2
56434182484364,15:40:34.182,14.9000,100
56434183389087,15:40:34.183,14.8900,100
56434183389087,15:40:34.183,14.8900,100
56434184877093,15:40:34.184,14.8700,100
56434184877093,15:40:34.184,14.8700,100
56434184877093,15:40:34.184,14.8700,100
56434184877093,15:40:34.184,14.8700,100
56434184877093,15:40:34.184,14.8700,100
56434185555185,15:40:34.185,14.8600,100
56434185801346,15:40:34.185,14.8600,100
56434186783336,15:40:34.186,14.8500,400
56434186783336,15:40:34.186,14.8500,100
56434186783336,15:40:34.186,14.8500,200
56434186783336,15:40:34.186,14.8500,1000
56434186783336,15:40:34.186,14.8500,100
56434186783336,15:40:34.186,14.8500,1000
56434187302118,15:40:34.187,14.8500,100
56434187625878,15:40:34.187,14.8400,100
56434187625878,15:40:34.187,14.8400,109
56434187762292,15:40:34.187,14.8400,91
56434187762292,15:40:34.187,14.8400,100
56434188422948,15:40:34.188,14.8400,100
56434188581858,15:40:34.188,14.8400,100
56434188724148,15:40:34.188,14.8400,100
56434188724148,15:40:34.188,14.8400,100
56434188972747,15:40:34.188,14.8500,100
56434188972747,15:40:34.188,14.8500,100
56434198686309,15:40:34.198,14.8600,100
56434198686309,15:40:34.198,14.8600,100
56434198686309,15:40:34.198,14.8600,100
56434198686309,15:40:34.198,14.8600,100
56434199210645,15:40:34.199,14.8600,200
56434199233063,15:40:34.199,14.8600,35
56434199372228,15:40:34.199,14.8500,3347
56434199561271,15:40:34.199,14.8500,2600
56434208561357,15:40:34.208,14.8500,1853
56434208561357,15:40:34.208,14.8500,1647
56434687739145,15:40:34.687,14.8700,98
56435178497141,15:40:35.178,14.8700,11
56437044214658,15:40:37.044,14.8700,91
56437044214658,15:40:37.044,14.8700,9
56437046508247,15:40:37.046,14.8700,100
56437046508247,15:40:37.046,14.8700,100
56437293409435,15:40:37.293,14.8800,200
56437293409435,15:40:37.293,14.8800,1
56437293409435,15:40:37.293,14.8800,99
56437294186636,15:40:37.294,14.8800,9
56437295067208,15:40:37.295,14.8800,91
56440055940141,15:40:40.055,14.8800,100
56440055940141,15:40:40.055,14.8800,100
56440056665295,15:40:40.056,14.8800,50
56446694593450,15:40:46.694,14.8900,100
56446694593450,15:40:46.694,14.8900,100
56446796186102,15:40:46.796,14.8900,50
56451418289644,15:40:51.418,14.9000,100
56451418289644,15:40:51.418,14.9000,100
56451418289644,15:40:51.418,14.9000,100
56451418289644,15:40:51.418,14.9000,100
56451419360445,15:40:51.419,14.9000,200
56459445707067,15:40:59.445,14.9000,100
56459445707067,15:40:59.445,14.9000,31
56464419712966,15:41:04.419,14.8900,100
56465422364651,15:41:05.422,14.8900,100
56467847989270,15:41:07.847,14.8900,100
56480477722002,15:41:20.477,14.8800,99
56480477727889,15:41:20.477,14.8800,1
56480477727889,15:41:20.477,14.8800,198
56480477729643,15:41:20.477,14.8800,200
56480477730725,15:41:20.477,14.8800,5
56480477787995,15:41:20.477,14.8800,97
56480477787995,15:41:20.477,14.8800,47
56480481644298,15:41:20.481,14.8800,15
56480481644298,15:41:20.481,14.8800,1
56481153650871,15:41:21.153,14.8700,100
56481153650871,15:41:21.153,14.8700,100
56499201818812,15:41:39.201,14.8800,100
56499201818812,15:41:39.201,14.8800,100
56501128599918,15:41:41.128,14.8700,100
56503010320152,15:41:43.010,14.8600,100
56503010320152,15:41:43.010,14.8600,100
56503010320152,15:41:43.010,14.8600,100
56503010320152,15:41:43.010,14.8600,6
56507162907385,15:41:47.162,14.8700,181
56507162934548,15:41:47.162,14.8700,19
56507162934548,15:41:47.162,14.8700,100
56520408923911,15:42:00.408,14.8800,100
56520408939140,15:42:00.408,14.8800,200
56529201062241,15:42:09.201,14.8900,100
56529201062241,15:42:09.201,14.8900,100
56539772723772,15:42:19.772,14.8800,100
56539772763122,15:42:19.772,14.8800,100
56539772888879,15:42:19.772,14.8800,100
56539821730747,15:42:19.821,14.8900,100
56539821730747,15:42:19.821,14.8900,100
56539823206213,15:42:19.823,14.9000,100
56539823206213,15:42:19.823,14.9000,700
56539823206213,15:42:19.823,14.9000,2
56539823206213,15:42:19.823,14.9000,100
56539844642343,15:42:19.844,14.9000,100
56539844642343,15:42:19.844,14.9000,94
56541900164978,15:42:21.900,14.8900,100
56541900209944,15:42:21.900,14.8900,100
56541900209944,15:42:21.900,14.8900,100
56541900209944,15:42:21.900,14.8900,100
56556446397453,15:42:36.446,14.9100,12
56559201143472,15:42:39.201,14.9050,100
56559201143472,15:42:39.201,14.9000,12
56580249900920,15:43:00.249,14.9100,88
56585311352214,15:43:05.311,14.9400,100
56608677088037,15:43:28.677,14.9600,39
56608724843828,15:43:28.724,14.9600,61
56608724843828,15:43:28.724,14.9600,39
56608724878111,15:43:28.724,14.9600,161
56610939201636,15:43:30.939,14.9700,312
56610939227008,15:43:30.939,14.9700,688
56610939989432,15:43:30.939,14.9700,100
56610939989432,15:43:30.939,14.9700,100
56610939989432,15:43:30.939,14.9700,100
56646972399629,15:44:06.972,14.9600,100
56646972399629,15:44:06.972,14.9600,100
56646972399629,15:44:06.972,14.9600,100
56646972399629,15:44:06.972,14.9600,100
56646972399629,15:44:06.972,14.9600,100
56647014323427,15:44:07.014,14.9500,9
56651935531620,15:44:11.935,14.9400,100
56651935531620,15:44:11.935,14.9400,100
56675730685397,15:44:35.730,14.9300,5
56675730685397,15:44:35.730,14.9300,95
56679057409640,15:44:39.057,14.9300,100
56679057409640,15:44:39.057,14.9300,100
56679057409640,15:44:39.057,14.9300,100
56679057409640,15:44:39.057,14.9300,100
56679058443741,15:44:39.058,14.9300,100
56698264038545,15:44:58.264,14.9300,100
56698264038545,15:44:58.264,14.9300,5
56698264038545,15:44:58.264,14.9300,100
56698264614063,15:44:58.264,14.9200,100
56698264614063,15:44:58.264,14.9200,100
56698264614063,15:44:58.264,14.9200,100
56698264614063,15:44:58.264,14.9200,100
56703317799608,15:45:03.317,14.9200,100
56718855793248,15:45:18.855,14.9300,1
56729882566974,15:45:29.882,14.9400,1
56758044045925,15:45:58.044,14.9500,1
56758044045925,15:45:58.044,14.9500,4
56760871458203,15:46:00.871,14.9400,100
56760871458203,15:46:00.871,14.9400,15
56760871460487,15:46:00.871,14.9400,85
56760871460487,15:46:00.871,14.9400,15
56760871685143,15:46:00.871,14.9400,28
56760871765271,15:46:00.871,14.9400,57
56760871765271,15:46:00.871,14.9400,43
56760871807795,15:46:00.871,14.9400,57
56780453867141,15:46:20.453,14.9300,99
56780453867141,15:46:20.453,14.9300,51
56780453895475,15:46:20.453,14.9300,49
56782982583842,15:46:22.982,14.9200,1
56784058837210,15:46:24.058,14.9200,1
56800708522315,15:46:40.708,14.9300,100
56801697376126,15:46:41.697,14.9300,5
56818122193647,15:46:58.122,14.9300,6
56836195577930,15:47:16.195,14.9300,6
56869464750746,15:47:49.464,14.9200,199
56869464750746,15:47:49.464,14.9200,100
56869464750746,15:47:49.464,14.9200,100
56869464750746,15:47:49.464,14.9200,100
56869464750746,15:47:49.464,14.9200,100
56869464750746,15:47:49.464,14.9200,100
56869464750746,15:47:49.464,14.9200,100
56869464750746,15:47:49.464,14.9200,100
56869464750746,15:47:49.464,14.9200,100
56869464750746,15:47:49.464,14.9200,100
56869464750746,15:47:49.464,14.9200,15
56869464750746,15:47:49.464,14.9100,26
56869465365679,15:47:49.465,14.9100,174
56869465365679,15:47:49.465,14.9100,100
56869465365679,15:47:49.465,14.9100,100
56869603917115,15:47:49.603,14.9000,2
56869603918682,15:47:49.603,14.9000,26
56883439588026,15:48:03.439,14.9000,5
56883439588026,15:48:03.439,14.9000,195
56883439727699,15:48:03.439,14.9000,5
56883439727699,15:48:03.439,14.9000,100
56883439727699,15:48:03.439,14.9000,100
56891922673001,15:48:11.922,14.9200,5
56951239659563,15:49:11.239,14.9300,6
56965258973947,15:49:25.258,14.9300,94
56965258973947,15:49:25.258,14.9300,2
56965258973947,15:49:25.258,14.9300,100
56965260457744,15:49:25.260,14.9300,80
56977155717003,15:49:37.155,14.9300,10
56985330307410,15:49:45.330,14.9300,6
57000222491122,15:50:00.222,14.9250,5
57001110214984,15:50:01.110,14.9300,6
57003475890205,15:50:03.475,14.9300,4
57011083378555,15:50:11.083,14.9200,31
57011083405167,15:50:11.083,14.9200,70
57011083405167,15:50:11.083,14.9200,200
57011083405167,15:50:11.083,14.9200,100
57011083405167,15:50:11.083,14.9200,1
57011083405167,15:50:11.083,14.9200,100
57011083405167,15:50:11.083,14.9200,100
57011083405167,15:50:11.083,14.9200,28
57011083492140,15:50:11.083,14.9200,72
57011083492140,15:50:11.083,14.9200,240
57011083492140,15:50:11.083,14.9200,200
57011083492140,15:50:11.083,14.9200,100
57012619500335,15:50:12.619,14.9100,100
57012619524374,15:50:12.619,14.9100,1
57012620448955,15:50:12.620,14.9100,40
57013044307104,15:50:13.044,14.9050,95
57020710238359,15:50:20.710,14.9100,54
57022976944964,15:50:22.976,14.9200,200
57034900686333,15:50:34.900,14.9300,5
57050358144102,15:50:50.358,14.9200,100
57050358144102,15:50:50.358,14.9200,100
57050358144102,15:50:50.358,14.9200,100
57050358144102,15:50:50.358,14.9200,100
57050358144102,15:50:50.358,14.9100,100
57050358144102,15:50:50.358,14.9100,100
57050358144102,15:50:50.358,14.9100,100
57050358144102,15:50:50.358,14.9100,38
57050358664973,15:50:50.358,14.9100,62
57050358664973,15:50:50.358,14.9100,4
57050359626957,15:50:50.359,14.9100,57
57061649463141,15:51:01.649,14.9200,100
57061649545692,15:51:01.649,14.9200,33
57061649908049,15:51:01.649,14.9200,24
57061650135504,15:51:01.650,14.9200,43
57061650135504,15:51:01.650,14.9200,100
57061650135504,15:51:01.650,14.9200,100
57095488196669,15:51:35.488,14.9200,100
57095488196669,15:51:35.488,14.9200,6
57095488196669,15:51:35.488,14.9200,100
57095488196669,15:51:35.488,14.9200,100
57095488196669,15:51:35.488,14.9200,100
57095488196669,15:51:35.488,14.9200,100
57100767707827,15:51:40.767,14.9200,100
57106327304732,15:51:46.327,14.9200,100
57106327678659,15:51:46.327,14.9200,100
57111744544822,15:51:51.744,14.9200,1
57152812799918,15:52:32.812,14.9250,100
57152812799918,15:52:32.812,14.9250,100
57152812799918,15:52:32.812,14.9200,100
57152812799918,15:52:32.812,14.9200,100
57152812799918,15:52:32.812,14.9200,100
57152812799918,15:52:32.812,14.9200,100
57152812799918,15:52:32.812,14.9200,300
57228906480262,15:53:48.906,14.9250,100
57228906480262,15:53:48.906,14.9200,100
57228906480262,15:53:48.906,14.9200,100
57228906480262,15:53:48.906,14.9200,100
57248149224981,15:54:08.149,14.9300,5
57256724105631,15:54:16.724,14.9300,5
57259259303702,15:54:19.259,14.9250,5
57260483196417,15:54:20.483,14.9300,80
57273867682755,15:54:33.867,14.9250,100
57279545080457,15:54:39.545,14.9200,100
57279545080457,15:54:39.545,14.9200,100
57279545080457,15:54:39.545,14.9200,100
57279545080457,15:54:39.545,14.9200,100
57279545080457,15:54:39.545,14.9200,100
57279545080457,15:54:39.545,14.9200,100
57279545080457,15:54:39.545,14.9200,100
57279545080457,15:54:39.545,14.9200,100
57279631813153,15:54:39.631,14.9200,100
57300103407283,15:55:00.103,14.9200,93
57300103425990,15:55:00.103,14.9200,62
57300103425990,15:55:00.103,14.9200,171
57300103431579,15:55:00.103,14.9200,29
57300165645965,15:55:00.165,14.9300,100
57300165645965,15:55:00.165,14.9300,200
57300165645965,15:55:00.165,14.9300,2
57300165645965,15:55:00.165,14.9300,198
57300165648435,15:55:00.165,14.9300,202
57300165648435,15:55:00.165,14.9300,100
57300165648435,15:55:00.165,14.9300,100
57300165648435,15:55:00.165,14.9300,98
57300165650094,15:55:00.165,14.9300,2
57300380027274,15:55:00.380,14.9300,100
57326610096482,15:55:26.610,14.9500,100
57326610110176,15:55:26.610,14.9500,5
57326610146095,15:55:26.610,14.9500,32
57326610375808,15:55:26.610,14.9500,63
57326610375808,15:55:26.610,14.9500,137
57326610608311,15:55:26.610,14.9500,18
57326610608311,15:55:26.610,14.9500,1
57326610608311,15:55:26.610,14.9500,46
57326613035238,15:55:26.613,14.9500,54
57326613035238,15:55:26.613,14.9500,200
57326639813206,15:55:26.639,14.9500,100
57326639813206,15:55:26.639,14.9500,200
57327464607320,15:55:27.464,14.9500,200
57327979951275,15:55:27.979,14.9500,200
57328919030534,15:55:28.919,14.9500,1
57346086952173,15:55:46.086,14.9600,1
57346086952173,15:55:46.086,14.9600,99
57346088455817,15:55:46.088,14.9600,70
57346088455817,15:55:46.088,14.9600,30
57352092652034,15:55:52.092,14.9550,100
57352092652034,15:55:52.092,14.9550,200
57352092652034,15:55:52.092,14.9550,100
57369288522932,15:56:09.288,14.9600,1
57369288522932,15:56:09.288,14.9600,35
57369290065265,15:56:09.290,14.9600,100
57369838162159,15:56:09.838,14.9600,33
57379485745048,15:56:19.485,14.9650,100
57386489204336,15:56:26.489,14.9650,100
57386489204336,15:56:26.489,14.9600,67
57386489204336,15:56:26.489,14.9600,100
57386489204336,15:56:26.489,14.9600,400
57386489204336,15:56:26.489,14.9600,100
57386489204336,15:56:26.489,14.9600,33
57386489236287,15:56:26.489,14.9600,67
57386489236287,15:56:26.489,14.9600,6
57386489236287,15:56:26.489,14.9600,100
57386489236287,15:56:26.489,14.9600,362
57386489236287,15:56:26.489,14.9600,497
57386490519780,15:56:26.490,14.9600,100
57387555251398,15:56:27.555,14.9550,100
57391149538695,15:56:31.149,14.9550,100
57408164222654,15:56:48.164,14.9600,1
57414553378800,15:56:54.553,14.9600,3
57419569340479,15:56:59.569,14.9600,39
57419569340479,15:56:59.569,14.9600,2
57419569340479,15:56:59.569,14.9600,9
57422540298457,15:57:02.540,14.9600,5
57426919945162,15:57:06.919,14.9600,1
57426919945162,15:57:06.919,14.9600,1
57426919945162,15:57:06.919,14.9600,98
57433616650355,15:57:13.616,14.9600,300
57433616804901,15:57:13.616,14.9600,100
57433616804901,15:57:13.616,14.9600,100
57441226848593,15:57:21.226,14.9650,100
57446243223710,15:57:26.243,14.9600,100
57446243223710,15:57:26.243,14.9600,200
57446243223710,15:57:26.243,14.9600,100
57446243223710,15:57:26.243,14.9600,100
57461424045519,15:57:41.424,14.9600,5
57461426428629,15:57:41.426,14.9650,1
57462473854630,15:57:42.473,14.9600,21
57462473854630,15:57:42.473,14.9600,100
57462473854630,15:57:42.473,14.9600,179
57464963842568,15:57:44.963,14.9600,100
57464964474202,15:57:44.964,14.9600,44
57464964474202,15:57:44.964,14.9600,16
57467954373388,15:57:47.954,14.9600,84
57467954373388,15:57:47.954,14.9600,7
57467954373388,15:57:47.954,14.9600,100
57467954373388,15:57:47.954,14.9600,100
57467954373388,15:57:47.954,14.9600,100
57467954373388,15:57:47.954,14.9600,66
57467954373388,15:57:47.954,14.9600,100
57467954373388,15:57:47.954,14.9600,79
57467954373388,15:57:47.954,14.9600,56
57467954445431,15:57:47.954,14.9600,100
57468932108331,15:57:48.932,14.9550,4
57472558415535,15:57:52.558,14.9600,95
57480000793295,15:58:00.000,14.9600,5
57480000793295,15:58:00.000,14.9600,100
57480000793295,15:58:00.000,14.9600,100
57480000793295,15:58:00.000,14.9600,1
57480002239093,15:58:00.002,14.9600,200
57480017586719,15:58:00.017,14.9650,100
57483434264682,15:58:03.434,14.9650,100
57491470988826,15:58:11.470,14.9650,3
57501891855849,15:58:21.891,14.9600,100
57501891855849,15:58:21.891,14.9600,300
57501891855849,15:58:21.891,14.9600,100
57501891855849,15:58:21.891,14.9600,100
57501891855849,15:58:21.891,14.9600,100
57501891855849,15:58:21.891,14.9600,362
57501891855849,15:58:21.891,14.9600,1
57501892355003,15:58:21.892,14.9600,56
57503797075932,15:58:23.797,14.9600,150
57503797075932,15:58:23.797,14.9600,15
57503797075932,15:58:23.797,14.9600,100
57503797075932,15:58:23.797,14.9600,35
57503797377414,15:58:23.797,14.9600,65
57503797377414,15:58:23.797,14.9600,16
57504103888955,15:58:24.103,14.9600,4
57504272631477,15:58:24.272,14.9600,4
57513157244244,15:58:33.157,14.9650,3
57517245573166,15:58:37.245,14.9650,100
57518920599411,15:58:38.920,14.9650,100
57526893184959,15:58:46.893,14.9700,2
57533102762327,15:58:53.102,14.9700,98
57533102762327,15:58:53.102,14.9700,1000
57533102762327,15:58:53.102,14.9700,500
57533102762327,15:58:53.102,14.9700,100
57533102762327,15:58:53.102,14.9700,200
57533102762327,15:58:53.102,14.9700,2
57533103005247,15:58:53.103,14.9700,65
57533505519555,15:58:53.505,14.9700,90
57542203790836,15:59:02.203,14.9650,1
57542582974144,15:59:02.582,14.9700,200
57542582974144,15:59:02.582,14.9700,200
57542582974144,15:59:02.582,14.9700,400
57544008531108,15:59:04.008,14.9700,100
57544022367068,15:59:04.022,14.9700,177
57544139228554,15:59:04.139,14.9700,2
57544695294926,15:59:04.695,14.9700,100
57544919231390,15:59:04.919,14.9700,100
57548328256015,15:59:08.328,14.9700,2
57548328357226,15:59:08.328,14.9700,1
57549491191624,15:59:09.491,14.9700,218
57549491191624,15:59:09.491,14.9700,182
57549919214555,15:59:09.919,14.9700,100
57551549930825,15:59:11.549,14.9700,100
57554015100609,15:59:14.015,14.9800,100
57554029287535,15:59:14.029,14.9750,300
57554029287535,15:59:14.029,14.9700,200
57565484563015,15:59:25.484,14.9700,400
57565708359700,15:59:25.708,14.9800,200
57565708359700,15:59:25.708,14.9800,100
57566178252582,15:59:26.178,14.9800,2
57567808495788,15:59:27.808,14.9800,100
57568919301819,15:59:28.919,14.9800,100
57569034761163,15:59:29.034,14.9800,100
57570490163371,15:59:30.490,14.9800,100
57570802734471,15:59:30.802,14.9700,3
57571080571640,15:59:31.080,14.9800,100
57571714678919,15:59:31.714,14.9800,100
57571714678919,15:59:31.714,14.9800,9
57571714678919,15:59:31.714,14.9800,291
57572834126614,15:59:32.834,14.9800,3
57573919278005,15:59:33.919,14.9800,100
57574038255423,15:59:34.038,14.9800,100
57576066837770,15:59:36.066,14.9750,100
57577024095196,15:59:37.024,14.9800,2
57577831885659,15:59:37.831,14.9800,200
57577919486100,15:59:37.919,14.9800,100
57578490384601,15:59:38.490,14.9800,200
57579121673848,15:59:39.121,14.9800,4
57579121673848,15:59:39.121,14.9800,96
57580120157917,15:59:40.120,14.9800,204
57580120157917,15:59:40.120,14.9800,65
57580120157917,15:59:40.120,14.9800,200
57580120157917,15:59:40.120,14.9800,231
57580310473279,15:59:40.310,14.9800,56
57581704815845,15:59:41.704,14.9800,71
57581704815845,15:59:41.704,14.9800,100
57581704815845,15:59:41.704,14.9800,129
57581729470782,15:59:41.729,14.9800,49
57581790756563,15:59:41.790,14.9750,100
57581790756563,15:59:41.790,14.9700,128
57581790756563,15:59:41.790,14.9700,272
57584018191300,15:59:44.018,14.9800,22
57584018191300,15:59:44.018,14.9800,78
57589414758896,15:59:49.414,14.9700,66
57589414758896,15:59:49.414,14.9700,34
57590074190819,15:59:50.074,14.9800,61
57590096699112,15:59:50.096,14.9800,61
57590096699112,15:59:50.096,14.9800,39
57590151011039,15:59:50.151,14.9800,58
57591203392176,15:59:51.203,14.9800,3
57592058768419,15:59:52.058,14.9800,135
57592094659130,15:59:52.094,14.9800,1
57593156536038,15:59:53.156,14.9800,1
57593801766388,15:59:53.801,14.9800,63
57593801766388,15:59:53.801,14.9800,137
57595337248153,15:59:55.337,14.9800,98
57595781887094,15:59:55.781,14.9800,6
57595802608688,15:59:55.802,14.9800,300
57596804407357,15:59:56.804,14.9800,200
57597806880187,15:59:57.806,14.9800,400
57598803236412,15:59:58.803,14.9800,59
57598803236412,15:59:58.803,14.9800,100
57598803236412,15:59:58.803,14.9800,241
57599008165499,15:59:59.008,14.9800,59
57599008165499,15:59:59.008,14.9800,141
57599205048118,15:59:59.205,14.9800,159
57599205048118,15:59:59.205,14.9800,41
57599405826547,15:59:59.405,14.9800,159
57599405826547,15:59:59.405,14.9800,41
57599908404849,15:59:59.908,14.9800,200
57600419530490,16:00:00.419,14.9800,65728
