timestamp,time,price,volume
33844775348006,09:24:04.775,64.5000,10
34200852855540,09:30:00.852,0.0000,0
34209022857140,09:30:09.022,64.2800,84
34209024143963,09:30:09.024,64.2800,81
34240004223079,09:30:40.004,64.3000,100
34240004223079,09:30:40.004,64.3000,100
34240004223079,09:30:40.004,64.3000,81
34240004223079,09:30:40.004,64.3000,47
34240004301670,09:30:40.004,64.3000,34
34240004381105,09:30:40.004,64.3100,100
34240004406709,09:30:40.004,64.2800,100
34240004514757,09:30:40.004,64.3000,34
34240049467915,09:30:40.049,64.2600,34
34240049698492,09:30:40.049,64.2400,100
34241010274990,09:30:41.010,64.2400,100
34241010274990,09:30:41.010,64.2400,100
34241010274990,09:30:41.010,64.2400,100
34250109247105,09:30:50.109,64.2200,100
34250700172594,09:30:50.700,64.2300,100
34250700172594,09:30:50.700,64.2400,100
34250700172594,09:30:50.700,64.2400,79
34250706418731,09:30:50.706,64.2400,21
34250706418731,09:30:50.706,64.2400,100
34250706418731,09:30:50.706,64.2400,58
34253010679893,09:30:53.010,64.2400,100
34253010679893,09:30:53.010,64.2400,100
34253010679893,09:30:53.010,64.2400,100
34260598625157,09:31:00.598,64.1700,500
34260953014802,09:31:00.953,64.1500,2
34260953014802,09:31:00.953,64.1600,2
34260953014802,09:31:00.953,64.1600,100
34261358897379,09:31:01.358,64.2200,100
34261364690121,09:31:01.364,64.0900,100
34261365701932,09:31:01.365,64.1900,100
34261366598685,09:31:01.366,64.1200,100
34261366598685,09:31:01.366,64.0900,2
34261366598685,09:31:01.366,64.0900,98
34261367205621,09:31:01.367,64.1700,100
34261367669860,09:31:01.367,64.1800,100
34261367748084,09:31:01.367,64.1800,100
34261368222697,09:31:01.368,64.1900,100
34261430137628,09:31:01.430,64.2300,1
34261436152434,09:31:01.436,64.2050,100
34262381173074,09:31:02.381,64.2300,99
34262381173074,09:31:02.381,64.2300,100
34262381269051,09:31:02.381,64.2200,100
34262381374648,09:31:02.381,64.2200,411
34262381403129,09:31:02.381,64.2250,100
34262381422981,09:31:02.381,64.2250,411
34262381528863,09:31:02.381,64.2100,100
34262382320073,09:31:02.382,64.2200,100
34262393919591,09:31:02.393,64.2150,57
34262393919591,09:31:02.393,64.2000,100
34262393919591,09:31:02.393,64.2000,2
34262393919591,09:31:02.393,64.2000,24
34262393919591,09:31:02.393,64.2000,19
34262393998474,09:31:02.393,64.2000,57
34262459604896,09:31:02.459,64.2100,100
34262473779109,09:31:02.473,64.2300,15
34262901096240,09:31:02.901,64.2300,85
34262901170042,09:31:02.901,64.2200,100
34262902841168,09:31:02.902,64.2300,15
34262902841168,09:31:02.902,64.2300,100
34263501090197,09:31:03.501,64.2300,200
34263501090197,09:31:03.501,64.2300,100
34263501563581,09:31:03.501,64.2200,100
34263501580515,09:31:03.501,64.2100,100
34263501760519,09:31:03.501,64.2200,100
34263501760519,09:31:03.501,64.2200,100
34263501760519,09:31:03.501,64.2200,40
34264293826337,09:31:04.293,64.2300,100
34264293826337,09:31:04.293,64.2100,100
34264293949607,09:31:04.293,64.2100,100
34264301032160,09:31:04.301,64.2300,200
34264301032160,09:31:04.301,64.2300,100
34264301351071,09:31:04.301,64.2100,100
34264301870855,09:31:04.301,64.2100,200
34264346682717,09:31:04.346,64.2100,100
34264346682717,09:31:04.346,64.2100,100
34264468375489,09:31:04.468,64.2100,100
34264501582418,09:31:04.501,64.2100,100
34264501582418,09:31:04.501,64.2100,100
34265201321229,09:31:05.201,64.2200,100
34265574022361,09:31:05.574,64.2000,100
34265574022361,09:31:05.574,64.2000,200
34266049679678,09:31:06.049,64.2300,2
34266049679678,09:31:06.049,64.2300,100
34266049679678,09:31:06.049,64.2300,100
34266101166846,09:31:06.101,64.2100,100
34266401255733,09:31:06.401,64.2100,100
34266401255733,09:31:06.401,64.2100,50
34266401317960,09:31:06.401,64.2100,50
34274255617108,09:31:14.255,64.2100,100
34274256172545,09:31:14.256,64.2000,100
34274256231714,09:31:14.256,64.2100,10
34274259728559,09:31:14.259,64.2100,10
34274906771423,09:31:14.906,64.2200,100
34274906771423,09:31:14.906,64.2200,100
34274912477731,09:31:14.912,64.2000,10
34274912477731,09:31:14.912,64.2000,100
34274915147262,09:31:14.915,64.2000,100
34274915147262,09:31:14.915,64.2000,100
34275426274489,09:31:15.426,64.2300,100
34275426274489,09:31:15.426,64.2300,100
34275427968913,09:31:15.427,64.2300,100
34275427968913,09:31:15.427,64.2300,100
34275427997444,09:31:15.427,64.2300,100
34275427997444,09:31:15.427,64.2300,100
34275496140938,09:31:15.496,64.2300,100
34275604052665,09:31:15.604,64.2300,100
34275799863188,09:31:15.799,64.2200,100
34275968321423,09:31:15.968,64.2200,100
34276374775475,09:31:16.374,64.2200,100
34276374775475,09:31:16.374,64.2200,100
34277589473382,09:31:17.589,64.2300,100
34277589961966,09:31:17.589,64.2300,100
34277591134005,09:31:17.591,64.2400,100
34277591134005,09:31:17.591,64.2400,100
34277591640462,09:31:17.591,64.2400,100
34277977309621,09:31:17.977,64.2400,100
34278194974201,09:31:18.194,64.2400,86
34278520729487,09:31:18.520,64.2300,100
34278520729487,09:31:18.520,64.2300,200
34279092266333,09:31:19.092,64.2600,100
34280302678898,09:31:20.302,64.2500,100
34280302678898,09:31:20.302,64.2700,100
34280302707518,09:31:20.302,64.2700,100
34280304762827,09:31:20.304,64.2700,100
34281275767859,09:31:21.275,64.2700,100
34281276431266,09:31:21.276,64.2600,100
34282098167873,09:31:22.098,64.2600,100
34283141795534,09:31:23.141,64.2300,100
34283141795534,09:31:23.141,64.2300,200
34283143712457,09:31:23.143,64.2000,100
34283144194876,09:31:23.144,64.1900,100
34283144221049,09:31:23.144,64.1900,30
34283313773163,09:31:23.313,64.2100,100
34283788549802,09:31:23.788,64.2500,100
34283788549802,09:31:23.788,64.2500,100
34284116411474,09:31:24.116,64.2600,100
34285119065713,09:31:25.119,64.2700,100
34286507785193,09:31:26.507,64.2800,100
34287620370339,09:31:27.620,64.2900,100
34287620755894,09:31:27.620,64.2900,81
34287620755894,09:31:27.620,64.2900,82
34287742901493,09:31:27.742,64.2800,100
34288879447729,09:31:28.879,64.2800,100
34290477391335,09:31:30.477,64.3000,100
34291908625572,09:31:31.908,64.3100,100
34291908625572,09:31:31.908,64.3100,81
34291908625572,09:31:31.908,64.3100,17
34292482676613,09:31:32.482,64.3100,100
34293212762524,09:31:33.212,64.3200,100
34293212827183,09:31:33.212,64.3200,100
34293212887395,09:31:33.212,64.3200,100
34293213174821,09:31:33.213,64.3200,100
34293380327111,09:31:33.380,64.3200,100
34293380327111,09:31:33.380,64.3200,100
34294587266788,09:31:34.587,64.3300,100
34294587266788,09:31:34.587,64.3300,100
34297381846187,09:31:37.381,64.3500,100
34302474148767,09:31:42.474,64.2800,3
34302474148767,09:31:42.474,64.2800,100
34302474148767,09:31:42.474,64.2800,100
34302474880036,09:31:42.474,64.2700,100
34302474967689,09:31:42.474,64.2700,100
34302551830526,09:31:42.551,64.2700,100
34302551830526,09:31:42.551,64.2700,100
34302645445596,09:31:42.645,64.2700,100
34304069671198,09:31:44.069,64.2700,100
34304069679913,09:31:44.069,64.2800,100
34305318011000,09:31:45.318,64.3000,100
34305348451687,09:31:45.348,64.3100,100
34305359398317,09:31:45.359,64.3000,100
34305467522152,09:31:45.467,64.3000,100
34305467522152,09:31:45.467,64.3000,100
34305467591621,09:31:45.467,64.2900,100
34305467694415,09:31:45.467,64.2900,100
34306555193381,09:31:46.555,64.3100,100
34306556606697,09:31:46.556,64.3100,100
34308944778848,09:31:48.944,64.3000,81
34308944778848,09:31:48.944,64.3000,19
34308944839997,09:31:48.944,64.3000,81
34311385353427,09:31:51.385,64.3000,100
34319015013075,09:31:59.015,64.3100,100
34319373276160,09:31:59.373,64.3000,100
34320460387679,09:32:00.460,64.3000,100
34322136896564,09:32:02.136,64.3100,100
34322136978821,09:32:02.136,64.3000,100
34322749500709,09:32:02.749,64.2800,200
34328092357508,09:32:08.092,64.2500,81
34328092383092,09:32:08.092,64.2500,19
34328092733398,09:32:08.092,64.2500,100
34328092760433,09:32:08.092,64.2500,99
34328092783030,09:32:08.092,64.2500,1
34328095492965,09:32:08.095,64.2500,100
34336222025429,09:32:16.222,64.1900,200
34336223595178,09:32:16.223,64.2000,100
34336223667143,09:32:16.223,64.1800,100
34336224096265,09:32:16.224,64.1900,100
34336224305721,09:32:16.224,64.1900,100
34336224305721,09:32:16.224,64.1800,100
34336224314842,09:32:16.224,64.1900,100
34336224365190,09:32:16.224,64.1800,100
34336224365190,09:32:16.224,64.1800,100
34336224609727,09:32:16.224,64.1900,100
34336224609727,09:32:16.224,64.1900,100
34336224609727,09:32:16.224,64.1900,15
34336224926381,09:32:16.224,64.1800,100
34336225228451,09:32:16.225,64.1800,100
34336792013204,09:32:16.792,64.1900,100
34336792013204,09:32:16.792,64.1900,100
34337798041840,09:32:17.798,64.2000,100
34337798041840,09:32:17.798,64.2000,400
34337798561301,09:32:17.798,64.1900,100
34337798585237,09:32:17.798,64.1900,100
34337798678404,09:32:17.798,64.1900,100
34337798792563,09:32:17.798,64.2000,100
34337799105266,09:32:17.799,64.1900,100
34337799105266,09:32:17.799,64.1900,14
34337950754695,09:32:17.950,64.2000,100
34338300429786,09:32:18.300,64.2200,100
34338759498895,09:32:18.759,64.2300,200
34338759498895,09:32:18.759,64.2300,100
34339575815243,09:32:19.575,64.2400,100
34339575815243,09:32:19.575,64.2400,100
34340749544478,09:32:20.749,64.2600,100
34340749544478,09:32:20.749,64.2600,100
34341916070947,09:32:21.916,64.2600,100
34341916168180,09:32:21.916,64.2500,100
34341916355804,09:32:21.916,64.2600,100
34341916355804,09:32:21.916,64.2600,14
34342016970846,09:32:22.016,64.2600,86
34342393895760,09:32:22.393,64.2800,100
34343342499634,09:32:23.342,64.2600,100
34343399006720,09:32:23.399,64.2600,100
34343902617980,09:32:23.902,64.2800,200
34343916562671,09:32:23.916,64.2600,31
34344265144349,09:32:24.265,64.2700,10
34344265636604,09:32:24.265,64.2800,200
34344265636604,09:32:24.265,64.2900,100
34344266016470,09:32:24.266,64.2700,200
34344266200431,09:32:24.266,64.2800,100
34345509753898,09:32:25.509,64.2900,100
34347843335924,09:32:27.843,64.3500,100
34347946077375,09:32:27.946,64.3700,100
34348836730953,09:32:28.836,64.3700,100
34348836812215,09:32:28.836,64.3600,48
34348836839295,09:32:28.836,64.3600,52
34348928740488,09:32:28.928,64.3300,4
34350159825899,09:32:30.159,64.3500,48
34350159825899,09:32:30.159,64.3500,52
34350159825899,09:32:30.159,64.3500,100
34351371104025,09:32:31.371,64.3600,100
34351371104025,09:32:31.371,64.3600,80
34352134217782,09:32:32.134,64.3800,100
34352134217782,09:32:32.134,64.3800,100
34352195513949,09:32:32.195,64.3900,100
34352195513949,09:32:32.195,64.3900,100
34353682722431,09:32:33.682,64.4100,100
34353683173225,09:32:33.683,64.4150,100
34353684270565,09:32:33.684,64.4200,100
34354217200785,09:32:34.217,64.4300,100
34354886514899,09:32:34.886,64.4300,100
34354886938246,09:32:34.886,64.4400,100
34354886938246,09:32:34.886,64.4400,100
34354887083913,09:32:34.887,64.4300,100
34354887162339,09:32:34.887,64.4300,100
34354888032979,09:32:34.888,64.4200,100
34354937915166,09:32:34.937,64.4100,100
34354937915166,09:32:34.937,64.4100,100
34354937915166,09:32:34.937,64.4100,100
34355588290213,09:32:35.588,64.4100,200
34356022498315,09:32:36.022,64.4200,100
34356930449137,09:32:36.930,64.4300,100
34357437127704,09:32:37.437,64.4600,100
34358766578493,09:32:38.766,64.4800,100
34360028657491,09:32:40.028,64.4900,100
34360028657491,09:32:40.028,64.4900,100
34360028657491,09:32:40.028,64.5000,100
34360028657491,09:32:40.028,64.5000,100
34360029415133,09:32:40.029,64.4900,100
34360473319537,09:32:40.473,64.5100,100
34360474691085,09:32:40.474,64.5400,100
34361157121271,09:32:41.157,64.5400,100
34362823627840,09:32:42.823,64.5400,100
34362823627840,09:32:42.823,64.5400,6
34363222177765,09:32:43.222,64.5200,100
34363222782360,09:32:43.222,64.5200,100
34363223998348,09:32:43.223,64.5100,100
34363819362079,09:32:43.819,64.5300,100
34364171051930,09:32:44.171,64.5100,100
34364171051930,09:32:44.171,64.5100,141
34364171140103,09:32:44.171,64.5100,59
34364171217771,09:32:44.171,64.5200,100
34364223851969,09:32:44.223,64.5200,100
34364223949270,09:32:44.223,64.5200,100
34364224207895,09:32:44.224,64.5100,200
34364993795822,09:32:44.993,64.5100,100
34368845809140,09:32:48.845,64.5100,93
34368847451585,09:32:48.847,64.5000,100
34368848085220,09:32:48.848,64.4900,100
34368848115608,09:32:48.848,64.4900,200
34368848233926,09:32:48.848,64.4900,100
34368998424603,09:32:48.998,64.4900,200
34369066606329,09:32:49.066,64.4900,100
34371591023280,09:32:51.591,64.5000,100
34371591137471,09:32:51.591,64.5000,10
34371591361240,09:32:51.591,64.5000,14
34371591484467,09:32:51.591,64.5000,76
34371759814120,09:32:51.759,64.5300,100
34371761622863,09:32:51.761,64.5400,31
34375368080743,09:32:55.368,64.5100,100
34375368080743,09:32:55.368,64.5100,200
34375377054790,09:32:55.377,64.4800,100
34375386335208,09:32:55.386,64.4700,100
34375416658287,09:32:55.416,64.4800,79
34376299480361,09:32:56.299,64.5000,100
34376299480361,09:32:56.299,64.5000,89
34376299480361,09:32:56.299,64.5000,11
34376299538964,09:32:56.299,64.5000,68
34377684893650,09:32:57.684,64.4800,100
34377696138539,09:32:57.696,64.4800,100
34380803710139,09:33:00.803,64.4700,3
34380804571635,09:33:00.804,64.4600,200
34380813727889,09:33:00.813,64.4600,100
34380813758626,09:33:00.813,64.4600,100
34381046454178,09:33:01.046,64.4900,22
34381050824362,09:33:01.050,64.4900,100
34381050853642,09:33:01.050,64.4900,100
34381050853642,09:33:01.050,64.4900,100
34381180022867,09:33:01.180,64.4700,78
34381180022867,09:33:01.180,64.4700,22
34381291918507,09:33:01.291,64.4900,100
34382464237370,09:33:02.464,64.5000,89
34382479211998,09:33:02.479,64.5000,11
34382479211998,09:33:02.479,64.5000,78
34382569411826,09:33:02.569,64.5000,100
34382569411826,09:33:02.569,64.5000,100
34382580921311,09:33:02.580,64.5300,100
34387508242751,09:33:07.508,64.5400,100
34387508242751,09:33:07.508,64.5400,100
34388257682821,09:33:08.257,64.5600,100
34388377926603,09:33:08.377,64.5600,100
34388377926603,09:33:08.377,64.5700,100
34388377926603,09:33:08.377,64.5700,100
34388485053413,09:33:08.485,64.5500,100
34388495283268,09:33:08.495,64.5500,100
34389737960674,09:33:09.737,64.5700,100
34389738373059,09:33:09.738,64.5800,100
34389755328617,09:33:09.755,64.5900,100
34389755328617,09:33:09.755,64.5900,100
34390124924217,09:33:10.124,64.5900,100
34390124924217,09:33:10.124,64.5900,100
34390124924217,09:33:10.124,64.5900,100
34390124924217,09:33:10.124,64.5900,100
34392681244029,09:33:12.681,64.5600,100
34392681244029,09:33:12.681,64.5600,100
34392681319908,09:33:12.681,64.5700,100
34392681605161,09:33:12.681,64.5600,30
34392681634380,09:33:12.681,64.5600,70
34392681774470,09:33:12.681,64.5650,100
34392682030483,09:33:12.682,64.5650,100
34392682062722,09:33:12.682,64.5650,100
34392682787543,09:33:12.682,64.5650,100
34392683565783,09:33:12.683,64.5600,100
34392683565783,09:33:12.683,64.5600,100
34392683565783,09:33:12.683,64.5600,100
34392683565783,09:33:12.683,64.5600,100
34392683565783,09:33:12.683,64.5600,100
34392684827957,09:33:12.684,64.5600,100
34392693137209,09:33:12.693,64.5800,100
34393006591655,09:33:13.006,64.5700,100
34393006591655,09:33:13.006,64.5700,100
34393112330271,09:33:13.112,64.5500,100
34393582054597,09:33:13.582,64.5400,200
34393582054597,09:33:13.582,64.5400,100
34393584292781,09:33:13.584,64.5300,100
34393584453109,09:33:13.584,64.5300,100
34393584453109,09:33:13.584,64.5300,100
34393584536165,09:33:13.584,64.5200,14
34393595290090,09:33:13.595,64.5400,100
34393595290090,09:33:13.595,64.5400,100
34393595290090,09:33:13.595,64.5400,100
34394307009826,09:33:14.307,64.5800,100
34394307294686,09:33:14.307,64.5700,100
34395423765351,09:33:15.423,64.5600,200
34395423765351,09:33:15.423,64.5600,100
34395794765630,09:33:15.794,64.5500,100
34395951008406,09:33:15.951,64.5500,100
34396184143240,09:33:16.184,64.5600,100
34398147212345,09:33:18.147,64.5300,200
34398147212345,09:33:18.147,64.5300,200
34401284211819,09:33:21.284,64.5100,100
34401284211819,09:33:21.284,64.5100,100
34401284238324,09:33:21.284,64.5100,100
34401284383408,09:33:21.284,64.5100,100
34401296238420,09:33:21.296,64.5100,100
34402108312760,09:33:22.108,64.5200,89
34402795056829,09:33:22.795,64.5000,100
34410636994383,09:33:30.636,64.5000,200
34410636994383,09:33:30.636,64.5000,100
34410636994383,09:33:30.636,64.5000,100
34410637603339,09:33:30.637,64.5100,100
34410637718373,09:33:30.637,64.5200,84
34410637738514,09:33:30.637,64.5000,100
34410637738514,09:33:30.637,64.5000,100
34411059401652,09:33:31.059,64.5200,100
34416004171814,09:33:36.004,64.4800,300
34416004171814,09:33:36.004,64.4800,100
34416004434502,09:33:36.004,64.4800,100
34416253385483,09:33:36.253,64.4300,100
34416253963669,09:33:36.253,64.4300,100
34416254031887,09:33:36.254,64.4300,100
34416254426112,09:33:36.254,64.4300,100
34416274792031,09:33:36.274,64.4300,100
34416785284832,09:33:36.785,64.4400,100
34417878329169,09:33:37.878,64.4600,83
34418149507939,09:33:38.149,64.4800,100
34419800311961,09:33:39.800,64.4700,100
34427509850631,09:33:47.509,64.4000,100
34428222342410,09:33:48.222,64.3900,100
34431266220108,09:33:51.266,64.4000,200
34431266292659,09:33:51.266,64.4000,200
34431267138338,09:33:51.267,64.4000,100
34432017425510,09:33:52.017,64.4000,100
34432017588979,09:33:52.017,64.4000,200
34433725200315,09:33:53.725,64.4100,100
34433725200315,09:33:53.725,64.4100,100
34433725200315,09:33:53.725,64.4100,85
34433725200315,09:33:53.725,64.4200,100
34433725200315,09:33:53.725,64.4300,100
34433725713145,09:33:53.725,64.4400,100
34433726432265,09:33:53.726,64.4200,100
34445765734183,09:34:05.765,64.4600,40
34445765748418,09:34:05.765,64.4600,60
34454540892198,09:34:14.540,64.4700,100
34454540983083,09:34:14.540,64.4700,100
34454541381451,09:34:14.541,64.4600,100
34454541381451,09:34:14.541,64.4600,100
34454541603180,09:34:14.541,64.4600,100
34454542775076,09:34:14.542,64.4700,2
34454542845781,09:34:14.542,64.4700,2
34454542859806,09:34:14.542,64.4700,96
34454937003271,09:34:14.937,64.4800,100
34454937083219,09:34:14.937,64.4700,100
34454944690779,09:34:14.944,64.4800,100
34454944779334,09:34:14.944,64.4800,100
34459845243375,09:34:19.845,64.5000,100
34459845243375,09:34:19.845,64.5000,100
34459845537883,09:34:19.845,64.4900,100
34459845566309,09:34:19.845,64.4900,100
34459845566309,09:34:19.845,64.4900,100
34459862069718,09:34:19.862,64.5000,100
34459862069718,09:34:19.862,64.5000,10
34459862069718,09:34:19.862,64.5000,10
34459862069718,09:34:19.862,64.5000,80
34463307014749,09:34:23.307,64.4700,100
34463308597095,09:34:23.308,64.4700,20
34463308833656,09:34:23.308,64.4600,100
34463308833656,09:34:23.308,64.4600,200
34463321470019,09:34:23.321,64.4700,100
34463321470019,09:34:23.321,64.4800,200
34467255703802,09:34:27.255,64.5100,100
34467256695439,09:34:27.256,64.5100,100
34467256721158,09:34:27.256,64.5100,100
34467263879852,09:34:27.263,64.5200,100
34467264109472,09:34:27.264,64.5200,100
34467920575723,09:34:27.920,64.5200,100
34467920575723,09:34:27.920,64.5200,100
34467920575723,09:34:27.920,64.5200,100
34467923037179,09:34:27.923,64.5100,100
34467923037179,09:34:27.923,64.5100,100
34467936295169,09:34:27.936,64.5200,100
34467936295169,09:34:27.936,64.5200,100
34468973766366,09:34:28.973,64.5200,90
34468973766366,09:34:28.973,64.5200,10
34468973829000,09:34:28.973,64.5200,90
34469045011612,09:34:29.045,64.5100,100
34471675254108,09:34:31.675,64.5000,20
34472667140865,09:34:32.667,64.5000,80
34473049872065,09:34:33.049,64.5100,100
34473050276374,09:34:33.050,64.5100,2
34473073863762,09:34:33.073,64.5000,100
34473094149638,09:34:33.094,64.4900,100
34473102973488,09:34:33.102,64.4800,100
34473103271236,09:34:33.103,64.4800,100
34473114063627,09:34:33.114,64.4900,100
34473264532304,09:34:33.264,64.4900,100
34473951694170,09:34:33.951,64.4900,100
34483293048147,09:34:43.293,64.4800,31
34487419242312,09:34:47.419,64.5200,100
34487419798864,09:34:47.419,64.5300,100
34487420077094,09:34:47.420,64.5200,200
34487420077094,09:34:47.420,64.5200,100
34487439530558,09:34:47.439,64.5300,100
34489848449274,09:34:49.848,64.5300,100
34489850072677,09:34:49.850,64.5200,100
34489850072677,09:34:49.850,64.5200,100
34489886473590,09:34:49.886,64.5200,100
34489886473590,09:34:49.886,64.5200,200
34502527900688,09:35:02.527,64.5500,100
34502527900688,09:35:02.527,64.5500,100
34506720556879,09:35:06.720,64.5500,200
34510284807233,09:35:10.284,64.5200,21
34510719309080,09:35:10.719,64.5600,100
34518323152856,09:35:18.323,64.5700,100
34519117728182,09:35:19.117,64.5800,5
34519117728182,09:35:19.117,64.5800,95
34519117783526,09:35:19.117,64.5800,5
34529593563881,09:35:29.593,64.5900,100
34530169000028,09:35:30.169,64.5900,100
34530169589930,09:35:30.169,64.5800,100
34532095780063,09:35:32.095,64.5700,100
34532098369169,09:35:32.098,64.5600,700
34532110895470,09:35:32.110,64.5600,100
34536702000698,09:35:36.702,64.5400,100
34536704719247,09:35:36.704,64.5300,100
34536704748709,09:35:36.704,64.5300,100
34536705072496,09:35:36.705,64.5400,100
34536705072496,09:35:36.705,64.5400,100
34536705612163,09:35:36.705,64.5400,100
34536705612163,09:35:36.705,64.5400,200
34536705663726,09:35:36.705,64.5400,10
34536705663726,09:35:36.705,64.5400,10
34536705663726,09:35:36.705,64.5400,10
34536705663726,09:35:36.705,64.5400,10
34537048740515,09:35:37.048,64.5500,200
34537057005325,09:35:37.057,64.5500,100
34537124168007,09:35:37.124,64.5400,100
34541988546559,09:35:41.988,64.5300,100
34541988575290,09:35:41.988,64.5300,100
34541988621855,09:35:41.988,64.5300,14
34541988646199,09:35:41.988,64.5300,86
34550025457431,09:35:50.025,64.5500,100
34550025457431,09:35:50.025,64.5500,100
34550168967803,09:35:50.168,64.5600,100
34550596486090,09:35:50.596,64.5500,100
34550596486090,09:35:50.596,64.5500,100
34553741615966,09:35:53.741,64.5600,100
34554419860365,09:35:54.419,64.5700,100
34554419860365,09:35:54.419,64.5700,100
34557030567056,09:35:57.030,64.5900,100
34557030567056,09:35:57.030,64.6000,92
34557030573054,09:35:57.030,64.6000,8
34557030573054,09:35:57.030,64.6000,20
34557030620068,09:35:57.030,64.6000,80
34557030620068,09:35:57.030,64.6000,20
34557032249878,09:35:57.032,64.6050,100
34560041671561,09:36:00.041,64.6000,200
34561462774398,09:36:01.462,64.6000,200
34561463406834,09:36:01.463,64.5900,100
34561463406834,09:36:01.463,64.5900,400
34563404473650,09:36:03.404,64.5900,300
34563465067271,09:36:03.465,64.5800,17
34563465340860,09:36:03.465,64.5800,83
34564595993088,09:36:04.595,64.5900,100
34564595993088,09:36:04.595,64.5900,100
34570594519252,09:36:10.594,64.6100,100
34570594856792,09:36:10.594,64.6000,99
34570594938389,09:36:10.594,64.6100,1
34570594953616,09:36:10.594,64.6100,1
34570595008252,09:36:10.595,64.6100,67
34570595035376,09:36:10.595,64.6100,31
34571157746166,09:36:11.157,64.5850,300
34571218572426,09:36:11.218,64.5900,99
34572595283176,09:36:12.595,64.6000,100
34572635065921,09:36:12.635,64.5900,100
34574899291375,09:36:14.899,64.5900,100
34574899291375,09:36:14.899,64.5800,300
34574899748548,09:36:14.899,64.5800,100
34575470352104,09:36:15.470,64.5800,100
34577069679744,09:36:17.069,64.5900,100
34577069991217,09:36:17.069,64.5850,100
34577070504214,09:36:17.070,64.5850,100
34577121084520,09:36:17.121,64.5850,100
34577121200872,09:36:17.121,64.5850,100
34577168970013,09:36:17.168,64.5850,100
34578508291034,09:36:18.508,64.5750,200
34578508579417,09:36:18.508,64.5750,200
34578508594827,09:36:18.508,64.5750,200
34578509108104,09:36:18.509,64.5750,200
34578509155396,09:36:18.509,64.5750,200
34578509817786,09:36:18.509,64.5750,100
34579626479550,09:36:19.626,64.5800,200
34579626479550,09:36:19.626,64.5800,200
34580025955235,09:36:20.025,64.5750,200
34580051254455,09:36:20.051,64.5800,10
34580051254455,09:36:20.051,64.5800,100
34580051254455,09:36:20.051,64.5800,10
34580595274160,09:36:20.595,64.5900,100
34580595274160,09:36:20.595,64.5900,100
34581656698259,09:36:21.656,64.6000,100
34581706391626,09:36:21.706,64.6100,10
34581706391626,09:36:21.706,64.6000,100
34581706391626,09:36:21.706,64.6000,90
34581706463236,09:36:21.706,64.6000,10
34583312239042,09:36:23.312,64.5900,100
34583312239042,09:36:23.312,64.5900,100
34583665887557,09:36:23.665,64.5800,100
34583665954873,09:36:23.665,64.5900,100
34583666199870,09:36:23.666,64.5900,100
34583666199870,09:36:23.666,64.5900,100
34583666199870,09:36:23.666,64.5900,100
34583679402670,09:36:23.679,64.5900,100
34585594274053,09:36:25.594,64.5900,200
34591105639012,09:36:31.105,64.5850,100
34591105639012,09:36:31.105,64.5800,100
34591105666971,09:36:31.105,64.5800,14
34591105752737,09:36:31.105,64.5800,86
34591106508965,09:36:31.106,64.5800,100
34591106508965,09:36:31.106,64.5800,100
34591106508965,09:36:31.106,64.5800,100
34591107027272,09:36:31.107,64.5800,100
34591205464262,09:36:31.205,64.5700,100
34591207084975,09:36:31.207,64.5700,100
34591339253485,09:36:31.339,64.5700,20
34591595853850,09:36:31.595,64.5700,80
34591595853850,09:36:31.595,64.5800,20
34592214082983,09:36:32.214,64.5700,300
34596594913673,09:36:36.594,64.5600,100
34598595949695,09:36:38.595,64.5700,100
34599371893932,09:36:39.371,64.5600,100
34600589972098,09:36:40.589,64.5400,100
34600591676612,09:36:40.591,64.5400,200
34600595762893,09:36:40.595,64.5400,10
34600595762893,09:36:40.595,64.5400,10
34600596321060,09:36:40.596,64.5400,20
34600605518678,09:36:40.605,64.5500,100
34600619971517,09:36:40.619,64.5700,100
34601525253775,09:36:41.525,64.5600,100
34601525253775,09:36:41.525,64.5600,100
34601525857048,09:36:41.525,64.5500,8
34601526967966,09:36:41.526,64.5600,4
34601526967966,09:36:41.526,64.5600,10
34602595090301,09:36:42.595,64.5400,200
34603514433700,09:36:43.514,64.5200,100
34612509989511,09:36:52.509,64.4400,3
34612509989511,09:36:52.509,64.4400,15
34612511519907,09:36:52.511,64.4200,100
34615123407894,09:36:55.123,64.4500,100
34615124060015,09:36:55.124,64.4500,100
34615124068639,09:36:55.124,64.4600,100
34615138648120,09:36:55.138,64.4500,100
34615141104195,09:36:55.141,64.4500,100
34615351509556,09:36:55.351,64.4400,100
34618116460053,09:36:58.116,64.4700,100
34627579487655,09:37:07.579,64.5400,100
34627580652864,09:37:07.580,64.5500,100
34628848272011,09:37:08.848,64.5300,100
34628848403284,09:37:08.848,64.5200,100
34638972377237,09:37:18.972,64.5000,65
34638972394739,09:37:18.972,64.5000,35
34638973505533,09:37:18.973,64.4900,100
34638973505533,09:37:18.973,64.4900,200
34638984577184,09:37:18.984,64.4900,100
34639591831683,09:37:19.591,64.5200,30
34641895135755,09:37:21.895,64.5100,100
34641895135755,09:37:21.895,64.5200,70
34641895135755,09:37:21.895,64.5200,100
34641895316881,09:37:21.895,64.5100,100
34641896967664,09:37:21.896,64.5100,100
34641896967664,09:37:21.896,64.5100,100
34641900079695,09:37:21.900,64.5000,100
34646627031988,09:37:26.627,64.4800,30
34648636785137,09:37:28.636,64.4800,70
34650758536472,09:37:30.758,64.4600,100
34661020196046,09:37:41.020,64.4500,100
34661545999815,09:37:41.545,64.4300,100
34669238293697,09:37:49.238,64.4100,100
34678846295748,09:37:58.846,64.4500,100
34678848589685,09:37:58.848,64.4600,100
34678852192035,09:37:58.852,64.4600,100
34678852192035,09:37:58.852,64.4600,100
34678852192035,09:37:58.852,64.4600,100
34679138181392,09:37:59.138,64.4500,100
34681804061216,09:38:01.804,64.4400,20
34683813613875,09:38:03.813,64.4400,80
34689141210124,09:38:09.141,64.4200,100
34694869845048,09:38:14.869,64.4500,100
34694869845048,09:38:14.869,64.4500,100
34694870641829,09:38:14.870,64.4600,100
34694870704767,09:38:14.870,64.4600,100
34694872445433,09:38:14.872,64.4600,100
34699843198904,09:38:19.843,64.4500,100
34714901394409,09:38:34.901,64.4400,100
34714905657492,09:38:34.905,64.4500,100
34714905749752,09:38:34.905,64.4600,72
34714905764429,09:38:34.905,64.4600,100
34714905765963,09:38:34.905,64.4600,28
34714907165301,09:38:34.907,64.4600,100
34714907165301,09:38:34.907,64.4600,100
34714920747275,09:38:34.920,64.4600,100
34714920747275,09:38:34.920,64.4600,100
34714920747275,09:38:34.920,64.4700,100
34714920747275,09:38:34.920,64.4700,100
34714921400579,09:38:34.921,64.4700,100
34714926171412,09:38:34.926,64.4800,100
34730199326764,09:38:50.199,64.5100,100
34746423856649,09:39:06.423,64.5200,83
34755463751215,09:39:15.463,64.4900,100
34755471100325,09:39:15.471,64.4900,100
34755471100325,09:39:15.471,64.4900,100
34759492304112,09:39:19.492,64.4800,300
34760438673772,09:39:20.438,64.4800,100
34760438673772,09:39:20.438,64.4800,300
34760439161528,09:39:20.439,64.4800,300
34760439161528,09:39:20.439,64.4800,100
34766836868749,09:39:26.836,64.4800,35
34766836904063,09:39:26.836,64.4800,65
34766836904063,09:39:26.836,64.4800,100
34767197772889,09:39:27.197,64.4900,18
34767197772889,09:39:27.197,64.4900,100
34767198986795,09:39:27.198,64.4950,100
34767199081882,09:39:27.199,64.4950,100
34767589536451,09:39:27.589,64.5000,60
34767589560803,09:39:27.589,64.5000,40
34767589708149,09:39:27.589,64.5000,100
34791096402514,09:39:51.096,64.5500,100
34791096402514,09:39:51.096,64.5500,100
34793290488258,09:39:53.290,64.5500,30
34796397637381,09:39:56.397,64.5500,170
34796399238477,09:39:56.399,64.5600,100
34796399238477,09:39:56.399,64.5700,100
34804781377737,09:40:04.781,64.5300,100
34804781968512,09:40:04.781,64.5300,100
34808697944455,09:40:08.697,64.5300,50
34808698013295,09:40:08.698,64.5300,50
34808698870070,09:40:08.698,64.5300,100
34808699817503,09:40:08.699,64.5300,100
34808699817503,09:40:08.699,64.5300,100
34808707930043,09:40:08.707,64.5300,100
34812716035316,09:40:12.716,64.5400,100
34812716035316,09:40:12.716,64.5400,100
34812730773002,09:40:12.730,64.5500,100
34812730773002,09:40:12.730,64.5500,12
34812730797934,09:40:12.730,64.5500,88
34816713121937,09:40:16.713,64.5800,200
34816713789906,09:40:16.713,64.5800,100
34816715156892,09:40:16.715,64.5800,100
34833389720699,09:40:33.389,64.5700,400
34833390265940,09:40:33.390,64.5600,100
34833390607330,09:40:33.390,64.5600,200
34833390607330,09:40:33.390,64.5600,200
34834712551056,09:40:34.712,64.5700,100
34834712551056,09:40:34.712,64.5700,100
34837714166572,09:40:37.714,64.5800,200
34841069042948,09:40:41.069,64.5800,100
34842714039415,09:40:42.714,64.5900,100
34848665501892,09:40:48.665,64.5600,100
34851499301249,09:40:51.499,64.5500,100
34851499301249,09:40:51.499,64.5500,100
34853333798254,09:40:53.333,64.5500,100
34858290532927,09:40:58.290,64.5400,100
34860699917525,09:41:00.699,64.5500,100
34860699953425,09:41:00.699,64.5500,100
34860919442257,09:41:00.919,64.5500,49
34860919442257,09:41:00.919,64.5500,183
34860919855261,09:41:00.919,64.5500,17
34862713609480,09:41:02.713,64.5600,400
34862719659711,09:41:02.719,64.5700,100
34866048134662,09:41:06.048,64.5600,91
34872069824114,09:41:12.069,64.5400,200
34876465453469,09:41:16.465,64.5100,100
34888827821005,09:41:28.827,64.4600,100
34904812761070,09:41:44.812,64.3400,100
34905400225325,09:41:45.400,64.3700,100
34905417170467,09:41:45.417,64.3800,100
34907363778567,09:41:47.363,64.3800,200
34907363778567,09:41:47.363,64.3800,200
34907363852381,09:41:47.363,64.3800,174
34907363852381,09:41:47.363,64.3800,100
34907363852381,09:41:47.363,64.3800,1
34908881994945,09:41:48.881,64.3800,99
34909715229455,09:41:49.715,64.3900,100
34909716981613,09:41:49.716,64.3900,100
34909818147109,09:41:49.818,64.3800,100
34915777246927,09:41:55.777,64.3700,258
34915777723717,09:41:55.777,64.3700,130
34915778345671,09:41:55.778,64.3700,100
34915778397476,09:41:55.778,64.3700,12
34916216665569,09:41:56.216,64.3700,100
34922300655305,09:42:02.300,64.3800,100
34922300664624,09:42:02.300,64.3800,100
34929960934600,09:42:09.960,64.3700,100
34931073796431,09:42:11.073,64.3600,300
34931075601399,09:42:11.075,64.3500,100
34931084008043,09:42:11.084,64.3500,100
34933502405013,09:42:13.502,64.3600,1
34945031146543,09:42:25.031,64.3300,83
34945066851139,09:42:25.066,64.3300,100
34948349945221,09:42:28.349,64.3200,328
34948349973555,09:42:28.349,64.3200,72
34948349973555,09:42:28.349,64.3200,100
34948350702567,09:42:28.350,64.3200,100
34948350702567,09:42:28.350,64.3200,100
34948350779116,09:42:28.350,64.3200,100
34948350833790,09:42:28.350,64.3200,100
34948350833790,09:42:28.350,64.3200,43
34948350872416,09:42:28.350,64.3200,57
34948351369995,09:42:28.351,64.3200,100
34948351369995,09:42:28.351,64.3200,90
34948351748496,09:42:28.351,64.3300,100
34948358473384,09:42:28.358,64.3300,8
34948904051352,09:42:28.904,64.3400,100
34948904051352,09:42:28.904,64.3400,100
34948904051352,09:42:28.904,64.3400,100
34948904053140,09:42:28.904,64.3500,100
34948904053140,09:42:28.904,64.3500,200
34954331028757,09:42:34.331,64.3400,100
34954332001104,09:42:34.332,64.3400,100
34954332128098,09:42:34.332,64.3400,100
34957715317432,09:42:37.715,64.3700,100
34957716289725,09:42:37.716,64.3600,100
34957716845298,09:42:37.716,64.3600,100
34959485066646,09:42:39.485,64.3500,2
34959485200190,09:42:39.485,64.3500,2
34959485443922,09:42:39.485,64.3500,2
34959485673090,09:42:39.485,64.3500,2
34959714899214,09:42:39.714,64.3500,45
34959714899214,09:42:39.714,64.3600,55
34959714928936,09:42:39.714,64.3600,45
34960732899939,09:42:40.732,64.3700,100
34960732928926,09:42:40.732,64.3700,100
34960732928926,09:42:40.732,64.3700,100
34964715489297,09:42:44.715,64.3900,100
34970888701797,09:42:50.888,64.3800,149
34970888704597,09:42:50.888,64.3800,351
34970888704597,09:42:50.888,64.3800,100
34970890102682,09:42:50.890,64.3700,100
34970890136091,09:42:50.890,64.3700,100
34977714482591,09:42:57.714,64.3800,400
34977714511880,09:42:57.714,64.3800,100
34987352981678,09:43:07.352,64.3800,200
34987362027228,09:43:07.362,64.3800,100
34987362027228,09:43:07.362,64.3800,100
34989715619335,09:43:09.715,64.4000,100
34989715649912,09:43:09.715,64.4000,200
34989715673329,09:43:09.715,64.4000,100
34992726512113,09:43:12.726,64.4100,55
34992726549550,09:43:12.726,64.4100,45
34992726549550,09:43:12.726,64.4100,99
34992726630896,09:43:12.726,64.4100,1
34992726630896,09:43:12.726,64.4100,100
34992727751621,09:43:12.727,64.4000,100
34994221283199,09:43:14.221,64.3900,100
34994221311816,09:43:14.221,64.3900,100
34994223798802,09:43:14.223,64.3800,100
34994223840882,09:43:14.223,64.3800,100
34999869734322,09:43:19.869,64.3600,200
35004605733455,09:43:24.605,64.3500,100
35004606164740,09:43:24.606,64.3500,100
35004606164740,09:43:24.606,64.3500,100
35004607283027,09:43:24.607,64.3500,200
35004607349479,09:43:24.607,64.3500,100
35004609490883,09:43:24.609,64.3600,100
35004609870953,09:43:24.609,64.3600,100
35015694098308,09:43:35.694,64.3600,300
35015694098308,09:43:35.694,64.3600,100
35015694225891,09:43:35.694,64.3600,55
35015694745733,09:43:35.694,64.3700,100
35015694797664,09:43:35.694,64.3700,100
35015761904508,09:43:35.761,64.3600,100
35015770934504,09:43:35.770,64.3600,100
35015770934504,09:43:35.770,64.3600,200
35039948492705,09:43:59.948,64.3700,100
35040425216184,09:44:00.425,64.3600,100
35040425216184,09:44:00.425,64.3600,100
35040425486558,09:44:00.425,64.3600,100
35043522895128,09:44:03.522,64.3500,100
35046754832025,09:44:06.754,64.3500,100
35046769192653,09:44:06.769,64.3500,100
35046769192653,09:44:06.769,64.3600,100
35046769192653,09:44:06.769,64.3600,100
35046832175675,09:44:06.832,64.3600,30
35046832905908,09:44:06.832,64.3600,70
35046837332527,09:44:06.837,64.3600,89
35046871156316,09:44:06.871,64.3600,11
35047802389424,09:44:07.802,64.3400,1
35047802389424,09:44:07.802,64.3400,99
35047805289572,09:44:07.805,64.3400,100
35047826412147,09:44:07.826,64.3500,200
35047826852487,09:44:07.826,64.3500,200
35047851445667,09:44:07.851,64.3400,100
35047851541371,09:44:07.851,64.3400,100
35047852136833,09:44:07.852,64.3400,100
35047970386292,09:44:07.970,64.3500,100
35048007785987,09:44:08.007,64.3500,53
35048007814980,09:44:08.007,64.3500,47
35048412906564,09:44:08.412,64.3500,100
35048676122757,09:44:08.676,64.3500,100
35050310664200,09:44:10.310,64.3600,100
35050314408473,09:44:10.314,64.3600,100
35050314408473,09:44:10.314,64.3600,100
35050314408473,09:44:10.314,64.3600,100
35050314408473,09:44:10.314,64.3600,100
35050460808212,09:44:10.460,64.3700,100
35055726675053,09:44:15.726,64.3500,100
35055734478472,09:44:15.734,64.3400,100
35055734478472,09:44:15.734,64.3400,100
35055734921867,09:44:15.734,64.3400,100
35055741248042,09:44:15.741,64.3500,100
35055896612629,09:44:15.896,64.3500,100
35056358418460,09:44:16.358,64.3600,100
35056358418460,09:44:16.358,64.3600,100
35057953155741,09:44:17.953,64.3600,100
35057953228941,09:44:17.953,64.3600,100
35063904076931,09:44:23.904,64.3600,100
35063904142211,09:44:23.904,64.3600,100
35066999907402,09:44:26.999,64.3600,300
35066999907402,09:44:26.999,64.3600,100
35067000689421,09:44:27.000,64.3600,100
35067188374384,09:44:27.188,64.3700,100
35076268833158,09:44:36.268,64.3500,100
35076299811567,09:44:36.299,64.3600,100
35076309209834,09:44:36.309,64.3600,200
35080852471087,09:44:40.852,64.3700,100
35083276780731,09:44:43.276,64.3800,100
35084404934606,09:44:44.404,64.3900,100
35084404934606,09:44:44.404,64.4000,100
35084405076026,09:44:44.405,64.4000,100
35084406478724,09:44:44.406,64.3900,100
35084406478724,09:44:44.406,64.3900,100
35084409057151,09:44:44.409,64.4000,90
35084411579099,09:44:44.411,64.4100,100
35084411579099,09:44:44.411,64.4100,100
35084414251590,09:44:44.414,64.4100,100
35084419847426,09:44:44.419,64.4000,100
35084606048713,09:44:44.606,64.4000,100
35084606048713,09:44:44.606,64.4100,100
35084606048713,09:44:44.606,64.4100,100
35084606048713,09:44:44.606,64.4100,100
35084606048713,09:44:44.606,64.4100,10
35084606048713,09:44:44.606,64.4100,10
35084606048713,09:44:44.606,64.4100,10
35084606916198,09:44:44.606,64.4000,100
35084606916198,09:44:44.606,64.4000,100
35092134018060,09:44:52.134,64.4300,100
35092134083990,09:44:52.134,64.4300,100
35098296787297,09:44:58.296,64.4500,100
35101118063339,09:45:01.118,64.4600,100
35101128136654,09:45:01.128,64.4600,100
35101223201106,09:45:01.223,64.4600,100
35106523498442,09:45:06.523,64.4600,98
35106523498442,09:45:06.523,64.4600,100
35107965544159,09:45:07.965,64.4400,100
35107970013838,09:45:07.970,64.4300,100
35107970013838,09:45:07.970,64.4300,100
35107970013838,09:45:07.970,64.4300,100
35107970108866,09:45:07.970,64.4300,100
35111717065376,09:45:11.717,64.4200,1
35111732335637,09:45:11.732,64.4100,100
35116036889645,09:45:16.036,64.4200,100
35116036889645,09:45:16.036,64.4200,100
35121006975106,09:45:21.006,64.4200,200
35128233732883,09:45:28.233,64.3800,3
35132934645547,09:45:32.934,64.3700,100
35139190795261,09:45:39.190,64.3500,100
35144239978817,09:45:44.239,64.3500,100
35144239978817,09:45:44.239,64.3500,14
35144240017098,09:45:44.240,64.3500,86
35144240017098,09:45:44.240,64.3500,42
35144240067930,09:45:44.240,64.3500,51
35144240082377,09:45:44.240,64.3500,7
35144249822548,09:45:44.249,64.3400,100
35144678943010,09:45:44.678,64.3300,100
35158493595741,09:45:58.493,64.3100,100
35169586636407,09:46:09.586,64.3000,100
35171090371691,09:46:11.090,64.3000,100
35186598438192,09:46:26.598,64.2900,1
35186940585412,09:46:26.940,64.2900,100
35189503661021,09:46:29.503,64.3000,100
35191371119194,09:46:31.371,64.3000,100
35191371119194,09:46:31.371,64.3000,100
35195894081844,09:46:35.894,64.3000,100
35195894081844,09:46:35.894,64.3000,100
35204970649337,09:46:44.970,64.2900,114
35205540817593,09:46:45.540,64.2900,86
35210529741835,09:46:50.529,64.2800,1
35210529741835,09:46:50.529,64.2800,3
35210529741835,09:46:50.529,64.2800,96
35211628423171,09:46:51.628,64.2800,4
35216372526643,09:46:56.372,64.2800,400
35216372526643,09:46:56.372,64.2800,256
35216372568365,09:46:56.372,64.2800,144
35216372568365,09:46:56.372,64.2800,60
35216372575426,09:46:56.372,64.2800,340
35220281205610,09:47:00.281,64.2800,100
35220281205610,09:47:00.281,64.2800,100
35223536234942,09:47:03.536,64.2700,45
35224745317547,09:47:04.745,64.2700,314
35224745331992,09:47:04.745,64.2700,86
35224745331992,09:47:04.745,64.2700,128
35224745345328,09:47:04.745,64.2700,100
35224745382181,09:47:04.745,64.2700,14
35224745409003,09:47:04.745,64.2700,158
35224745409003,09:47:04.745,64.2700,400
35224745409003,09:47:04.745,64.2700,100
35228244354768,09:47:08.244,64.2800,48
35228357233300,09:47:08.357,64.2800,4
35228757580745,09:47:08.757,64.2700,100
35231586562606,09:47:11.586,64.2700,100
35231586562606,09:47:11.586,64.2700,100
35231738232587,09:47:11.738,64.2600,100
35231738232587,09:47:11.738,64.2600,100
35231740898670,09:47:11.740,64.2600,100
35231748853647,09:47:11.748,64.2600,100
35231769852989,09:47:11.769,64.2600,100
35231794310961,09:47:11.794,64.2500,100
35234061940474,09:47:14.061,64.2400,100
35234062336459,09:47:14.062,64.2500,100
35234063077335,09:47:14.063,64.2600,100
35234063934766,09:47:14.063,64.2600,100
35234063934766,09:47:14.063,64.2600,100
35234063934766,09:47:14.063,64.2600,100
35237840980941,09:47:17.840,64.2500,6
35237840980941,09:47:17.840,64.2500,94
35237841038714,09:47:17.841,64.2500,6
35237841038714,09:47:17.841,64.2500,94
35237841058337,09:47:17.841,64.2500,6
35237841436112,09:47:17.841,64.2500,100
35241126069599,09:47:21.126,64.2300,100
35259268175479,09:47:39.268,64.1800,17
35260155851587,09:47:40.155,64.1700,100
35260298948640,09:47:40.298,64.1600,1
35265766061254,09:47:45.766,64.1500,100
35271146340142,09:47:51.146,64.1300,100
35271146631578,09:47:51.146,64.1300,100
35271147466649,09:47:51.147,64.1300,100
35271147466649,09:47:51.147,64.1300,100
35271147466649,09:47:51.147,64.1300,100
35271148260416,09:47:51.148,64.1300,100
35271368188322,09:47:51.368,64.1300,100
35271368691277,09:47:51.368,64.1300,100
35271368691277,09:47:51.368,64.1300,100
35271368691277,09:47:51.368,64.1300,100
35271368692344,09:47:51.368,64.1300,100
35274270626198,09:47:54.270,64.1200,100
35274271677796,09:47:54.271,64.1200,100
35274271677796,09:47:54.271,64.1200,100
35280506471441,09:48:00.506,64.1300,100
35280506471441,09:48:00.506,64.1300,100
35280506988936,09:48:00.506,64.1300,100
35280506988936,09:48:00.506,64.1300,100
35280506988936,09:48:00.506,64.1300,100
35280507011841,09:48:00.507,64.1300,31
35281876419259,09:48:01.876,64.1400,100
35286307058701,09:48:06.307,64.1400,100
35286307058701,09:48:06.307,64.1400,85
35286307107082,09:48:06.307,64.1400,15
35286307107082,09:48:06.307,64.1400,5
35305721755123,09:48:25.721,64.0800,100
35306042303315,09:48:26.042,64.1100,83
35306042620842,09:48:26.042,64.1100,17
35306219032900,09:48:26.219,64.1100,100
35311133477626,09:48:31.133,64.1300,100
35311248739718,09:48:31.248,64.1500,100
35311248739718,09:48:31.248,64.1500,100
35311248739718,09:48:31.248,64.1500,100
35312637129984,09:48:32.637,64.1500,100
35312646212004,09:48:32.646,64.1500,100
35312646212004,09:48:32.646,64.1600,100
35312646212004,09:48:32.646,64.1600,100
35312646212004,09:48:32.646,64.1600,100
35312646212004,09:48:32.646,64.1600,100
35312646212004,09:48:32.646,64.1600,400
35312651852966,09:48:32.651,64.1600,100
35312651852966,09:48:32.651,64.1600,130
35312651852966,09:48:32.651,64.1600,100
35313472909500,09:48:33.472,64.1600,100
35315522811208,09:48:35.522,64.1700,57
35315525891858,09:48:35.525,64.1700,100
35315533249930,09:48:35.533,64.1800,200
35317589061742,09:48:37.589,64.1900,100
35317639949212,09:48:37.639,64.2200,100
35317639949212,09:48:37.639,64.2200,100
35319381344654,09:48:39.381,64.2100,100
35325482297880,09:48:45.482,64.2100,100
35325545201645,09:48:45.545,64.2100,100
35333718662082,09:48:53.718,64.2000,200
35339126876426,09:48:59.126,64.2200,100
35339126876426,09:48:59.126,64.2200,100
35339130799947,09:48:59.130,64.2300,200
35354343618175,09:49:14.343,64.2400,100
35354343618175,09:49:14.343,64.2400,5
35363070973370,09:49:23.070,64.2400,100
35368106016505,09:49:28.106,64.2300,68
35368106347056,09:49:28.106,64.2300,32
35379486006700,09:49:39.486,64.1800,100
35379703709491,09:49:39.703,64.2000,100
35382255002131,09:49:42.255,64.2100,100
35383596954919,09:49:43.596,64.2200,100
35383598762832,09:49:43.598,64.2200,100
35387619760655,09:49:47.619,64.2300,200
35387619760655,09:49:47.619,64.2300,100
35410452743582,09:50:10.452,64.2200,100
35414461368983,09:50:14.461,64.2400,100
35421706900778,09:50:21.706,64.2600,100
35421706900778,09:50:21.706,64.2600,100
35421911831840,09:50:21.911,64.2600,100
35421911831840,09:50:21.911,64.2600,100
35432546842902,09:50:32.546,64.2600,5
35443436218134,09:50:43.436,64.2700,100
35449042162907,09:50:49.042,64.2800,93
35449042162907,09:50:49.042,64.2800,100
35449042162907,09:50:49.042,64.2800,100
35449042162907,09:50:49.042,64.2800,100
35449042162907,09:50:49.042,64.2800,100
35449043867234,09:50:49.043,64.2900,100
35449043867234,09:50:49.043,64.2900,7
35449044366164,09:50:49.044,64.2900,93
35449044366164,09:50:49.044,64.2900,1
35449044392411,09:50:49.044,64.2900,99
35449044415435,09:50:49.044,64.2900,99
35449044575314,09:50:49.044,64.2900,100
35449044575314,09:50:49.044,64.2800,100
35454989024819,09:50:54.989,64.2800,100
35458617249758,09:50:58.617,64.2600,100
35464401942847,09:51:04.401,64.2900,100
35465373000631,09:51:05.373,64.3000,100
35475080120324,09:51:15.080,64.3000,100
35476530452998,09:51:16.530,64.3000,100
35479023855183,09:51:19.023,64.2900,34
35479023855183,09:51:19.023,64.2900,4
35479226549212,09:51:19.226,64.3000,100
35479226733554,09:51:19.226,64.3000,100
35484631274453,09:51:24.631,64.2800,100
35484631812034,09:51:24.631,64.2800,100
35484631812034,09:51:24.631,64.2800,100
35487265292579,09:51:27.265,64.2700,114
35487265332998,09:51:27.265,64.2700,86
35491730278319,09:51:31.730,64.2500,92
35494115407519,09:51:34.115,64.2500,100
35494115407519,09:51:34.115,64.2500,21
35501366476581,09:51:41.366,64.2500,100
35501369277202,09:51:41.369,64.2400,1
35501781752927,09:51:41.781,64.2400,100
35502290076994,09:51:42.290,64.2500,100
35502290076994,09:51:42.290,64.2500,100
35502290076994,09:51:42.290,64.2500,100
35502293319200,09:51:42.293,64.2500,100
35502293319200,09:51:42.293,64.2500,100
35504195402159,09:51:44.195,64.2500,100
35504195402159,09:51:44.195,64.2500,100
35504207095932,09:51:44.207,64.2500,100
35504207095932,09:51:44.207,64.2500,100
35504214699430,09:51:44.214,64.2500,100
35505178064330,09:51:45.178,64.2500,60
35506688744721,09:51:46.688,64.2500,100
35506688744721,09:51:46.688,64.2500,100
35506688744721,09:51:46.688,64.2500,100
35506688744721,09:51:46.688,64.2600,100
35506688744721,09:51:46.688,64.2600,100
35506688744721,09:51:46.688,64.2600,100
35506688744721,09:51:46.688,64.2600,100
35506689243002,09:51:46.689,64.2600,100
35506690773020,09:51:46.690,64.2700,100
35518995709446,09:51:58.995,64.2400,100
35518995757669,09:51:58.995,64.2400,100
35519948540069,09:51:59.948,64.2500,100
35519948540069,09:51:59.948,64.2500,100
35519948540069,09:51:59.948,64.2500,100
35519948540069,09:51:59.948,64.2500,100
35519948540069,09:51:59.948,64.2500,100
35519948540069,09:51:59.948,64.2500,100
35519948540069,09:51:59.948,64.2500,100
35521316680964,09:52:01.316,64.2600,100
35524733202762,09:52:04.733,64.2700,100
35524733202762,09:52:04.733,64.2700,100
35524733202762,09:52:04.733,64.2700,100
35524909844986,09:52:04.909,64.2700,100
35525128043698,09:52:05.128,64.2700,100
35526724899671,09:52:06.724,64.2600,100
35526724899671,09:52:06.724,64.2600,5
35530028329617,09:52:10.028,64.2500,100
35530673099507,09:52:10.673,64.2500,100
35530673099507,09:52:10.673,64.2500,100
35530673099507,09:52:10.673,64.2500,100
35530673549090,09:52:10.673,64.2500,200
35531274048146,09:52:11.274,64.2500,100
35531274425234,09:52:11.274,64.2500,100
35531274512693,09:52:11.274,64.2500,6
35531856868668,09:52:11.856,64.2500,135
35531856891607,09:52:11.856,64.2500,40
35531856915088,09:52:11.856,64.2500,119
35532183259206,09:52:12.183,64.2500,100
35532546939693,09:52:12.546,64.2500,100
35537810247148,09:52:17.810,64.2600,100
35544910759445,09:52:24.910,64.2600,200
35544910823596,09:52:24.910,64.2600,100
35545666562055,09:52:25.666,64.2600,100
35545666566426,09:52:25.666,64.2600,100
35551436495387,09:52:31.436,64.2500,100
35551436495387,09:52:31.436,64.2500,100
35551697714120,09:52:31.697,64.2500,100
35552568902184,09:52:32.568,64.2500,100
35553697252067,09:52:33.697,64.2500,100
35557541910717,09:52:37.541,64.2600,45
35557541994125,09:52:37.541,64.2600,55
35557541994125,09:52:37.541,64.2600,45
35557561625235,09:52:37.561,64.2600,100
35561347515692,09:52:41.347,64.2500,32
35561347548559,09:52:41.347,64.2500,36
35561347594453,09:52:41.347,64.2500,32
35561348459222,09:52:41.348,64.2500,100
35561348459222,09:52:41.348,64.2500,100
35562036946742,09:52:42.036,64.2500,46
35562413438700,09:52:42.413,64.2400,1
35562809162861,09:52:42.809,64.2400,100
35562809609227,09:52:42.809,64.2400,400
35563035818503,09:52:43.035,64.2400,100
35563362039688,09:52:43.362,64.2500,54
35563362039688,09:52:43.362,64.2500,100
35563362039688,09:52:43.362,64.2500,100
35563362039688,09:52:43.362,64.2500,100
35563362039688,09:52:43.362,64.2500,46
35563362067944,09:52:43.362,64.2500,54
35563362071858,09:52:43.362,64.2500,54
35563362100655,09:52:43.362,64.2500,46
35563362100655,09:52:43.362,64.2500,8
35563364373936,09:52:43.364,64.2500,100
35564991293395,09:52:44.991,64.2500,100
35564991293395,09:52:44.991,64.2500,100
35564995577413,09:52:44.995,64.2500,100
35566641976693,09:52:46.641,64.2500,100
35570391353469,09:52:50.391,64.2500,100
35571554014728,09:52:51.554,64.2600,100
35571554014728,09:52:51.554,64.2600,94
35571554014728,09:52:51.554,64.2600,100
35571554471574,09:52:51.554,64.2700,100
35571554830446,09:52:51.554,64.2700,100
35573083625683,09:52:53.083,64.2700,300
35576858694051,09:52:56.858,64.2700,100
35576874895628,09:52:56.874,64.2800,100
35586199569675,09:53:06.199,64.2500,100
35586199569675,09:53:06.199,64.2500,5
35586199569675,09:53:06.199,64.2500,200
35586199810389,09:53:06.199,64.2500,200
35586199945082,09:53:06.199,64.2500,100
35586199981225,09:53:06.199,64.2500,100
35586200934384,09:53:06.200,64.2500,100
35586202922966,09:53:06.202,64.2500,100
35588243867058,09:53:08.243,64.2500,100
35590606066618,09:53:10.606,64.2500,100
35592133706696,09:53:12.133,64.2500,100
35592133736508,09:53:12.133,64.2500,80
35600169564453,09:53:20.169,64.2500,100
35601861975607,09:53:21.861,64.2500,100
35602963371400,09:53:22.963,64.2500,100
35602963371400,09:53:22.963,64.2500,100
35602963401150,09:53:22.963,64.2500,90
35603700650203,09:53:23.700,64.2400,500
35603729365769,09:53:23.729,64.2500,100
35603729365769,09:53:23.729,64.2500,100
35604678517608,09:53:24.678,64.2500,100
35604697719099,09:53:24.697,64.2500,100
35605972364908,09:53:25.972,64.2600,100
35605973787102,09:53:25.973,64.2700,100
35605973787102,09:53:25.973,64.2700,100
35606416761308,09:53:26.416,64.2700,100
35613735732341,09:53:33.735,64.2500,200
35613735732341,09:53:33.735,64.2500,1
35615242347535,09:53:35.242,64.2600,100
35615242347535,09:53:35.242,64.2600,100
35615242468229,09:53:35.242,64.2600,100
35615243651336,09:53:35.243,64.2700,100
35615243651336,09:53:35.243,64.2700,100
35620037064353,09:53:40.037,64.2500,100
35620082273175,09:53:40.082,64.2600,100
35620083948343,09:53:40.083,64.2600,100
35621554380289,09:53:41.554,64.2500,100
35629175663704,09:53:49.175,64.2500,500
35629291709539,09:53:49.291,64.2500,300
35633931337336,09:53:53.931,64.2600,94
35633931337336,09:53:53.931,64.2600,300
35633931337336,09:53:53.931,64.2600,100
35634440917267,09:53:54.440,64.2700,100
35634440917267,09:53:54.440,64.2700,72
35634440943354,09:53:54.440,64.2700,28
35634440946609,09:53:54.440,64.2700,28
35634441148364,09:53:54.441,64.2700,28
35638459268663,09:53:58.459,64.2600,100
35641823619533,09:54:01.823,64.2600,400
35641823619533,09:54:01.823,64.2600,100
35643272744816,09:54:03.272,64.2700,100
35643272753207,09:54:03.272,64.2700,14
35643423612372,09:54:03.423,64.2700,100
35644430919806,09:54:04.430,64.2700,100
35644904088719,09:54:04.904,64.2700,100
35645465921072,09:54:05.465,64.2700,100
35646001766132,09:54:06.001,64.2700,38
35657515686272,09:54:17.515,64.2800,100
35657515686272,09:54:17.515,64.2800,100
35657515686272,09:54:17.515,64.2800,100
35663304340504,09:54:23.304,64.2800,128
35663304357647,09:54:23.304,64.2800,172
35663304357647,09:54:23.304,64.2800,42
35665105218786,09:54:25.105,64.2800,100
35667235588519,09:54:27.235,64.2800,100
35667235618240,09:54:27.235,64.2800,100
35667235618240,09:54:27.235,64.2800,5
35670149640178,09:54:30.149,64.2700,100
35670149640178,09:54:30.149,64.2700,100
35685258307998,09:54:45.258,64.2900,100
35685258307998,09:54:45.258,64.2900,100
35685258490016,09:54:45.258,64.2900,100
35685827751713,09:54:45.827,64.2900,100
35685827751713,09:54:45.827,64.2900,100
35685827751713,09:54:45.827,64.2900,100
35685827751713,09:54:45.827,64.2900,100
35699105237716,09:54:59.105,64.2700,100
35701040020920,09:55:01.040,64.2600,100
35701040020920,09:55:01.040,64.2600,100
35701040226495,09:55:01.040,64.2600,100
35701040226495,09:55:01.040,64.2600,100
35701040979851,09:55:01.040,64.2600,100
35703894931499,09:55:03.894,64.2600,100
35703894931499,09:55:03.894,64.2600,300
35705428886016,09:55:05.428,64.2600,300
35709595351022,09:55:09.595,64.2500,100
35710733984458,09:55:10.733,64.2500,100
35719645755039,09:55:19.645,64.2500,100
35719645755039,09:55:19.645,64.2500,100
35731975239066,09:55:31.975,64.2500,5
35731975239066,09:55:31.975,64.2500,100
35750304314809,09:55:50.304,64.2500,400
35754698051099,09:55:54.698,64.2500,200
35755480279244,09:55:55.480,64.2300,100
35758143655104,09:55:58.143,64.2200,100
35758169297842,09:55:58.169,64.2200,100
35758171238314,09:55:58.171,64.2200,100
35761712647122,09:56:01.712,64.2100,3
35763629566138,09:56:03.629,64.2100,100
35763629566138,09:56:03.629,64.2100,100
35763629566138,09:56:03.629,64.2100,100
35763630555833,09:56:03.630,64.2100,100
35763630555833,09:56:03.630,64.2200,100
35763630580953,09:56:03.630,64.2200,100
35763631077402,09:56:03.631,64.2200,100
35763631077402,09:56:03.631,64.2200,100
35763700564809,09:56:03.700,64.2100,100
35763705903156,09:56:03.705,64.2000,100
35763705903156,09:56:03.705,64.2000,100
35766636342890,09:56:06.636,64.1900,100
35766636342890,09:56:06.636,64.1900,100
35767929199316,09:56:07.929,64.1700,100
35768703623412,09:56:08.703,64.1800,100
35768703623412,09:56:08.703,64.1800,100
35770139904537,09:56:10.139,64.1800,100
35770139904537,09:56:10.139,64.1800,200
35770139904537,09:56:10.139,64.1800,100
35777022261160,09:56:17.022,64.1600,100
35777022261160,09:56:17.022,64.1600,100
35777022261160,09:56:17.022,64.1600,100
35777046223321,09:56:17.046,64.1700,100
35777046223321,09:56:17.046,64.1700,72
35777048063996,09:56:17.048,64.1700,28
35777056522968,09:56:17.056,64.1800,100
35777056522968,09:56:17.056,64.1800,32
35777056522968,09:56:17.056,64.1800,100
35777056522968,09:56:17.056,64.1800,100
35777056522968,09:56:17.056,64.1800,100
35777079324678,09:56:17.079,64.1900,100
35777079324678,09:56:17.079,64.1900,100
35777079324678,09:56:17.079,64.1900,100
35777079324678,09:56:17.079,64.1900,100
35777079791175,09:56:17.079,64.1900,100
35777105537685,09:56:17.105,64.1900,100
35777105537685,09:56:17.105,64.1900,100
35777105537685,09:56:17.105,64.1900,100
35777125296461,09:56:17.125,64.2000,100
35777125296461,09:56:17.125,64.2000,100
35777125296461,09:56:17.125,64.2000,100
35777125296461,09:56:17.125,64.2000,100
35777125296461,09:56:17.125,64.2000,31
35777125296461,09:56:17.125,64.2000,100
35777125296461,09:56:17.125,64.2000,100
35777125296461,09:56:17.125,64.2000,100
35777125296461,09:56:17.125,64.2000,100
35777163526977,09:56:17.163,64.2100,100
35777163526977,09:56:17.163,64.2100,100
35777163526977,09:56:17.163,64.2100,100
35777163526977,09:56:17.163,64.2100,200
35777163710612,09:56:17.163,64.2100,100
35777163867336,09:56:17.163,64.2100,90
35777163867336,09:56:17.163,64.2100,90
35777163867336,09:56:17.163,64.2000,100
35777163867336,09:56:17.163,64.2000,100
35777163867336,09:56:17.163,64.2000,100
35777163867336,09:56:17.163,64.2000,10
35791562502531,09:56:31.562,64.1800,10
35791562502531,09:56:31.562,64.1800,100
35791562502531,09:56:31.562,64.1800,100
35791562502531,09:56:31.562,64.1800,600
35791586796918,09:56:31.586,64.1900,100
35791587703692,09:56:31.587,64.1900,100
35791587703692,09:56:31.587,64.1900,100
35791597430726,09:56:31.597,64.1900,90
35791597430726,09:56:31.597,64.1900,100
35791597430726,09:56:31.597,64.1900,100
35791614623322,09:56:31.614,64.2000,100
35791614623322,09:56:31.614,64.2000,100
35791614623322,09:56:31.614,64.2000,100
35791632941518,09:56:31.632,64.2100,100
35791632941518,09:56:31.632,64.2100,100
35791632941518,09:56:31.632,64.2100,100
35791652250355,09:56:31.652,64.2200,100
35791652250355,09:56:31.652,64.2200,31
35791652250355,09:56:31.652,64.2200,100
35791652250355,09:56:31.652,64.2200,100
35791652250355,09:56:31.652,64.2200,100
35791673305593,09:56:31.673,64.2300,100
35791673305593,09:56:31.673,64.2300,100
35791673305593,09:56:31.673,64.2300,100
35791673305593,09:56:31.673,64.2300,100
35791673305593,09:56:31.673,64.2300,100
35791698210242,09:56:31.698,64.2300,400
35791700509717,09:56:31.700,64.2300,100
35791707632832,09:56:31.707,64.2300,100
35796873901762,09:56:36.873,64.2250,100
35807496836521,09:56:47.496,64.2400,100
35807496836521,09:56:47.496,64.2400,14
35807496871281,09:56:47.496,64.2400,86
35807496871281,09:56:47.496,64.2400,100
35807496882646,09:56:47.496,64.2400,186
35807497086213,09:56:47.497,64.2400,14
35807498780844,09:56:47.498,64.2500,100
35808111637203,09:56:48.111,64.2500,100
35817043416667,09:56:57.043,64.2400,100
35819470826940,09:56:59.470,64.2350,100
35819524883873,09:56:59.524,64.2350,100
35819667807299,09:56:59.667,64.2400,100
35822364623772,09:57:02.364,64.2300,100
35822364623772,09:57:02.364,64.2300,100
35822364821750,09:57:02.364,64.2300,200
35822364961955,09:57:02.364,64.2300,200
35822365092067,09:57:02.365,64.2300,14
35822365104187,09:57:02.365,64.2300,186
35822458913294,09:57:02.458,64.2300,100
35823442862314,09:57:03.442,64.2300,100
35823539825334,09:57:03.539,64.2400,100
35827395308730,09:57:07.395,64.2450,100
35828044362428,09:57:08.044,64.2400,34
35828293956678,09:57:08.293,64.2400,66
35828293956678,09:57:08.293,64.2400,334
35828294018491,09:57:08.294,64.2400,66
35833597202219,09:57:13.597,64.2500,100
35833597202219,09:57:13.597,64.2500,100
35833597471606,09:57:13.597,64.2500,100
35833597475385,09:57:13.597,64.2500,42
35833597475385,09:57:13.597,64.2500,58
35833619761692,09:57:13.619,64.2600,100
35833619761692,09:57:13.619,64.2600,100
35833619761692,09:57:13.619,64.2600,100
35836528001544,09:57:16.528,64.2600,5
35848652333190,09:57:28.652,64.2800,100
35848652361624,09:57:28.652,64.2800,100
35848689092361,09:57:28.689,64.2800,100
35848689868212,09:57:28.689,64.2800,100
35849033828932,09:57:29.033,64.2800,100
35855690253939,09:57:35.690,64.2600,2
35856140078928,09:57:36.140,64.2500,100
35856141545026,09:57:36.141,64.2400,100
35856141545026,09:57:36.141,64.2400,14
35856225861501,09:57:36.225,64.2400,200
35861852627689,09:57:41.852,64.2600,100
35861853314143,09:57:41.853,64.2600,200
35862884925183,09:57:42.884,64.2500,100
35887770759599,09:58:07.770,64.2100,100
35901756045430,09:58:21.756,64.2000,300
35901757409426,09:58:21.757,64.2000,100
35901963216052,09:58:21.963,64.2000,4
35915010131725,09:58:35.010,64.2000,200
35915530895337,09:58:35.530,64.2100,94
35915530895337,09:58:35.530,64.2100,31
35915530928106,09:58:35.530,64.2100,69
35915530928106,09:58:35.530,64.2100,25
35915535949444,09:58:35.535,64.2200,100
35915994816774,09:58:35.994,64.2200,100
35915994816774,09:58:35.994,64.2200,100
35922680307428,09:58:42.680,64.2250,100
35924515100088,09:58:44.515,64.2200,100
35924530698951,09:58:44.530,64.2000,100
35924530698951,09:58:44.530,64.2000,100
35924999131124,09:58:44.999,64.2000,100
35925920268218,09:58:45.920,64.1900,100
35954013700069,09:59:14.013,64.1500,100
35954013700069,09:59:14.013,64.1500,100
35954017885393,09:59:14.017,64.1600,100
35954017953145,09:59:14.017,64.1600,100
35954676942805,09:59:14.676,64.1600,100
35957177037491,09:59:17.177,64.1700,100
35957177533578,09:59:17.177,64.1700,100
35957177598005,09:59:17.177,64.1600,100
35957180198564,09:59:17.180,64.1700,100
35957186157218,09:59:17.186,64.1800,100
35957186157218,09:59:17.186,64.1800,100
35957186660106,09:59:17.186,64.1800,32
35957186684682,09:59:17.186,64.1800,68
35957191884504,09:59:17.191,64.1900,100
35957528806992,09:59:17.528,64.1900,100
35957530352065,09:59:17.530,64.1900,200
35962245271991,09:59:22.245,64.1700,100
35969803312334,09:59:29.803,64.1800,100
35969804863060,09:59:29.804,64.1800,100
35969820082365,09:59:29.820,64.1700,100
35970164482407,09:59:30.164,64.1700,100
35973362030123,09:59:33.362,64.1800,100
35973439716000,09:59:33.439,64.1900,100
35973439716000,09:59:33.439,64.1900,100
35982070374871,09:59:42.070,64.1800,1
35998831061112,09:59:58.831,64.2100,100
35998831370754,09:59:58.831,64.2100,100
35999483278910,09:59:59.483,64.2700,100
35999483278910,09:59:59.483,64.2700,100
35999484217401,09:59:59.484,64.2600,100
35999485502330,09:59:59.485,64.2600,100
35999500829528,09:59:59.500,64.2600,100
35999500829528,09:59:59.500,64.2700,100
35999500829528,09:59:59.500,64.2700,100
35999510710712,09:59:59.510,64.2600,100
35999510710712,09:59:59.510,64.2600,100
35999540134736,09:59:59.540,64.2700,100
35999572776158,09:59:59.572,64.2700,100
35999572776158,09:59:59.572,64.2700,3
35999572776158,09:59:59.572,64.2700,97
36000600557301,10:00:00.600,64.2400,133
36000600859032,10:00:00.600,64.2400,67
36008354698590,10:00:08.354,64.2200,300
36010439577111,10:00:10.439,64.2200,100
36010857415903,10:00:10.857,64.2000,400
36010857743601,10:00:10.857,64.1900,3
36011127473553,10:00:11.127,64.1900,100
36011127473553,10:00:11.127,64.1900,100
36022613100419,10:00:22.613,64.1900,51
36022613130778,10:00:22.613,64.1900,149
36022613130778,10:00:22.613,64.1900,100
36023145263066,10:00:23.145,64.2000,100
36023145263066,10:00:23.145,64.2000,36
36023145263066,10:00:23.145,64.2000,64
36026301527807,10:00:26.301,64.2050,36
36030379201500,10:00:30.379,64.2100,200
36045197606800,10:00:45.197,64.2200,100
36050951536510,10:00:50.951,64.2200,100
36050951536510,10:00:50.951,64.2200,300
36052668925930,10:00:52.668,64.2300,51
36062043957361,10:01:02.043,64.2100,200
36062047186291,10:01:02.047,64.2000,100
36062047186291,10:01:02.047,64.2000,100
36062047186291,10:01:02.047,64.2000,100
36062047496794,10:01:02.047,64.2000,100
36103669410775,10:01:43.669,64.2100,100
36103669410775,10:01:43.669,64.2100,100
36103669410775,10:01:43.669,64.2100,100
36103669731439,10:01:43.669,64.2100,92
36103669756714,10:01:43.669,64.2100,8
36103669758056,10:01:43.669,64.2100,8
36105781891290,10:01:45.781,64.2000,300
36105781891290,10:01:45.781,64.2000,200
36105782550709,10:01:45.782,64.2000,100
36105786966635,10:01:45.786,64.2000,100
36105786966635,10:01:45.786,64.2000,100
36105786966635,10:01:45.786,64.2000,100
36105786966635,10:01:45.786,64.2000,100
36105787961087,10:01:45.787,64.2100,100
36105789413390,10:01:45.789,64.2100,100
36105789413390,10:01:45.789,64.2100,100
36111355360757,10:01:51.355,64.1900,100
36113804991167,10:01:53.804,64.1900,100
36115226655248,10:01:55.226,64.2000,100
36126078410134,10:02:06.078,64.2100,28
36128955559752,10:02:08.955,64.2100,272
36138357828329,10:02:18.357,64.2100,14
36138357828329,10:02:18.357,64.2100,100
36143783684802,10:02:23.783,64.2100,500
36143784987255,10:02:23.784,64.2100,200
36143785050218,10:02:23.785,64.2100,100
36148794851317,10:02:28.794,64.1900,43
36149430299525,10:02:29.430,64.2000,100
36149430299525,10:02:29.430,64.2000,100
36149430299525,10:02:29.430,64.2000,100
36149441686798,10:02:29.441,64.2100,100
36154611562040,10:02:34.611,64.2100,14
36154611764670,10:02:34.611,64.2100,186
36154628415917,10:02:34.628,64.2100,10
36158254456912,10:02:38.254,64.2000,100
36161713722499,10:02:41.713,64.2100,100
36161713722499,10:02:41.713,64.2100,100
36161713722499,10:02:41.713,64.2100,100
36161713722499,10:02:41.713,64.2100,100
36163838428936,10:02:43.838,64.2200,100
36163838428936,10:02:43.838,64.2200,100
36163838428936,10:02:43.838,64.2200,100
36163838428936,10:02:43.838,64.2200,100
36164402656725,10:02:44.402,64.2300,100
36164402656725,10:02:44.402,64.2300,200
36165708825231,10:02:45.708,64.2300,100
36165708825231,10:02:45.708,64.2300,100
36166647928347,10:02:46.647,64.2200,200
36166686561353,10:02:46.686,64.2100,100
36166703569066,10:02:46.703,64.1900,57
36166703569066,10:02:46.703,64.1900,7
36166705831595,10:02:46.705,64.1900,24
36166705831595,10:02:46.705,64.1900,76
36166706056943,10:02:46.706,64.1900,355
36167112294468,10:02:47.112,64.1900,100
36168152265678,10:02:48.152,64.1800,1
36168152265678,10:02:48.152,64.1800,1
36173530677323,10:02:53.530,64.1800,100
36173530677323,10:02:53.530,64.1800,100
36173530677323,10:02:53.530,64.1800,100
36173530677323,10:02:53.530,64.1800,100
36173994167364,10:02:53.994,64.1800,100
36176724635753,10:02:56.724,64.1700,100
36177756971367,10:02:57.756,64.1700,100
36177785574816,10:02:57.785,64.1700,100
36183972248926,10:03:03.972,64.1500,100
36190074838618,10:03:10.074,64.1400,100
36190473979657,10:03:10.473,64.1300,28
36190561903054,10:03:10.561,64.1400,100
36190562307785,10:03:10.562,64.1400,100
36199589916643,10:03:19.589,64.1200,4
36199589916643,10:03:19.589,64.1200,100
36209252474804,10:03:29.252,64.1200,200
36209252477632,10:03:29.252,64.1200,100
36209252477632,10:03:29.252,64.1200,28
36216974321006,10:03:36.974,64.1400,100
36216974321006,10:03:36.974,64.1400,100
36222332464877,10:03:42.332,64.1600,100
36222332464877,10:03:42.332,64.1600,100
36226306956695,10:03:46.306,64.1700,100
36229757733494,10:03:49.757,64.1800,100
36241166245999,10:04:01.166,64.1900,100
36241166245999,10:04:01.166,64.1900,100
36249310302492,10:04:09.310,64.2100,100
36249310302492,10:04:09.310,64.2100,14
36260340566827,10:04:20.340,64.2200,100
36267844478972,10:04:27.844,64.2100,2
36270783931669,10:04:30.783,64.2200,300
36274204346456,10:04:34.204,64.2300,100
36287018082522,10:04:47.018,64.2350,100
36287361228827,10:04:47.361,64.2400,100
36290971971628,10:04:50.971,64.2400,300
36290972749597,10:04:50.972,64.2400,100
36290972749597,10:04:50.972,64.2400,200
36296259246360,10:04:56.259,64.2400,100
36296259246360,10:04:56.259,64.2400,100
36296259246360,10:04:56.259,64.2400,41
36296259265905,10:04:56.259,64.2400,59
36296259265905,10:04:56.259,64.2400,41
36296259293191,10:04:56.259,64.2400,59
36296259495184,10:04:56.259,64.2400,100
36307827255137,10:05:07.827,64.2300,12
36307829882075,10:05:07.829,64.2300,100
36307830640847,10:05:07.830,64.2300,200
36307830665183,10:05:07.830,64.2300,100
36311121612766,10:05:11.121,64.2300,100
36314680606355,10:05:14.680,64.2200,26
36316264852152,10:05:16.264,64.2200,74
36316264852152,10:05:16.264,64.2200,26
36316264977324,10:05:16.264,64.2200,74
36319332464180,10:05:19.332,64.2200,1
36319332464180,10:05:19.332,64.2200,300
36319332542265,10:05:19.332,64.2200,14
36321506725449,10:05:21.506,64.2300,36
36321506725449,10:05:21.506,64.2300,100
36330974848922,10:05:30.974,64.2400,100
36330974848922,10:05:30.974,64.2400,14
36330974876905,10:05:30.974,64.2400,86
36330974876905,10:05:30.974,64.2400,100
36330974878909,10:05:30.974,64.2400,100
36330984487124,10:05:30.984,64.2500,100
36330984487124,10:05:30.984,64.2500,100
36333281293503,10:05:33.281,64.2600,100
36340088915819,10:05:40.088,64.2700,46
36345367381419,10:05:45.367,64.2800,100
36345621301516,10:05:45.621,64.2800,100
36345621871176,10:05:45.621,64.2800,100
36345621871176,10:05:45.621,64.2800,100
36347366885845,10:05:47.366,64.2900,100
36347366885845,10:05:47.366,64.2900,100
36348380990492,10:05:48.380,64.3000,2
36348545485235,10:05:48.545,64.3000,100
36348545485235,10:05:48.545,64.3000,78
36356369246328,10:05:56.369,64.3200,100
36356369246328,10:05:56.369,64.3200,100
36356370093877,10:05:56.370,64.3200,100
36356370469773,10:05:56.370,64.3200,100
36356370469773,10:05:56.370,64.3200,100
36358629585322,10:05:58.629,64.3200,100
36358629585322,10:05:58.629,64.3200,200
36360179168922,10:06:00.179,64.3100,100
36361192735665,10:06:01.192,64.3100,100
36361699692864,10:06:01.699,64.3100,100
36361699755813,10:06:01.699,64.3100,100
36361699993006,10:06:01.699,64.3100,96
36361700022160,10:06:01.700,64.3100,4
36365026060141,10:06:05.026,64.2900,100
36367050401769,10:06:07.050,64.2800,100
36377368620683,10:06:17.368,64.2800,100
36377368620683,10:06:17.368,64.2900,100
36377368620683,10:06:17.368,64.2900,16
36377368646953,10:06:17.368,64.2900,84
36377368646953,10:06:17.368,64.2900,16
36379368727336,10:06:19.368,64.3000,100
36383369128504,10:06:23.369,64.3100,100
36383379895634,10:06:23.379,64.3200,200
36396284159440,10:06:36.284,64.3200,100
36397620641587,10:06:37.620,64.3300,100
36407947829212,10:06:47.947,64.3300,100
36407966471598,10:06:47.966,64.3300,100
36408213884320,10:06:48.213,64.3300,100
36408222248585,10:06:48.222,64.3300,100
36408224683219,10:06:48.224,64.3300,100
36408367436725,10:06:48.367,64.3400,100
36414480921249,10:06:54.480,64.3500,208
36414480940959,10:06:54.480,64.3500,92
36415295574972,10:06:55.295,64.3600,100
36418756455655,10:06:58.756,64.3650,100
36421428657116,10:07:01.428,64.3600,60
36422870017483,10:07:02.870,64.3600,40
36422870017483,10:07:02.870,64.3600,100
36422898559633,10:07:02.898,64.3500,100
36422898559633,10:07:02.898,64.3500,100
36432248870987,10:07:12.248,64.3300,100
36447620393083,10:07:27.620,64.3300,100
36447771431798,10:07:27.771,64.3300,100
36447771431798,10:07:27.771,64.3300,100
36452324709014,10:07:32.324,64.3250,300
36452754404855,10:07:32.754,64.3250,100
36457225659540,10:07:37.225,64.3300,100
36457225659540,10:07:37.225,64.3300,33
36457225659540,10:07:37.225,64.3300,100
36457225957802,10:07:37.225,64.3300,100
36457225960299,10:07:37.225,64.3300,100
36459367229806,10:07:39.367,64.3400,100
36459367229806,10:07:39.367,64.3400,100
36461366251802,10:07:41.366,64.3400,100
36461366504818,10:07:41.366,64.3500,100
36461366506061,10:07:41.366,64.3500,100
36465620248522,10:07:45.620,64.3600,100
36465620248522,10:07:45.620,64.3600,100
36469688917575,10:07:49.688,64.3700,100
36469688917575,10:07:49.688,64.3700,100
36469688917575,10:07:49.688,64.3700,100
36469689457286,10:07:49.689,64.3700,100
36470365574191,10:07:50.365,64.3700,100
36470365574191,10:07:50.365,64.3700,100
36470365574191,10:07:50.365,64.3700,100
36476366174494,10:07:56.366,64.3800,100
36488796358874,10:08:08.796,64.3900,16
36488796470034,10:08:08.796,64.3900,16
36489366981782,10:08:09.366,64.4000,100
36489367553581,10:08:09.367,64.4000,200
36489382661596,10:08:09.382,64.4000,77
36491686025076,10:08:11.686,64.3900,200
36492366842542,10:08:12.366,64.4000,100
36492366842542,10:08:12.366,64.4000,100
36492366901946,10:08:12.366,64.4000,9
36492367338577,10:08:12.367,64.4000,200
36492367716388,10:08:12.367,64.4000,100
36492958873272,10:08:12.958,64.4100,600
36493361461960,10:08:13.361,64.4100,100
36493362137334,10:08:13.362,64.4100,100
36493362137334,10:08:13.362,64.4100,100
36493362982093,10:08:13.362,64.4100,100
36493865300158,10:08:13.865,64.4100,100
36496127892785,10:08:16.127,64.4000,100
36496128401719,10:08:16.128,64.4000,100
36502364785507,10:08:22.364,64.4100,26
36502994549043,10:08:22.994,64.4100,200
36502994605470,10:08:22.994,64.4100,74
36503752418674,10:08:23.752,64.4100,100
36503840111928,10:08:23.840,64.4100,100
36505376756482,10:08:25.376,64.4200,100
36507989229773,10:08:27.989,64.4100,100
36514955736529,10:08:34.955,64.4000,100
36546721563863,10:09:06.721,64.3900,200
36546721563863,10:09:06.721,64.3900,100
36546721931978,10:09:06.721,64.3900,100
36546981265189,10:09:06.981,64.3900,33
36546981265189,10:09:06.981,64.3900,67
36551102287900,10:09:11.102,64.3800,100
36551107254018,10:09:11.107,64.3800,100
36553383727318,10:09:13.383,64.3700,1
36553384133957,10:09:13.384,64.3700,100
36556868845228,10:09:16.868,64.3700,100
36556869618461,10:09:16.869,64.3700,100
36560717887081,10:09:20.717,64.3800,100
36560745183985,10:09:20.745,64.3800,100
36560745183985,10:09:20.745,64.3800,33
36560859990083,10:09:20.859,64.3800,100
36560859990083,10:09:20.859,64.3800,99
36570509287418,10:09:30.509,64.3800,100
36574296272383,10:09:34.296,64.3900,100
36574918173123,10:09:34.918,64.3900,100
36576624613953,10:09:36.624,64.4000,100
36576624613953,10:09:36.624,64.4000,100
36581262780333,10:09:41.262,64.4000,100
36583202358111,10:09:43.202,64.4000,100
36583458432557,10:09:43.458,64.4000,100
36583458432557,10:09:43.458,64.4000,100
36583458432557,10:09:43.458,64.4000,33
36583458492559,10:09:43.458,64.4000,33
36588764798215,10:09:48.764,64.4100,100
36588764798215,10:09:48.764,64.4100,22
36588764828350,10:09:48.764,64.4100,78
36589279696275,10:09:49.279,64.4200,100
36591852111420,10:09:51.852,64.4250,67
36591852111420,10:09:51.852,64.4250,33
36591882800558,10:09:51.882,64.4250,67
36591882800558,10:09:51.882,64.4250,33
36599617698252,10:09:59.617,64.4300,100
36600613462100,10:10:00.613,64.4400,100
36600613462100,10:10:00.613,64.4400,100
36600626193663,10:10:00.626,64.4400,50
36600626220292,10:10:00.626,64.4400,150
36600626220292,10:10:00.626,64.4400,100
36600626220292,10:10:00.626,64.4400,100
36600626220292,10:10:00.626,64.4400,100
36610023635330,10:10:10.023,64.4300,100
36610619060034,10:10:10.619,64.4300,200
36610619060034,10:10:10.619,64.4300,32
36610621851998,10:10:10.621,64.4400,200
36610621851998,10:10:10.621,64.4400,100
36610621851998,10:10:10.621,64.4400,100
36610623792224,10:10:10.623,64.4400,200
36623984643535,10:10:23.984,64.4400,14
36623984865247,10:10:23.984,64.4400,86
36630853741319,10:10:30.853,64.4400,100
36631006997469,10:10:31.006,64.4300,88
36631007117320,10:10:31.007,64.4300,12
36631013692239,10:10:31.013,64.4300,100
36631063185869,10:10:31.063,64.4300,100
36640487602988,10:10:40.487,64.4300,100
36640503235526,10:10:40.503,64.4300,100
36641041902312,10:10:41.041,64.4300,100
36645252943081,10:10:45.252,64.4300,100
36647758176720,10:10:47.758,64.4200,100
36647758639034,10:10:47.758,64.4200,169
36647758663585,10:10:47.758,64.4200,31
36648361356637,10:10:48.361,64.4200,100
36648361356637,10:10:48.361,64.4200,100
36658468133817,10:10:58.468,64.4200,100
36662928296463,10:11:02.928,64.4300,15
36665774024887,10:11:05.774,64.4200,100
36669849105080,10:11:09.849,64.4300,33
36670015328064,10:11:10.015,64.4300,21
36676419410192,10:11:16.419,64.4400,100
36676419410192,10:11:16.419,64.4400,100
36676419410192,10:11:16.419,64.4400,100
36676419606910,10:11:16.419,64.4400,100
36676420116386,10:11:16.420,64.4400,100
36686622643157,10:11:26.622,64.4500,100
36686639058905,10:11:26.639,64.4600,100
36689085411994,10:11:29.085,64.4600,100
36691889878583,10:11:31.889,64.4700,100
36694131926097,10:11:34.131,64.4700,33
36694131926097,10:11:34.131,64.4700,100
36697034849786,10:11:37.034,64.4800,100
36697034849786,10:11:37.034,64.4800,200
36705150632471,10:11:45.150,64.5000,100
36708689441020,10:11:48.689,64.5100,100
36709407210355,10:11:49.407,64.5200,1200
36711641932436,10:11:51.641,64.5100,100
36714259954502,10:11:54.259,64.5100,100
36714260356072,10:11:54.260,64.5100,100
36714260411952,10:11:54.260,64.5100,100
36722308592216,10:12:02.308,64.5100,100
36725200208287,10:12:05.200,64.5300,15
36728453230299,10:12:08.453,64.5300,20
36728453635730,10:12:08.453,64.5300,1
36730024609826,10:12:10.024,64.5300,79
36730024609826,10:12:10.024,64.5300,100
36730128198391,10:12:10.128,64.5300,100
36732195340693,10:12:12.195,64.5200,300
36733716830517,10:12:13.716,64.5200,100
36733716830517,10:12:13.716,64.5200,100
36733716997365,10:12:13.716,64.5200,100
36733717250077,10:12:13.717,64.5200,100
36733717705708,10:12:13.717,64.5200,100
36733717705708,10:12:13.717,64.5200,100
36733717705708,10:12:13.717,64.5200,70
36734496953418,10:12:14.496,64.5200,30
36739152771000,10:12:19.152,64.5100,200
36742849491002,10:12:22.849,64.5100,100
36743031530283,10:12:23.031,64.5100,100
36743031530283,10:12:23.031,64.5100,100
36743037245590,10:12:23.037,64.5000,100
36744717823462,10:12:24.717,64.5100,100
36749715895639,10:12:29.715,64.5200,200
36749715895639,10:12:29.715,64.5200,100
36749715895639,10:12:29.715,64.5200,100
36749716120966,10:12:29.716,64.5200,100
36749716120966,10:12:29.716,64.5200,100
36751720771601,10:12:31.720,64.5300,200
36757876893345,10:12:37.876,64.5100,100
36759626481388,10:12:39.626,64.5200,100
36759646072311,10:12:39.646,64.5200,100
36770717818678,10:12:50.717,64.5300,99
36770717842762,10:12:50.717,64.5300,1
36773716642170,10:12:53.716,64.5400,100
36773716642170,10:12:53.716,64.5400,100
36773716642170,10:12:53.716,64.5400,100
36773733043329,10:12:53.733,64.5500,100
36773933673795,10:12:53.933,64.5500,100
36773934318381,10:12:53.934,64.5500,100
36778718272803,10:12:58.718,64.5500,100
36778718272803,10:12:58.718,64.5500,100
36781106980312,10:13:01.106,64.5600,100
36781108933580,10:13:01.108,64.5600,100
36781643902414,10:13:01.643,64.5600,100
36781643975619,10:13:01.643,64.5600,100
36781646975078,10:13:01.646,64.5600,100
36781646975078,10:13:01.646,64.5600,100
36781647161285,10:13:01.647,64.5600,100
36781647161285,10:13:01.647,64.5600,100
36781647161285,10:13:01.647,64.5600,100
36781647161285,10:13:01.647,64.5600,100
36781647161285,10:13:01.647,64.5600,200
36781647161285,10:13:01.647,64.5600,100
36782716607237,10:13:02.716,64.5600,100
36782716607237,10:13:02.716,64.5600,100
36782716607237,10:13:02.716,64.5600,68
36799750611611,10:13:19.750,64.5600,2
36805211936695,10:13:25.211,64.5500,100
36807646407701,10:13:27.646,64.5600,100
36812181901361,10:13:32.181,64.5600,300
36812181901361,10:13:32.181,64.5600,8
36812181923369,10:13:32.181,64.5600,205
36812181928007,10:13:32.181,64.5600,187
36813838208170,10:13:33.838,64.5500,34
36813838208170,10:13:33.838,64.5500,100
36813838208170,10:13:33.838,64.5500,66
36813838234819,10:13:33.838,64.5500,134
36813856403528,10:13:33.856,64.5500,100
36814205818580,10:13:34.205,64.5500,100
36824351099111,10:13:44.351,64.5500,100
36824360156229,10:13:44.360,64.5400,100
36830810462983,10:13:50.810,64.5400,100
36831295396095,10:13:51.295,64.5400,100
36838046154243,10:13:58.046,64.5300,400
36838046154243,10:13:58.046,64.5300,100
36838046154243,10:13:58.046,64.5300,100
36838060571192,10:13:58.060,64.5200,100
36840209394715,10:14:00.209,64.5100,100
36840212854046,10:14:00.212,64.5100,100
36850503712059,10:14:10.503,64.5100,300
36850653857996,10:14:10.653,64.5100,19
36856510597648,10:14:16.510,64.5000,100
36862086881592,10:14:22.086,64.4900,100
36862153891978,10:14:22.153,64.4900,200
36865331172201,10:14:25.331,64.4800,200
36868103080142,10:14:28.103,64.4900,300
36868103080142,10:14:28.103,64.4900,15
36868108484707,10:14:28.108,64.5000,100
36868152112262,10:14:28.152,64.5000,78
36879044093260,10:14:39.044,64.4800,400
36892944332130,10:14:52.944,64.4700,200
36892944332130,10:14:52.944,64.4700,100
36892946779791,10:14:52.946,64.4600,100
36892946779791,10:14:52.946,64.4600,30
36898763567617,10:14:58.763,64.4500,200
36898763567617,10:14:58.763,64.4500,100
36901750748160,10:15:01.750,64.4300,100
36902306817021,10:15:02.306,64.4200,100
36902306817021,10:15:02.306,64.4200,100
36902404872520,10:15:02.404,64.4200,100
36915873341795,10:15:15.873,64.3700,1
36915873341795,10:15:15.873,64.3700,100
36915875668611,10:15:15.875,64.3700,100
36915875668611,10:15:15.875,64.3700,100
36915875668611,10:15:15.875,64.3700,200
36915875668611,10:15:15.875,64.3700,100
36915875668611,10:15:15.875,64.3700,100
36915875668611,10:15:15.875,64.3700,100
36916335374155,10:15:16.335,64.3600,100
36916335374155,10:15:16.335,64.3600,100
36916338593145,10:15:16.338,64.3700,100
36922979721359,10:15:22.979,64.3500,100
36922979895780,10:15:22.979,64.3500,100
36922980115906,10:15:22.980,64.3500,100
36922980115906,10:15:22.980,64.3500,100
36927348157859,10:15:27.348,64.3400,100
36927348157859,10:15:27.348,64.3400,100
36931789327279,10:15:31.789,64.3200,100
36931789327279,10:15:31.789,64.3200,100
36931789579595,10:15:31.789,64.3200,100
36931789928303,10:15:31.789,64.3200,100
36942916570771,10:15:42.916,64.3200,7
36942916594892,10:15:42.916,64.3200,202
36942916659441,10:15:42.916,64.3200,63
36942916663559,10:15:42.916,64.3200,28
36942943197561,10:15:42.943,64.3300,100
36942943226780,10:15:42.943,64.3300,100
36947724143491,10:15:47.724,64.3400,100
36947725387973,10:15:47.725,64.3400,100
36947725387973,10:15:47.725,64.3400,100
36959865668153,10:15:59.865,64.3600,100
36959865668153,10:15:59.865,64.3600,100
36959866641930,10:15:59.866,64.3600,57
36959866667255,10:15:59.866,64.3600,143
36959866667255,10:15:59.866,64.3600,29
36959868081474,10:15:59.868,64.3600,5
36959868081474,10:15:59.868,64.3600,71
36963946177761,10:16:03.946,64.3700,15
36964186090965,10:16:04.186,64.3700,100
36964186090965,10:16:04.186,64.3700,100
36964186090965,10:16:04.186,64.3700,100
36966500697418,10:16:06.500,64.3600,100
36966500697418,10:16:06.500,64.3600,100
36966501053389,10:16:06.501,64.3600,100
36966501053389,10:16:06.501,64.3600,100
36966501168344,10:16:06.501,64.3600,100
36976983742978,10:16:16.983,64.3550,100
36978471089094,10:16:18.471,64.3600,66
36978471128450,10:16:18.471,64.3550,100
36978471128450,10:16:18.471,64.3600,34
36978471128450,10:16:18.471,64.3600,100
36978471128450,10:16:18.471,64.3600,66
36979123605323,10:16:19.123,64.3600,34
36979124126978,10:16:19.124,64.3600,100
36980469385695,10:16:20.469,64.3500,100
36980469385695,10:16:20.469,64.3500,100
36980469385695,10:16:20.469,64.3500,200
36990022061689,10:16:30.022,64.3300,200
36990024496952,10:16:30.024,64.3300,100
36990039703537,10:16:30.039,64.3300,100
36990060057888,10:16:30.060,64.3400,100
37002523587830,10:16:42.523,64.3500,100
37002523587830,10:16:42.523,64.3500,300
37013971182891,10:16:53.971,64.3500,100
37013971182891,10:16:53.971,64.3500,400
37025325847222,10:17:05.325,64.3000,100
37025326335764,10:17:05.326,64.3000,100
37025326335764,10:17:05.326,64.3000,100
37025326335764,10:17:05.326,64.3000,100
37032808026163,10:17:12.808,64.2900,400
37032808026163,10:17:12.808,64.2900,100
37038018866027,10:17:18.018,64.2600,100
37039170586360,10:17:19.170,64.2500,200
37053529033829,10:17:33.529,64.2400,100
37053530957902,10:17:33.530,64.2500,100
37053530957902,10:17:33.530,64.2500,200
37053533815636,10:17:33.533,64.2500,67
37054628950008,10:17:34.628,64.2500,65
37054628978247,10:17:34.628,64.2500,35
37055449288708,10:17:35.449,64.2500,100
37065064935110,10:17:45.064,64.2300,100
37065066771636,10:17:45.066,64.2200,100
37069074151689,10:17:49.074,64.2200,100
37087380144220,10:18:07.380,64.1800,1
37087381681167,10:18:07.381,64.1800,200
37087381681167,10:18:07.381,64.1800,200
37087381681167,10:18:07.381,64.1800,100
37087407168331,10:18:07.407,64.1800,100
37087407168331,10:18:07.407,64.1800,100
37087431129252,10:18:07.431,64.1800,100
37087431129252,10:18:07.431,64.1800,100
37089866376742,10:18:09.866,64.1700,18
37119793561786,10:18:39.793,64.1700,14
37127476902548,10:18:47.476,64.1800,400
37127476949833,10:18:47.476,64.1800,100
37127482498501,10:18:47.482,64.1900,100
37128304803845,10:18:48.304,64.1800,16
37128304848300,10:18:48.304,64.1800,84
37128304848300,10:18:48.304,64.1800,100
37135719535812,10:18:55.719,64.1700,200
37135719535812,10:18:55.719,64.1700,35
37135719535812,10:18:55.719,64.1700,165
37135719916892,10:18:55.719,64.1700,35
37135720682662,10:18:55.720,64.1700,100
37144658033839,10:19:04.658,64.1600,100
37147954287851,10:19:07.954,64.1700,200
37148773013357,10:19:08.773,64.1700,16
37171250287244,10:19:31.250,64.1800,100
37171715909336,10:19:31.715,64.1800,100
37171782808869,10:19:31.782,64.1800,100
37173682840352,10:19:33.682,64.1900,100
37173682840352,10:19:33.682,64.1900,100
37173688357210,10:19:33.688,64.1900,100
37183172419548,10:19:43.172,64.2000,100
37183172505186,10:19:43.172,64.2000,100
37183185890407,10:19:43.185,64.2000,100
37183185915474,10:19:43.185,64.2000,100
37183185915474,10:19:43.185,64.2000,100
37183185915474,10:19:43.185,64.2000,100
37183185915474,10:19:43.185,64.2000,35
37184554911828,10:19:44.554,64.2000,100
37184555261115,10:19:44.555,64.2000,100
37186099345393,10:19:46.099,64.2100,100
37186099345393,10:19:46.099,64.2100,100
37187014968143,10:19:47.014,64.2200,100
37187014968143,10:19:47.014,64.2200,100
37187014968143,10:19:47.014,64.2200,100
37187014968143,10:19:47.014,64.2200,100
37187014968143,10:19:47.014,64.2200,200
37187019143585,10:19:47.019,64.2200,100
37187019530025,10:19:47.019,64.2200,100
37187019530025,10:19:47.019,64.2200,100
37187269568955,10:19:47.269,64.2200,100
37199670901377,10:19:59.670,64.2200,100
37199670901377,10:19:59.670,64.2100,86
37199670927467,10:19:59.670,64.2100,114
37199676320009,10:19:59.676,64.2000,100
37202131666368,10:20:02.131,64.2100,100
37202131666368,10:20:02.131,64.2100,100
37202133731980,10:20:02.133,64.2200,200
37202133731980,10:20:02.133,64.2200,200
37202133731980,10:20:02.133,64.2200,100
37202134205443,10:20:02.134,64.2200,100
37202134230096,10:20:02.134,64.2200,100
37202134469976,10:20:02.134,64.2200,34
37202136815494,10:20:02.136,64.2200,100
37202136822052,10:20:02.136,64.2300,100
37202136822052,10:20:02.136,64.2300,100
37202136822052,10:20:02.136,64.2300,100
37202136822052,10:20:02.136,64.2300,100
37202136822052,10:20:02.136,64.2300,100
37202136822052,10:20:02.136,64.2300,500
37202137719677,10:20:02.137,64.2200,100
37202137719677,10:20:02.137,64.2200,100
37202138129411,10:20:02.138,64.2200,100
37202138241401,10:20:02.138,64.2200,100
37202138241401,10:20:02.138,64.2200,60
37202138295239,10:20:02.138,64.2200,40
37202139808203,10:20:02.139,64.2300,100
37202139808203,10:20:02.139,64.2300,100
37202139808203,10:20:02.139,64.2400,100
37202139808203,10:20:02.139,64.2400,100
37202142028112,10:20:02.142,64.2400,200
37202142028112,10:20:02.142,64.2500,100
37202142028112,10:20:02.142,64.2500,100
37202142028112,10:20:02.142,64.2500,200
37202142028112,10:20:02.142,64.2500,100
37202142028112,10:20:02.142,64.2500,100
37202142997675,10:20:02.142,64.2500,100
37202142997675,10:20:02.142,64.2500,100
37202142997675,10:20:02.142,64.2500,100
37202142997675,10:20:02.142,64.2500,100
37202142997675,10:20:02.142,64.2500,100
37202142997675,10:20:02.142,64.2500,100
37202142997675,10:20:02.142,64.2500,100
37202148805705,10:20:02.148,64.2400,100
37203039137207,10:20:03.039,64.2450,100
37203039137207,10:20:03.039,64.2500,100
37203039172138,10:20:03.039,64.2500,100
37203039427904,10:20:03.039,64.2500,100
37203039427904,10:20:03.039,64.2400,44
37203044578675,10:20:03.044,64.2400,100
37205231481221,10:20:05.231,64.2500,10
37205231481221,10:20:05.231,64.2500,90
37214338053376,10:20:14.338,64.2300,100
37214338053376,10:20:14.338,64.2300,100
37214339091347,10:20:14.339,64.2300,6
37215685925180,10:20:15.685,64.2400,15
37216123920563,10:20:16.123,64.2400,100
37216123920563,10:20:16.123,64.2400,100
37221125417417,10:20:21.125,64.2500,10
37221125417417,10:20:21.125,64.2500,100
37233229776376,10:20:33.229,64.2900,100
37233229776376,10:20:33.229,64.2900,100
37233229804498,10:20:33.229,64.2900,1
37233229809771,10:20:33.229,64.2900,99
37234135681280,10:20:34.135,64.2800,63
37234244821655,10:20:34.244,64.2800,2
37234245348973,10:20:34.245,64.2800,100
37244567529240,10:20:44.567,64.2600,100
37255042505662,10:20:55.042,64.2600,100
37255047394318,10:20:55.047,64.2500,100
37268028690332,10:21:08.028,64.2300,100
37268028690332,10:21:08.028,64.2300,100
37276474010682,10:21:16.474,64.2400,100
37295604230996,10:21:35.604,64.2500,100
37295604230996,10:21:35.604,64.2500,86
37297187178359,10:21:37.187,64.2500,100
37300103798500,10:21:40.103,64.2600,100
37300103798500,10:21:40.103,64.2600,100
37307261543316,10:21:47.261,64.2500,100
37307261543316,10:21:47.261,64.2500,44
37307261543316,10:21:47.261,64.2500,100
37307262752318,10:21:47.262,64.2600,100
37307313746730,10:21:47.313,64.2600,100
37307313770671,10:21:47.313,64.2600,1
37307313813856,10:21:47.313,64.2600,99
37332518729408,10:22:12.518,64.2600,14
37332519054137,10:22:12.519,64.2600,100
37332519114625,10:22:12.519,64.2600,86
37332522442498,10:22:12.522,64.2600,100
37332522442498,10:22:12.522,64.2600,100
37333064548296,10:22:13.064,64.2600,100
37333065299088,10:22:13.065,64.2600,100
37333070400914,10:22:13.070,64.2600,100
37333168673265,10:22:13.168,64.2600,100
37349263942216,10:22:29.263,64.2700,14
37354625855847,10:22:34.625,64.2700,86
37354625855847,10:22:34.625,64.2700,15
37354625855847,10:22:34.625,64.2700,100
37354625855847,10:22:34.625,64.2700,100
37355123141850,10:22:35.123,64.2700,200
37355123141850,10:22:35.123,64.2700,33
37355123141850,10:22:35.123,64.2700,100
37355123581917,10:22:35.123,64.2700,100
37355127506081,10:22:35.127,64.2700,100
37358939195011,10:22:38.939,64.2800,100
37363303348430,10:22:43.303,64.2600,100
37363303403832,10:22:43.303,64.2600,100
37366105844379,10:22:46.105,64.2500,1
37367887175036,10:22:47.887,64.2600,100
37367888194809,10:22:47.888,64.2600,100
37380887933912,10:23:00.887,64.2400,100
37398193178351,10:23:18.193,64.2300,100
37398193178351,10:23:18.193,64.2300,400
37411165848584,10:23:31.165,64.2200,100
37411888937142,10:23:31.888,64.2200,100
37412646672513,10:23:32.646,64.2400,14
37412646903933,10:23:32.646,64.2400,86
37412646903933,10:23:32.646,64.2400,14
37412683305208,10:23:32.683,64.2450,100
37412797068279,10:23:32.797,64.2400,14
37412811826438,10:23:32.811,64.2400,86
37412811826438,10:23:32.811,64.2400,100
37412811826438,10:23:32.811,64.2300,14
37415213206857,10:23:35.213,64.2400,72
37415213385188,10:23:35.213,64.2400,28
37419625108707,10:23:39.625,64.2400,100
37419625108707,10:23:39.625,64.2400,100
37445964975193,10:24:05.964,64.2300,33
37457313116288,10:24:17.313,64.2100,28
37457313116288,10:24:17.313,64.2100,32
37457313136876,10:24:17.313,64.2100,68
37457573214419,10:24:17.573,64.2100,100
37457573789648,10:24:17.573,64.2100,100
37457573789648,10:24:17.573,64.2100,100
37457573789648,10:24:17.573,64.2100,100
37457574167304,10:24:17.574,64.2100,100
37467450478470,10:24:27.450,64.1900,100
37467450905989,10:24:27.450,64.2000,100
37493191510856,10:24:53.191,64.1800,97
37504530965097,10:25:04.530,64.1900,100
37508759907020,10:25:08.759,64.1900,100
37508759907020,10:25:08.759,64.1900,108
37508759928689,10:25:08.759,64.1900,92
37508759928689,10:25:08.759,64.1900,15
37508760624864,10:25:08.760,64.2000,121
37508760624864,10:25:08.760,64.2000,100
37508760624864,10:25:08.760,64.2000,100
37508760624864,10:25:08.760,64.2000,168
37508760664664,10:25:08.760,64.2000,32
37508760664664,10:25:08.760,64.2000,100
37508766212805,10:25:08.766,64.2000,13
37514856353070,10:25:14.856,64.2050,100
37514856856195,10:25:14.856,64.2100,100
37514919184312,10:25:14.919,64.2200,200
37514919184312,10:25:14.919,64.2200,100
37515069993930,10:25:15.069,64.2200,100
37517229032415,10:25:17.229,64.2200,100
37523940690671,10:25:23.940,64.2100,2
37543752622560,10:25:43.752,64.2100,100
37543752622560,10:25:43.752,64.2100,32
37543753991120,10:25:43.753,64.2100,100
37547868095631,10:25:47.868,64.2100,100
37547869396164,10:25:47.869,64.2000,100
37573614576109,10:26:13.614,64.2000,83
37576418660059,10:26:16.418,64.2000,14
37576419002118,10:26:16.419,64.2000,86
37576419002118,10:26:16.419,64.2000,100
37576419002118,10:26:16.419,64.2000,100
37576419002118,10:26:16.419,64.2000,200
37576996161193,10:26:16.996,64.2050,100
37580143334609,10:26:20.143,64.2100,100
37580143394791,10:26:20.143,64.2100,14
37583891112485,10:26:23.891,64.2200,100
37600500200398,10:26:40.500,64.2200,100
37605647770383,10:26:45.647,64.2200,100
37607983204539,10:26:47.983,64.2200,100
37608795734269,10:26:48.795,64.2200,100
37616196007622,10:26:56.196,64.2250,100
37621805171423,10:27:01.805,64.2200,95
37621805171423,10:27:01.805,64.2200,5
37621805229857,10:27:01.805,64.2200,95
37621806627931,10:27:01.806,64.2300,100
37621806627931,10:27:01.806,64.2300,100
37621806627931,10:27:01.806,64.2300,100
37625391906076,10:27:05.391,64.2100,1
37654428071284,10:27:34.428,64.1900,100
37654429912662,10:27:34.429,64.1900,100
37654429912662,10:27:34.429,64.1900,100
37654429912662,10:27:34.429,64.1900,100
37656381272352,10:27:36.381,64.1900,100
37656381629614,10:27:36.381,64.1900,100
37682668150235,10:28:02.668,64.1600,200
37682668150235,10:28:02.668,64.1600,31
37682668150235,10:28:02.668,64.1600,69
37682756818787,10:28:02.756,64.1600,100
37682756818787,10:28:02.756,64.1600,100
37682756818787,10:28:02.756,64.1600,100
37687866654667,10:28:07.866,64.1500,1
37692641188487,10:28:12.641,64.1600,200
37692641188487,10:28:12.641,64.1600,100
37692713321500,10:28:12.713,64.1600,100
37695022361354,10:28:15.022,64.1600,100
37695030785602,10:28:15.030,64.1600,11
37699403161709,10:28:19.403,64.1700,30
37706781085771,10:28:26.781,64.1600,100
37708835098085,10:28:28.835,64.1500,99
37708835098085,10:28:28.835,64.1500,1
37735084423997,10:28:55.084,64.1400,100
37737006064636,10:28:57.006,64.1500,100
37737006064636,10:28:57.006,64.1500,100
37739191902067,10:28:59.191,64.1650,100
37739984742124,10:28:59.984,64.1700,70
37746429993374,10:29:06.429,64.1850,100
37747073408946,10:29:07.073,64.1900,100
37747077141729,10:29:07.077,64.1900,40
37748232947658,10:29:08.232,64.1900,11
37760345407487,10:29:20.345,64.1900,13
37761644118199,10:29:21.644,64.1900,31
37790105745426,10:29:50.105,64.2000,100
37790105745426,10:29:50.105,64.2000,8
37790105764983,10:29:50.105,64.2000,92
37790105764983,10:29:50.105,64.2000,100
37802964431878,10:30:02.964,64.2300,100
37802964431878,10:30:02.964,64.2300,100
37803074090325,10:30:03.074,64.2300,100
37803074268739,10:30:03.074,64.2300,100
37803074268739,10:30:03.074,64.2300,32
37803074268739,10:30:03.074,64.2300,100
37803074268739,10:30:03.074,64.2300,100
37803104548674,10:30:03.104,64.2200,100
37803104548674,10:30:03.104,64.2200,100
37803131814635,10:30:03.131,64.2200,100
37804777993091,10:30:04.777,64.2200,100
37804781053908,10:30:04.781,64.2000,100
37810596967221,10:30:10.596,64.2000,100
37810936244271,10:30:10.936,64.2000,3
37812875966486,10:30:12.875,64.2000,100
37821461372953,10:30:21.461,64.1900,100
37830395586766,10:30:30.395,64.1900,100
37830395586766,10:30:30.395,64.1900,100
37861082443862,10:31:01.082,64.1800,100
37889298769905,10:31:29.298,64.1900,100
37892299965304,10:31:32.299,64.2100,100
37900298974742,10:31:40.298,64.2200,70
37900298999696,10:31:40.298,64.2200,30
37900298999696,10:31:40.298,64.2200,13
37903299635252,10:31:43.299,64.2300,100
37903299659774,10:31:43.299,64.2300,91
37906001674514,10:31:46.001,64.2400,100
37906001699579,10:31:46.001,64.2400,100
37910299160282,10:31:50.299,64.2500,100
37919185464667,10:31:59.185,64.2400,100
37919185783335,10:31:59.185,64.2400,52
37921809387483,10:32:01.809,64.2500,100
37925352840670,10:32:05.352,64.2600,13
37925352840670,10:32:05.352,64.2600,100
37926969544589,10:32:06.969,64.2700,25
37926969569610,10:32:06.969,64.2700,75
37926970244149,10:32:06.970,64.2700,100
37927844946187,10:32:07.844,64.2700,31
37927844946187,10:32:07.844,64.2700,69
37927844976306,10:32:07.844,64.2700,31
37928289868980,10:32:08.289,64.2700,75
37928600405535,10:32:08.600,64.2700,25
37928600405535,10:32:08.600,64.2700,100
37929020710125,10:32:09.020,64.2700,10
37929299082261,10:32:09.299,64.2800,100
37929299503421,10:32:09.299,64.2800,100
37929450423654,10:32:09.450,64.2800,90
37939249289500,10:32:19.249,64.2800,100
37939249289500,10:32:19.249,64.2800,100
37939249289500,10:32:19.249,64.2800,100
37939249315338,10:32:19.249,64.2800,100
37939249778769,10:32:19.249,64.2800,100
37939249778769,10:32:19.249,64.2800,100
37939249778769,10:32:19.249,64.2800,67
37939250372376,10:32:19.250,64.2800,100
37941299218544,10:32:21.299,64.2800,300
37949237859348,10:32:29.237,64.2800,2
37949237859348,10:32:29.237,64.2800,200
37976300886771,10:32:56.300,64.2700,13
37976300886771,10:32:56.300,64.2700,4
37976300886771,10:32:56.300,64.2700,100
37976439814960,10:32:56.439,64.2700,31
37976439814960,10:32:56.439,64.2700,100
37988384063241,10:33:08.384,64.2500,3
37988388768951,10:33:08.388,64.2500,97
37989493338690,10:33:09.493,64.2700,10
37989493364949,10:33:09.493,64.2700,190
37989493364949,10:33:09.493,64.2700,10
37989493794191,10:33:09.493,64.2700,200
37989494196645,10:33:09.494,64.2700,100
37991298897940,10:33:11.298,64.2700,100
37993299665985,10:33:13.299,64.2800,100
37993299665985,10:33:13.299,64.2800,62
38006154125196,10:33:26.154,64.2800,38
38022300062516,10:33:42.300,64.2900,100
38022313496525,10:33:42.313,64.2900,100
38022316604916,10:33:42.316,64.2900,31
38022316604916,10:33:42.316,64.2900,100
38022317003746,10:33:42.317,64.2900,20
38025154147805,10:33:45.154,64.2900,14
38025154186219,10:33:45.154,64.2900,66
38025154186219,10:33:45.154,64.2900,8
38026915634308,10:33:46.915,64.2900,100
38026915669122,10:33:46.915,64.2900,100
38034124533957,10:33:54.124,64.3000,100
38034124533957,10:33:54.124,64.3000,100
38034124533957,10:33:54.124,64.3000,100
38034124533957,10:33:54.124,64.3000,100
38034129353983,10:33:54.129,64.3000,100
38034180623390,10:33:54.180,64.3100,100
38034214884073,10:33:54.214,64.3100,100
38034218563746,10:33:54.218,64.3000,100
38034218563746,10:33:54.218,64.3000,100
38034218563746,10:33:54.218,64.3000,100
38034295633766,10:33:54.295,64.2900,100
38034295633766,10:33:54.295,64.2900,100
38034296866422,10:33:54.296,64.2900,100
38034296866422,10:33:54.296,64.2900,100
38034296866422,10:33:54.296,64.2900,100
38042146959620,10:34:02.146,64.2800,100
38048001836751,10:34:08.001,64.2600,2
38052086087331,10:34:12.086,64.2600,298
38052301155797,10:34:12.301,64.2600,100
38068368176204,10:34:28.368,64.2600,10
38069628256958,10:34:29.628,64.2600,110
38072888505857,10:34:32.888,64.2600,100
38072889291641,10:34:32.889,64.2500,100
38086338687299,10:34:46.338,64.2700,13
38092038411426,10:34:52.038,64.2750,100
38092928167787,10:34:52.928,64.2800,100
38092928167787,10:34:52.928,64.2800,100
38103850064053,10:35:03.850,64.2950,100
38107847532404,10:35:07.847,64.2900,100
38107847532404,10:35:07.847,64.2900,100
38107847739705,10:35:07.847,64.2900,2
38121059977415,10:35:21.059,64.2900,100
38126118666657,10:35:26.118,64.2800,37
38126118666657,10:35:26.118,64.2800,100
38126118666657,10:35:26.118,64.2800,50
38126118666657,10:35:26.118,64.2800,100
38126118666657,10:35:26.118,64.2800,100
38129856735104,10:35:29.856,64.3000,300
38129856735104,10:35:29.856,64.3000,100
38134693010494,10:35:34.693,64.3200,5
38134693047432,10:35:34.693,64.3200,95
38134693047432,10:35:34.693,64.3200,5
38134693066258,10:35:34.693,64.3200,95
38134693373781,10:35:34.693,64.3300,100
38134693373781,10:35:34.693,64.3300,26
38134693391153,10:35:34.693,64.3300,45
38134694492014,10:35:34.694,64.3300,29
38134695796321,10:35:34.695,64.3400,27
38140618695309,10:35:40.618,64.3500,100
38164017477663,10:36:04.017,64.3400,1
38164022840730,10:36:04.022,64.3400,100
38200304658072,10:36:40.304,64.3300,100
38203400129869,10:36:43.400,64.3300,2
38210150845344,10:36:50.150,64.3500,100
38210150870120,10:36:50.150,64.3500,100
38222090599409,10:37:02.090,64.3600,100
38222090599409,10:37:02.090,64.3600,100
38227857046973,10:37:07.857,64.3600,100
38227857046973,10:37:07.857,64.3600,71
38227857057803,10:37:07.857,64.3600,29
38227857404538,10:37:07.857,64.3600,100
38227857482592,10:37:07.857,64.3600,4
38231607206625,10:37:11.607,64.3500,100
38231704095405,10:37:11.704,64.3500,100
38234247514192,10:37:14.247,64.3500,100
38235308122044,10:37:15.308,64.3500,100
38238190682191,10:37:18.190,64.3400,94
38238190683760,10:37:18.190,64.3400,62
38238190737252,10:37:18.190,64.3400,44
38238206969587,10:37:18.206,64.3400,100
38245449495563,10:37:25.449,64.3200,200
38251407770147,10:37:31.407,64.3200,100
38251407794513,10:37:31.407,64.3200,100
38251409777425,10:37:31.409,64.3300,200
38251409777425,10:37:31.409,64.3300,13
38259398729369,10:37:39.398,64.3100,31
38264904332645,10:37:44.904,64.3100,31
38264904332645,10:37:44.904,64.3100,100
38264904332645,10:37:44.904,64.3100,100
38269675962748,10:37:49.675,64.3200,26
38271823665429,10:37:51.823,64.3000,1
38282219503972,10:38:02.219,64.2900,188
38282219506538,10:38:02.219,64.2900,12
38288447986996,10:38:08.447,64.3000,13
38288461672939,10:38:08.461,64.3100,100
38288462214863,10:38:08.462,64.3100,8
38288462406401,10:38:08.462,64.3100,192
38288462406401,10:38:08.462,64.3100,100
38288462406401,10:38:08.462,64.3100,100
38288462406401,10:38:08.462,64.3100,100
38288670560752,10:38:08.670,64.3000,100
38288684587936,10:38:08.684,64.3000,100
38294956852829,10:38:14.956,64.3200,100
38298323113445,10:38:18.323,64.3300,100
38299452186252,10:38:19.452,64.3400,65
38299452216836,10:38:19.452,64.3400,35
38302101851937,10:38:22.101,64.3600,100
38302102389687,10:38:22.102,64.3600,100
38302102389687,10:38:22.102,64.3600,100
38302102389687,10:38:22.102,64.3600,45
38309005565325,10:38:29.005,64.3600,55
38309251750215,10:38:29.251,64.3500,2
38342223863233,10:39:02.223,64.3600,100
38343795014332,10:39:03.795,64.3700,300
38347519939984,10:39:07.519,64.3500,2
38349990012756,10:39:09.990,64.3500,100
38350028754635,10:39:10.028,64.3500,100
38360134006618,10:39:20.134,64.3400,1
38360134006618,10:39:20.134,64.3400,100
38360134410876,10:39:20.134,64.3400,100
