timestamp,time,price,volume
34200808646612,09:30:00.808,8.6700,5949
34202528108044,09:30:02.528,8.7000,39
34237098670552,09:30:37.098,8.7900,100
34278470827293,09:31:18.470,8.8200,20
34305396455828,09:31:45.396,8.7900,20
34450821968021,09:34:10.821,8.7300,4
34540481858223,09:35:40.481,8.8000,100
34540482633289,09:35:40.482,8.8400,100
34540483170932,09:35:40.483,8.8500,100
34540483466858,09:35:40.483,8.8500,100
34540483790999,09:35:40.483,8.8300,100
34542502260788,09:35:42.502,8.8200,143
34583391038408,09:36:23.391,8.8300,100
34583391038408,09:36:23.391,8.8400,100
34584518902888,09:36:24.518,8.7700,17
34882583517007,09:41:22.583,8.8200,100
34918665490228,09:41:58.665,8.7800,40
35047612532346,09:44:07.612,8.7700,100
35047612532346,09:44:07.612,8.7700,100
35047612937187,09:44:07.612,8.7900,100
35047613428801,09:44:07.613,8.7700,100
35047615597088,09:44:07.615,8.7800,100
35047615962167,09:44:07.615,8.7800,100
35047615962167,09:44:07.615,8.7800,100
35047615962167,09:44:07.615,8.7800,100
35047794977460,09:44:07.794,8.7700,100
35185851477275,09:46:25.851,8.7100,100
35218801747301,09:46:58.801,8.7000,100
35232353144149,09:47:12.353,8.7000,100
35261543059722,09:47:41.543,8.6800,100
35298878502590,09:48:18.878,8.6700,100
35326254017261,09:48:46.254,8.7100,100
35326254017261,09:48:46.254,8.7100,100
35429854708760,09:50:29.854,8.7200,100
35429854856974,09:50:29.854,8.7200,100
35429855006595,09:50:29.855,8.7200,100
35429875593938,09:50:29.875,8.7400,100
35429876356000,09:50:29.876,8.7400,1
35441968655657,09:50:41.968,8.7100,10
35546740873642,09:52:26.740,8.7100,100
35546752931524,09:52:26.752,8.7100,100
35546752931524,09:52:26.752,8.7100,100
35739646850624,09:55:39.646,8.6800,8
35739746126033,09:55:39.746,8.6700,100
35828504850884,09:57:08.504,8.6500,100
35828504850884,09:57:08.504,8.6500,400
35828504850884,09:57:08.504,8.6500,120
35828505439206,09:57:08.505,8.6400,100
35828506129289,09:57:08.506,8.6400,100
35828506672410,09:57:08.506,8.6400,100
35877529719681,09:57:57.529,8.6300,78
35877531649761,09:57:57.531,8.6300,22
35961541484301,09:59:21.541,8.5900,100
35984034490849,09:59:44.034,8.6000,200
35984055827920,09:59:44.055,8.6000,100
36135400646744,10:02:15.400,8.6100,100
36151510104921,10:02:31.510,8.6000,5
36171530936673,10:02:51.530,8.5750,100
36171530936673,10:02:51.530,8.5900,100
36171530936673,10:02:51.530,8.5900,100
36171530936673,10:02:51.530,8.5900,100
36277515156881,10:04:37.515,8.5600,100
36277515156881,10:04:37.515,8.5600,130
36312604803508,10:05:12.604,8.5300,100
36321691234644,10:05:21.691,8.5000,1000
36346266938306,10:05:46.266,8.4900,20
36545912013721,10:09:05.912,8.4800,1
36545912040328,10:09:05.912,8.4800,99
36545912183492,10:09:05.912,8.4800,100
36545912323291,10:09:05.912,8.4800,100
36545912323291,10:09:05.912,8.4800,100
36545957253047,10:09:05.957,8.4900,200
36545957253047,10:09:05.957,8.4900,100
36545957634175,10:09:05.957,8.5000,10
36545957640149,10:09:05.957,8.5000,66
36545959454775,10:09:05.959,8.5000,24
36545959454775,10:09:05.959,8.5000,176
36545959480470,10:09:05.959,8.5000,24
36637024197087,10:10:37.024,8.5500,55
36637024222604,10:10:37.024,8.5500,45
36637024222604,10:10:37.024,8.5500,100
36637024600211,10:10:37.024,8.5600,100
36637024702807,10:10:37.024,8.5600,100
36659277851015,10:10:59.277,8.5600,100
36701736150292,10:11:41.736,8.5700,100
36701738117991,10:11:41.738,8.5700,100
36755917284536,10:12:35.917,8.5800,100
36847003678674,10:14:07.003,8.6100,1
36879346548306,10:14:39.346,8.6100,100
36901728739892,10:15:01.728,8.6300,100
36971122148346,10:16:11.122,8.6600,100
36971122148346,10:16:11.122,8.6600,100
36971122148346,10:16:11.122,8.6600,100
36971122148346,10:16:11.122,8.6600,100
36973480064164,10:16:13.480,8.6600,100
37105842809114,10:18:25.842,8.6800,100
37180060912561,10:19:40.060,8.6800,100
37325755114840,10:22:05.755,8.6900,45
37529950522002,10:25:29.950,8.6700,100
37529950522002,10:25:29.950,8.6700,20
37529950522002,10:25:29.950,8.6700,100
37530204100505,10:25:30.204,8.6700,345
37530226283197,10:25:30.226,8.6800,52
37530226669645,10:25:30.226,8.6800,17
37530227035209,10:25:30.227,8.6800,3
37530227401488,10:25:30.227,8.6800,1
37561815315699,10:26:01.815,8.6800,27
37561815315699,10:26:01.815,8.6800,10
37624010069474,10:27:04.010,8.6500,100
37624010161662,10:27:04.010,8.6500,15
37624109840220,10:27:04.109,8.6500,100
37695252963784,10:28:15.252,8.6400,100
37723289814115,10:28:43.289,8.6300,6
37723290021670,10:28:43.290,8.6300,100
37811725153002,10:30:11.725,8.6100,100
37812016972148,10:30:12.016,8.6200,75
37812017345558,10:30:12.017,8.6200,28
37812018095438,10:30:12.018,8.6200,72
37812018095438,10:30:12.018,8.6200,53
37812018147593,10:30:12.018,8.6200,47
37812018441873,10:30:12.018,8.6200,100
37823922033067,10:30:23.922,8.6200,100
37823922035906,10:30:23.922,8.6200,100
37823922099862,10:30:23.922,8.6200,100
37823922428126,10:30:23.922,8.6200,100
37823979211389,10:30:23.979,8.6200,100
37823979211389,10:30:23.979,8.6200,100
37823979523499,10:30:23.979,8.6200,100
37823979523499,10:30:23.979,8.6200,100
37873939598248,10:31:13.939,8.6300,10
37906977746023,10:31:46.977,8.6400,45
37907209802813,10:31:47.209,8.6500,100
37907209802813,10:31:47.209,8.6500,3
37977019911590,10:32:57.019,8.6600,100
38051979041220,10:34:11.979,8.6500,100
38140542068524,10:35:40.542,8.6500,100
38174442064467,10:36:14.442,8.6450,100
38277398790604,10:37:57.398,8.6300,1
38277399424629,10:37:57.399,8.6300,14
38277399849090,10:37:57.399,8.6200,30
38277399991101,10:37:57.399,8.6200,30
38277400015878,10:37:57.400,8.6200,40
38403564087195,10:40:03.564,8.6200,100
38693407596783,10:44:53.407,8.6300,100
38693407596783,10:44:53.407,8.6300,100
38891539720456,10:48:11.539,8.6300,15
38891539720456,10:48:11.539,8.6300,187
38891540787140,10:48:11.540,8.6500,71
39100776421762,10:51:40.776,8.6500,2750
39100776421762,10:51:40.776,8.6500,50
39100776430631,10:51:40.776,8.6500,50
39100777189861,10:51:40.777,8.6600,100
39100777189861,10:51:40.777,8.6600,100
39100777189861,10:51:40.777,8.6600,100
39100777289827,10:51:40.777,8.6600,100
39100777372729,10:51:40.777,8.6600,100
39100777422125,10:51:40.777,8.6600,100
39100778703576,10:51:40.778,8.6700,45
39100778703576,10:51:40.778,8.6700,55
39100778729157,10:51:40.778,8.6700,45
39100778729157,10:51:40.778,8.6700,100
39143272477928,10:52:23.272,8.6600,95
39143272477928,10:52:23.272,8.6600,24
39143274597038,10:52:23.274,8.6600,76
39143274597038,10:52:23.274,8.6600,15
39289213391877,10:54:49.213,8.6900,100
39320239883663,10:55:20.239,8.6800,100
39467879552596,10:57:47.879,8.6900,66
39467879901983,10:57:47.879,8.6900,34
39467879901983,10:57:47.879,8.6900,34
39537983258084,10:58:57.983,8.6700,15
39620250683785,11:00:20.250,8.6900,24
39620250708202,11:00:20.250,8.6900,76
39622288459075,11:00:22.288,8.7000,100
39622288459075,11:00:22.288,8.7000,130
39622288536251,11:00:22.288,8.7000,50
39622288536251,11:00:22.288,8.7000,100
39622288536251,11:00:22.288,8.7000,80
39622288559107,11:00:22.288,8.7000,20
39622288559107,11:00:22.288,8.7000,100
39622289365765,11:00:22.289,8.7100,100
39622289365765,11:00:22.289,8.7100,10
39622289370083,11:00:22.289,8.7100,90
39769255159872,11:02:49.255,8.7200,100
40013849153741,11:06:53.849,8.7000,70
40047732382162,11:07:27.732,8.6900,15
40366396892328,11:12:46.396,8.6400,4
40366398844742,11:12:46.398,8.6400,96
40712409755103,11:18:32.409,8.6200,100
40712409755103,11:18:32.409,8.6200,15
40712409755103,11:18:32.409,8.6200,174
40712410131102,11:18:32.410,8.6200,4
40712410131102,11:18:32.410,8.6200,100
40718322015025,11:18:38.322,8.6200,100
40722170198023,11:18:42.170,8.6100,100
40743037763633,11:19:03.037,8.6100,100
40744001947705,11:19:04.001,8.6300,1
40788159079264,11:19:48.159,8.6100,100
40842682491094,11:20:42.682,8.6100,100
40972692768387,11:22:52.692,8.6100,100
40972693209503,11:22:52.693,8.6100,15
41030411339572,11:23:50.411,8.6300,85
41030413391604,11:23:50.413,8.6300,15
41030413391604,11:23:50.413,8.6300,100
41030413391604,11:23:50.413,8.6300,100
41308029732149,11:28:28.029,8.6100,100
41308029732149,11:28:28.029,8.6100,100
41308029732149,11:28:28.029,8.6100,100
41331540156875,11:28:51.540,8.6100,20
41331540156875,11:28:51.540,8.6100,41
41400303540655,11:30:00.303,8.6000,62
41571660657307,11:32:51.660,8.5900,100
41571660657307,11:32:51.660,8.5900,15
41571660657307,11:32:51.660,8.5900,94
41631674298937,11:33:51.674,8.5900,70
41631674327210,11:33:51.674,8.5900,261
41631674327210,11:33:51.674,8.5900,100
41631674327210,11:33:51.674,8.5900,100
41631674328482,11:33:51.674,8.5900,100
41631674328482,11:33:51.674,8.5900,361
41631674502892,11:33:51.674,8.5900,39
41634190719128,11:33:54.190,8.6000,100
41634190719128,11:33:54.190,8.6000,100
41729073607725,11:35:29.073,8.6100,100
41729073607725,11:35:29.073,8.6100,100
41729101305396,11:35:29.101,8.6100,100
41729101336432,11:35:29.101,8.6100,100
41763108713432,11:36:03.108,8.6100,100
41811771856257,11:36:51.771,8.6200,90
41811774844102,11:36:51.774,8.6200,10
41854569357949,11:37:34.569,8.6100,100
41854569357949,11:37:34.569,8.6100,100
41854569533651,11:37:34.569,8.6100,100
41854595264360,11:37:34.595,8.6100,100
41868938431308,11:37:48.938,8.6200,100
42231923831301,11:43:51.923,8.6300,1
42231925740508,11:43:51.925,8.6300,99
42231925740508,11:43:51.925,8.6300,100
42237424014758,11:43:57.424,8.6400,3
42359057636932,11:45:59.057,8.6500,100
42359057636932,11:45:59.057,8.6500,100
42520857176724,11:48:40.857,8.6300,100
42520857176724,11:48:40.857,8.6300,100
42520857176724,11:48:40.857,8.6300,27
42667212644809,11:51:07.212,8.6400,39
42667212644809,11:51:07.212,8.6400,61
42667212743566,11:51:07.212,8.6400,39
42667213368130,11:51:07.213,8.6500,100
42667213368130,11:51:07.213,8.6500,100
42667213368130,11:51:07.213,8.6500,100
42667213368130,11:51:07.213,8.6500,100
42667213371379,11:51:07.213,8.6500,100
42667501535205,11:51:07.501,8.6700,100
42847953978299,11:54:07.953,8.6700,1
42847955806337,11:54:07.955,8.6700,199
42847955806337,11:54:07.955,8.6700,100
42847955806337,11:54:07.955,8.6700,100
42897289109794,11:54:57.289,8.6800,100
42897289109794,11:54:57.289,8.6800,72
42897289584182,11:54:57.289,8.6800,100
42897289584182,11:54:57.289,8.6800,100
43042324002731,11:57:22.324,8.6800,100
43042324002731,11:57:22.324,8.6800,100
43042324002731,11:57:22.324,8.6800,100
43042324002731,11:57:22.324,8.6800,15
43042525726341,11:57:22.525,8.6800,100
43056299542463,11:57:36.299,8.6700,100
43056299983652,11:57:36.299,8.6700,100
43056301994280,11:57:36.301,8.6600,68
43056302052213,11:57:36.302,8.6600,32
43056302052213,11:57:36.302,8.6600,32
43056302084590,11:57:36.302,8.6600,4
43056302115416,11:57:36.302,8.6600,60
43056302281802,11:57:36.302,8.6600,4
43072363810154,11:57:52.363,8.6800,99
43291030669036,12:01:31.030,8.6900,100
43291142001934,12:01:31.142,8.7000,100
43312492467412,12:01:52.492,8.7000,59
43342746004427,12:02:22.746,8.7000,100
43342746078815,12:02:22.746,8.7000,100
43342746211255,12:02:22.746,8.7000,100
43342746435978,12:02:22.746,8.7000,54
43342746443362,12:02:22.746,8.7000,6
43342746454829,12:02:22.746,8.7000,40
43342746454829,12:02:22.746,8.7000,9
43342746468059,12:02:22.746,8.7000,46
43342746478662,12:02:22.746,8.7000,40
43342746521004,12:02:22.746,8.7000,100
43342746594509,12:02:22.746,8.7000,5
43357083684663,12:02:37.083,8.7100,100
43357118658670,12:02:37.118,8.7100,100
43370947688390,12:02:50.947,8.7100,100
43371832035064,12:02:51.832,8.7100,100
43379804637774,12:02:59.804,8.7100,100
43379804637774,12:02:59.804,8.7100,100
43405026248954,12:03:25.026,8.7100,100
43405026275785,12:03:25.026,8.7100,100
43422948550516,12:03:42.948,8.7100,100
43537349934189,12:05:37.349,8.7000,100
43537350162338,12:05:37.350,8.7000,100
43537350162338,12:05:37.350,8.7000,100
43537350162338,12:05:37.350,8.7000,2
43537350179618,12:05:37.350,8.7000,13
43537350789912,12:05:37.350,8.6900,100
43537350789912,12:05:37.350,8.6900,100
43537350789912,12:05:37.350,8.6900,100
43803301128176,12:10:03.301,8.6900,100
43803301128176,12:10:03.301,8.6900,23
43803301160518,12:10:03.301,8.6900,77
43803301161767,12:10:03.301,8.6900,77
43803301359572,12:10:03.301,8.6900,54
43803301658467,12:10:03.301,8.6900,46
43803301658467,12:10:03.301,8.6900,100
43803301658467,12:10:03.301,8.6900,100
43803302209502,12:10:03.302,8.6900,100
43803302292666,12:10:03.302,8.6900,100
43803302568591,12:10:03.302,8.6900,23
43803304676873,12:10:03.304,8.6900,100
43803312388886,12:10:03.312,8.6800,77
43803313902542,12:10:03.313,8.6800,23
43803313902542,12:10:03.313,8.6800,100
43803313902542,12:10:03.313,8.6800,100
43852973465535,12:10:52.973,8.6900,100
43961499748987,12:12:41.499,8.6800,100
43961499748987,12:12:41.499,8.6800,100
43961499748987,12:12:41.499,8.6800,100
43961499748987,12:12:41.499,8.6800,100
43961500880907,12:12:41.500,8.6700,100
43961501730301,12:12:41.501,8.6600,100
44173788707661,12:16:13.788,8.6700,100
44173788707661,12:16:13.788,8.6700,100
44173788707661,12:16:13.788,8.6700,100
44173788707661,12:16:13.788,8.6700,100
44173788707661,12:16:13.788,8.6700,100
44173788707661,12:16:13.788,8.6700,100
44173788807702,12:16:13.788,8.6700,100
44258386136150,12:17:38.386,8.6800,100
44282399679226,12:18:02.399,8.6800,100
44282401368493,12:18:02.401,8.6800,200
44282402356870,12:18:02.402,8.6800,7
44285568156168,12:18:05.568,8.6800,7
44338222724747,12:18:58.222,8.6900,100
44338222724747,12:18:58.222,8.6900,100
44338222724747,12:18:58.222,8.6900,100
44338222724747,12:18:58.222,8.6900,100
44338223114121,12:18:58.223,8.6800,100
44338223114121,12:18:58.223,8.6800,15
44338223114121,12:18:58.223,8.6800,100
44338481158383,12:18:58.481,8.6800,100
44390528040908,12:19:50.528,8.6800,5
44392985587301,12:19:52.985,8.6900,92
44604020128118,12:23:24.020,8.6900,100
44604020128118,12:23:24.020,8.6900,30
44641543093197,12:24:01.543,8.7000,100
44641543093197,12:24:01.543,8.7000,100
44764813953260,12:26:04.813,8.6900,100
44764813953260,12:26:04.813,8.6900,15
44764813953260,12:26:04.813,8.6900,100
44764816336309,12:26:04.816,8.6800,100
44764816336309,12:26:04.816,8.6800,100
44822325461182,12:27:02.325,8.6900,300
44878771258488,12:27:58.771,8.6800,100
44878771258488,12:27:58.771,8.6800,100
44885786931782,12:28:05.786,8.6700,5
45131807971339,12:32:11.807,8.6800,100
45131807971339,12:32:11.807,8.6800,100
45131807971339,12:32:11.807,8.6800,100
45132171331329,12:32:12.171,8.6800,100
45177365477148,12:32:57.365,8.6900,74
45235003249062,12:33:55.003,8.6900,26
45235003249062,12:33:55.003,8.6900,400
45243065613888,12:34:03.065,8.7000,100
45243065613888,12:34:03.065,8.7000,99
45243065642907,12:34:03.065,8.7000,1
45243066455980,12:34:03.066,8.7100,100
45243066455980,12:34:03.066,8.7100,100
45289986500008,12:34:49.986,8.7200,100
45444103737635,12:37:24.103,8.7300,30
45473775141275,12:37:53.775,8.7200,5
45517216792121,12:38:37.216,8.7200,95
45517216792121,12:38:37.216,8.7200,100
45517216792121,12:38:37.216,8.7200,100
45517216792121,12:38:37.216,8.7200,15
45517216792121,12:38:37.216,8.7200,100
45517217674205,12:38:37.217,8.7100,100
45517217674205,12:38:37.217,8.7100,100
45517217674205,12:38:37.217,8.7100,100
45517562092051,12:38:37.562,8.7100,100
45744571809681,12:42:24.571,8.7100,100
45744571809681,12:42:24.571,8.7100,100
45747633699634,12:42:27.633,8.7100,100
45778630800531,12:42:58.630,8.7300,3
45882998945381,12:44:42.998,8.7100,100
45882998945381,12:44:42.998,8.7100,100
45882998945381,12:44:42.998,8.7100,15
45882999978623,12:44:42.999,8.7000,100
45900681556360,12:45:00.681,8.7100,21
45956003862061,12:45:56.003,8.6800,5
45993144090539,12:46:33.144,8.7100,3
46121833168051,12:48:41.833,8.7100,17
46121833168051,12:48:41.833,8.7100,100
46156226676108,12:49:16.226,8.7200,4
46156227118778,12:49:16.227,8.7200,98
46349195589445,12:52:29.195,8.7300,100
46488653205500,12:54:48.653,8.7500,100
46488660807615,12:54:48.660,8.7500,100
46535434466819,12:55:35.434,8.7400,100
46535434466819,12:55:35.434,8.7400,100
46535435327413,12:55:35.435,8.7300,100
46537631341052,12:55:37.631,8.7200,100
46537631407054,12:55:37.631,8.7200,100
46537631560997,12:55:37.631,8.7200,100
46559732413161,12:55:59.732,8.7300,1
46560253365293,12:56:00.253,8.7300,100
46565696119794,12:56:05.696,8.7300,100
46565696223084,12:56:05.696,8.7300,100
46565696359703,12:56:05.696,8.7300,100
46571879384710,12:56:11.879,8.7100,100
46574966970276,12:56:14.966,8.7000,100
46574966970276,12:56:14.966,8.7100,100
46574966970276,12:56:14.966,8.7100,200
46575020167160,12:56:15.020,8.7100,84
46577945759355,12:56:17.945,8.7000,300
46577945759355,12:56:17.945,8.7000,100
46577945759355,12:56:17.945,8.7000,100
46577979417886,12:56:17.979,8.6800,400
46577979601236,12:56:17.979,8.6800,300
46577980883384,12:56:17.980,8.6800,100
46626621324343,12:57:06.621,8.6800,200
46626621324343,12:57:06.621,8.6800,100
46626621324343,12:57:06.621,8.6800,100
46626621635518,12:57:06.621,8.6800,200
46626625843152,12:57:06.625,8.6700,100
46626625843152,12:57:06.625,8.6700,300
46626625843152,12:57:06.625,8.6700,100
46737591642203,12:58:57.591,8.6700,1
46739089044937,12:58:59.089,8.6700,51
46739089071272,12:58:59.089,8.6700,48
46739089071272,12:58:59.089,8.6700,400
46840305789231,13:00:40.305,8.6700,20
46840305793299,13:00:40.305,8.6700,80
46840305793299,13:00:40.305,8.6700,17
46840305828501,13:00:40.305,8.6700,83
46840305828501,13:00:40.305,8.6700,100
46843046946329,13:00:43.046,8.6700,100
46843048712424,13:00:43.048,8.6700,100
46843048712424,13:00:43.048,8.6700,100
46843048712424,13:00:43.048,8.6700,100
46843048712424,13:00:43.048,8.6700,100
46847111065201,13:00:47.111,8.6800,100
46859141501990,13:00:59.141,8.6800,86
46861125958191,13:01:01.125,8.6800,14
46861125958191,13:01:01.125,8.6800,5
46916511863817,13:01:56.511,8.6700,100
46922955260522,13:02:02.955,8.6700,100
46922955260522,13:02:02.955,8.6700,11
46922955309253,13:02:02.955,8.6700,89
46922955309253,13:02:02.955,8.6700,100
46951466947540,13:02:31.466,8.6600,100
46958431280066,13:02:38.431,8.6600,100
46969627133577,13:02:49.627,8.6600,100
46969884772471,13:02:49.884,8.6600,100
47063427003768,13:04:23.427,8.6600,152
47089012636282,13:04:49.012,8.6500,5
47337110221833,13:08:57.110,8.6700,1
47586731702165,13:13:06.731,8.6600,111
47626280502086,13:13:46.280,8.6700,24
47638616173976,13:13:58.616,8.6700,76
47638616173976,13:13:58.616,8.6700,100
47638616173976,13:13:58.616,8.6700,100
47639273577626,13:13:59.273,8.6700,100
47643407278873,13:14:03.407,8.6800,100
47700519760345,13:15:00.519,8.6800,40
47729216008515,13:15:29.216,8.6700,5
47747759748098,13:15:47.759,8.6800,60
47747759748098,13:15:47.759,8.6800,2
47747759748098,13:15:47.759,8.6800,38
47747759814075,13:15:47.759,8.6800,62
47747759814075,13:15:47.759,8.6800,100
47747759814075,13:15:47.759,8.6800,100
47747759814075,13:15:47.759,8.6800,200
47747759851931,13:15:47.759,8.6800,100
47747760980754,13:15:47.760,8.6800,100
47747761300807,13:15:47.761,8.6800,100
47860857455198,13:17:40.857,8.6700,95
47860857455198,13:17:40.857,8.6700,100
47860857455198,13:17:40.857,8.6700,100
47860887370520,13:17:40.887,8.6600,100
47860898603192,13:17:40.898,8.6500,95
47860898603192,13:17:40.898,8.6500,100
47860898603192,13:17:40.898,8.6500,100
47860898603192,13:17:40.898,8.6500,100
47860898603192,13:17:40.898,8.6500,100
47860926742258,13:17:40.926,8.6400,50
47860926742258,13:17:40.926,8.6400,50
47860926831549,13:17:40.926,8.6400,26
47860926843914,13:17:40.926,8.6400,324
47860926843914,13:17:40.926,8.6400,100
47939028311222,13:18:59.028,8.6500,33
47939028421756,13:18:59.028,8.6500,167
47939028421756,13:18:59.028,8.6500,100
47939028421756,13:18:59.028,8.6500,100
47939028421756,13:18:59.028,8.6500,600
47939028421756,13:18:59.028,8.6500,1
47939028421756,13:18:59.028,8.6500,200
47939028421756,13:18:59.028,8.6500,200
47939028484180,13:18:59.028,8.6500,100
47939276787214,13:18:59.276,8.6600,5
48103156757443,13:21:43.156,8.6600,10
48155867225905,13:22:35.867,8.6500,100
48155867225905,13:22:35.867,8.6500,100
48155870972785,13:22:35.870,8.6400,100
48181743638188,13:23:01.743,8.6400,8
48181743638188,13:23:01.743,8.6400,15
48304805093168,13:25:04.805,8.6400,50
48419864366260,13:26:59.864,8.6400,75
48451706040910,13:27:31.706,8.6400,100
48451706086427,13:27:31.706,8.6400,175
48451706086427,13:27:31.706,8.6400,300
48451706086427,13:27:31.706,8.6400,20
48451706268591,13:27:31.706,8.6400,500
48451706268591,13:27:31.706,8.6400,200
48451707989790,13:27:31.707,8.6400,107
48452047846537,13:27:32.047,8.6400,93
48541909865901,13:29:01.909,8.6500,5
48541909865901,13:29:01.909,8.6500,7
48541921250437,13:29:01.921,8.6500,33
48667197059335,13:31:07.197,8.6500,10
48747285766841,13:32:27.285,8.6500,100
48771465273409,13:32:51.465,8.6400,78
48797782979124,13:33:17.782,8.6400,16
48827778184524,13:33:47.778,8.6400,77
48954781899123,13:35:54.781,8.6400,1
48967055547506,13:36:07.055,8.6400,28
48967055547506,13:36:07.055,8.6400,100
48967055547506,13:36:07.055,8.6400,100
48967055547506,13:36:07.055,8.6400,100
48967056826331,13:36:07.056,8.6300,100
48967056826331,13:36:07.056,8.6300,100
49038144107563,13:37:18.144,8.6400,57
49038144107563,13:37:18.144,8.6400,15
49038144208187,13:37:18.144,8.6400,85
49038144208187,13:37:18.144,8.6400,600
49038144208187,13:37:18.144,8.6400,300
49064346033149,13:37:44.346,8.6600,14
49064346223930,13:37:44.346,8.6600,100
49064346542055,13:37:44.346,8.6600,52
49064346546341,13:37:44.346,8.6600,48
49137000269255,13:38:57.000,8.6600,100
49279830255067,13:41:19.830,8.6500,20
49476885917314,13:44:36.885,8.6500,80
49476885917314,13:44:36.885,8.6500,12
49707970401236,13:48:27.970,8.6500,20
49725786368844,13:48:45.786,8.6500,100
49745928325346,13:49:05.928,8.6400,100
49905075907627,13:51:45.075,8.6400,93
49928611180520,13:52:08.611,8.6400,7
49928611180520,13:52:08.611,8.6400,100
49962320032013,13:52:42.320,8.6350,100
50001598383187,13:53:21.598,8.6400,200
50001598383187,13:53:21.598,8.6400,47
50001598720353,13:53:21.598,8.6400,153
50001598720353,13:53:21.598,8.6400,500
50001598720353,13:53:21.598,8.6400,100
50001599708232,13:53:21.599,8.6500,9
50001599708232,13:53:21.599,8.6500,100
50002100023254,13:53:22.100,8.6500,316
50002697015503,13:53:22.697,8.6550,400
50136033609152,13:55:36.033,8.6500,20
50242536358288,13:57:22.536,8.6500,80
50242536358288,13:57:22.536,8.6500,15
50242536358288,13:57:22.536,8.6500,5
50335094906320,13:58:55.094,8.6500,88
50335094924194,13:58:55.094,8.6500,12
50335097734809,13:58:55.097,8.6500,9
50365020417254,13:59:25.020,8.6500,7
50402734027360,14:00:02.734,8.6500,100
50402734027360,14:00:02.734,8.6500,100
50402734766521,14:00:02.734,8.6500,100
50402734766521,14:00:02.734,8.6500,100
50448050868836,14:00:48.050,8.6500,31
50456054558029,14:00:56.054,8.6600,100
50456055186032,14:00:56.055,8.6800,100
50456055186032,14:00:56.055,8.6800,100
50456057127154,14:00:56.057,8.6800,100
50456057127154,14:00:56.057,8.6800,100
50456057127154,14:00:56.057,8.6800,100
50456057127154,14:00:56.057,8.6800,100
50456058388631,14:00:56.058,8.6900,1
50456058388631,14:00:56.058,8.6900,100
50582045023290,14:03:02.045,8.6900,100
50620747698708,14:03:40.747,8.7000,1
50679142670149,14:04:39.142,8.6900,20
50699198380916,14:04:59.198,8.6900,80
50699198380916,14:04:59.198,8.6900,100
50699198380916,14:04:59.198,8.6900,100
50699199279614,14:04:59.199,8.6800,100
50699199279614,14:04:59.199,8.6800,100
50699199279614,14:04:59.199,8.6800,300
50699199279614,14:04:59.199,8.6800,100
50699199309363,14:04:59.199,8.6800,99
50699199548995,14:04:59.199,8.6800,1
50700833862416,14:05:00.833,8.6900,6
50878174958828,14:07:58.174,8.6700,94
50878936090464,14:07:58.936,8.6700,6
50878936090464,14:07:58.936,8.6700,100
50878936090464,14:07:58.936,8.6700,100
50878936090464,14:07:58.936,8.6700,94
50878936140818,14:07:58.936,8.6700,6
50879056237212,14:07:59.056,8.6650,100
50879056237212,14:07:59.056,8.6700,100
50912646025867,14:08:32.646,8.6700,100
50912646025867,14:08:32.646,8.6700,100
50912646025867,14:08:32.646,8.6700,15
50912646378595,14:08:32.646,8.6700,100
50912646423470,14:08:32.646,8.6700,100
50993465752136,14:09:53.465,8.6650,100
50993465752136,14:09:53.465,8.6700,69
50995216827273,14:09:55.216,8.6700,10
51064008354499,14:11:04.008,8.6700,96
51064008425410,14:11:04.008,8.6700,25
51064008425410,14:11:04.008,8.6700,71
51064008684838,14:11:04.008,8.6700,29
51064009038748,14:11:04.009,8.6700,200
51064009090761,14:11:04.009,8.6700,100
51133943998165,14:12:13.943,8.6650,400
51177428883016,14:12:57.428,8.6700,20
51177428883016,14:12:57.428,8.6700,100
51177429235978,14:12:57.429,8.6700,100
51177430219738,14:12:57.430,8.6800,7
51178186991191,14:12:58.186,8.6900,100
51178190916237,14:12:58.190,8.6900,100
51178686771339,14:12:58.686,8.6900,100
51179143603164,14:12:59.143,8.6900,100
51180771247469,14:13:00.771,8.6900,9
51198192480079,14:13:18.192,8.7300,100
51244731628778,14:14:04.731,8.7300,1
51300208983022,14:15:00.208,8.7200,201
51300208983022,14:15:00.208,8.7200,15
51300208983022,14:15:00.208,8.7200,300
51300224916984,14:15:00.224,8.7100,11
51300234398031,14:15:00.234,8.7100,89
51300234398031,14:15:00.234,8.7100,11
51300234818004,14:15:00.234,8.7100,200
51300234818004,14:15:00.234,8.7100,100
51300234818004,14:15:00.234,8.7100,100
51300234818004,14:15:00.234,8.7100,100
51300243946616,14:15:00.243,8.7000,100
51300245742404,14:15:00.245,8.7000,100
51300247984268,14:15:00.247,8.7000,100
51300250179283,14:15:00.250,8.7000,100
51300384548455,14:15:00.384,8.7100,5
51305727004193,14:15:05.727,8.7100,100
51306288007167,14:15:06.288,8.7100,100
51306897012118,14:15:06.897,8.7100,100
51334261162599,14:15:34.261,8.7000,100
51348582217588,14:15:48.582,8.7000,88
51348582217588,14:15:48.582,8.7000,39
51348582229635,14:15:48.582,8.7000,61
51348582229635,14:15:48.582,8.7000,24
51348582291307,14:15:48.582,8.7000,238
51348582319045,14:15:48.582,8.7000,38
51348582319045,14:15:48.582,8.7000,75
51348582319847,14:15:48.582,8.7000,38
51348582346649,14:15:48.582,8.7000,100
51348582455382,14:15:48.582,8.7000,200
51348582455382,14:15:48.582,8.7000,30
51348582458646,14:15:48.582,8.7000,46
51348583107616,14:15:48.583,8.7000,24
51348583107616,14:15:48.583,8.7000,76
51455717861720,14:17:35.717,8.6900,100
51455721769192,14:17:35.721,8.6800,100
51455721769192,14:17:35.721,8.6800,100
51455721769192,14:17:35.721,8.6800,300
51455721769192,14:17:35.721,8.6800,100
51458726128345,14:17:38.726,8.6800,100
51472681015059,14:17:52.681,8.6600,200
51684445459875,14:21:24.445,8.6800,53
51684445459875,14:21:24.445,8.6800,64
51684445930261,14:21:24.445,8.6800,236
51684446040044,14:21:24.446,8.6800,300
51684446454558,14:21:24.446,8.6800,156
51684446508421,14:21:24.446,8.6800,100
51684446520345,14:21:24.446,8.6800,44
51684446520345,14:21:24.446,8.6800,56
51684446548772,14:21:24.446,8.6800,144
51684447331612,14:21:24.447,8.6800,200
51705186200044,14:21:45.186,8.7000,100
51964002961087,14:26:04.002,8.7200,5
52037383949251,14:27:17.383,8.7200,15
52037383949251,14:27:17.383,8.7200,185
52037384360618,14:27:17.384,8.7200,15
52052751424659,14:27:32.751,8.7200,55
52052751424659,14:27:32.751,8.7200,11
52052751424659,14:27:32.751,8.7200,234
52052751485122,14:27:32.751,8.7200,66
52052753360595,14:27:32.753,8.7300,5
52055010936142,14:27:35.010,8.7400,7
52055010936142,14:27:35.010,8.7400,100
52055010936142,14:27:35.010,8.7400,100
52178925504064,14:29:38.925,8.7500,111
52275166198387,14:31:15.166,8.7500,89
52275174659915,14:31:15.174,8.7500,100
52275893305458,14:31:15.893,8.7400,100
52275893333124,14:31:15.893,8.7400,200
52275893333124,14:31:15.893,8.7400,100
52275893333124,14:31:15.893,8.7400,100
52275893333124,14:31:15.893,8.7400,100
52278552742620,14:31:18.552,8.7300,100
52278553286345,14:31:18.553,8.7200,100
52383754709111,14:33:03.754,8.7000,15
52390746129430,14:33:10.746,8.7000,60
52395039115369,14:33:15.039,8.6900,65
52396621624413,14:33:16.621,8.6900,20
52455852387951,14:34:15.852,8.7000,40
52455852387951,14:34:15.852,8.7000,100
52456391889027,14:34:16.391,8.7000,100
52496703130492,14:34:56.703,8.6800,67
52552878964063,14:35:52.878,8.6900,5
52564510880781,14:36:04.510,8.7000,100
52564510880781,14:36:04.510,8.7000,100
52564511439860,14:36:04.511,8.7000,10
52987722543378,14:43:07.722,8.6800,5
53067869408467,14:44:27.869,8.7000,300
53067869482609,14:44:27.869,8.7000,166
53067869518598,14:44:27.869,8.7000,2
53067869932974,14:44:27.869,8.7000,28
53067869948040,14:44:27.869,8.7000,4
53067869948040,14:44:27.869,8.7000,100
53079436721439,14:44:39.436,8.7000,100
53085648589323,14:44:45.648,8.7000,100
53085906266880,14:44:45.906,8.7000,286
53086225065303,14:44:46.225,8.6900,9
53092696051100,14:44:52.696,8.6900,60
53093315577911,14:44:53.315,8.6900,5
53108061059675,14:45:08.061,8.7000,60
53125105802091,14:45:25.105,8.7000,54
53156573752782,14:45:56.573,8.7000,69
53180473006047,14:46:20.473,8.7100,100
53221654979855,14:47:01.654,8.7200,100
53227124460967,14:47:07.124,8.7300,50
53229023319242,14:47:09.023,8.7300,50
53350144348221,14:49:10.144,8.7500,1
53356405085514,14:49:16.405,8.7300,56
53356405152348,14:49:16.405,8.7300,18
53367590462293,14:49:27.590,8.7300,20
53423011342927,14:50:23.011,8.7400,100
53474570773552,14:51:14.570,8.7200,69
53543552200592,14:52:23.552,8.7400,100
53548020905135,14:52:28.020,8.7500,100
53548020905135,14:52:28.020,8.7500,100
53548025532460,14:52:28.025,8.7500,8
53548025732018,14:52:28.025,8.7500,8
53595676932495,14:53:15.676,8.7500,2
53595677396767,14:53:15.677,8.7500,4
53595677485675,14:53:15.677,8.7500,5
53595677756854,14:53:15.677,8.7500,2
53595677912593,14:53:15.677,8.7500,7
53595679263628,14:53:15.679,8.7500,1
53595679713463,14:53:15.679,8.7500,2
53595679808473,14:53:15.679,8.7500,2
53596849247438,14:53:16.849,8.7500,2
53596849396998,14:53:16.849,8.7500,1
53596849476585,14:53:16.849,8.7500,2
53596849609094,14:53:16.849,8.7500,1
53596849904790,14:53:16.849,8.7500,3
53596850956604,14:53:16.850,8.7500,4
53596851025280,14:53:16.851,8.7500,1
53596851237306,14:53:16.851,8.7500,2
53596851305509,14:53:16.851,8.7500,2
53596851616082,14:53:16.851,8.7500,2
53596852307320,14:53:16.852,8.7500,1
53596853149091,14:53:16.853,8.7500,1
53596854007973,14:53:16.854,8.7500,2
53609169667537,14:53:29.169,8.7500,300
53617227946910,14:53:37.227,8.7500,100
53631227074229,14:53:51.227,8.7500,100
53679552859553,14:54:39.552,8.7400,26
53679552859553,14:54:39.552,8.7400,100
53679552859553,14:54:39.552,8.7400,100
53679553296367,14:54:39.553,8.7300,100
53680020881175,14:54:40.020,8.7300,100
53773489109589,14:56:13.489,8.7300,73
53773489204750,14:56:13.489,8.7300,27
53807148972339,14:56:47.148,8.7400,5
53807148972339,14:56:47.148,8.7400,5
53807148972339,14:56:47.148,8.7400,4
53807148972339,14:56:47.148,8.7400,1
53807148972339,14:56:47.148,8.7400,2
53807148972339,14:56:47.148,8.7400,2
53807148972339,14:56:47.148,8.7400,3
53807148972339,14:56:47.148,8.7400,3
53807148972339,14:56:47.148,8.7400,1
53807148972339,14:56:47.148,8.7400,1
53807148972339,14:56:47.148,8.7400,1
53807148972339,14:56:47.148,8.7400,5
53807148972339,14:56:47.148,8.7300,37
54004156999042,15:00:04.156,8.7400,5
54004156999042,15:00:04.156,8.7400,3
54004156999042,15:00:04.156,8.7400,5
54004156999042,15:00:04.156,8.7400,3
54004156999042,15:00:04.156,8.7400,2
54004156999042,15:00:04.156,8.7400,2
54046714482044,15:00:46.714,8.7300,7
54156526668957,15:02:36.526,8.7500,3
54156526924375,15:02:36.526,8.7500,2
54156527045229,15:02:36.527,8.7500,2
54156527083112,15:02:36.527,8.7500,3
54156527087639,15:02:36.527,8.7500,7
54156527088244,15:02:36.527,8.7500,2
54156527100517,15:02:36.527,8.7500,1
54156527107528,15:02:36.527,8.7500,1
54156527112202,15:02:36.527,8.7500,3
54156527112698,15:02:36.527,8.7500,5
54156527115076,15:02:36.527,8.7500,6
54156527146366,15:02:36.527,8.7500,2
54156527149609,15:02:36.527,8.7500,2
54156527150169,15:02:36.527,8.7500,2
54156527150579,15:02:36.527,8.7500,5
54156527154457,15:02:36.527,8.7500,1
54156527155336,15:02:36.527,8.7500,1
54156527158327,15:02:36.527,8.7500,2
54156527158811,15:02:36.527,8.7500,8
54156527165488,15:02:36.527,8.7500,9
54156527165942,15:02:36.527,8.7500,1
54156527166950,15:02:36.527,8.7500,1
54156527169469,15:02:36.527,8.7500,3
54156527170631,15:02:36.527,8.7500,8
54156527175291,15:02:36.527,8.7500,6
54156527184409,15:02:36.527,8.7500,1
54156527184856,15:02:36.527,8.7500,7
54156527193609,15:02:36.527,8.7500,2
54156527195650,15:02:36.527,8.7500,1
54156527247219,15:02:36.527,8.7500,1
54156527265048,15:02:36.527,8.7500,2
54156527265048,15:02:36.527,8.7500,6
54156527496498,15:02:36.527,8.7500,13
54156529273738,15:02:36.529,8.7500,381
54156529273738,15:02:36.529,8.7500,19
54176228671219,15:02:56.228,8.7500,30
54231691302897,15:03:51.691,8.7400,100
54231691302897,15:03:51.691,8.7400,100
54231691302897,15:03:51.691,8.7400,100
54231691302897,15:03:51.691,8.7400,100
54231692147735,15:03:51.692,8.7300,93
54231692147735,15:03:51.692,8.7300,100
54231692147735,15:03:51.692,8.7300,100
54231692147735,15:03:51.692,8.7300,7
54232721224796,15:03:52.721,8.7100,10
54232721224796,15:03:52.721,8.7100,90
54232721224796,15:03:52.721,8.7100,100
54232721224796,15:03:52.721,8.7100,5
54232721253522,15:03:52.721,8.7100,95
54262552483620,15:04:22.552,8.7100,5
54386402191204,15:06:26.402,8.7100,2
54386402191204,15:06:26.402,8.7100,3
54386402191204,15:06:26.402,8.7100,5
54386402191204,15:06:26.402,8.7100,7
54386402191204,15:06:26.402,8.7100,2
54386402191204,15:06:26.402,8.7100,1
54386402191204,15:06:26.402,8.7100,4
54386402191204,15:06:26.402,8.7100,1
54386402191204,15:06:26.402,8.7100,1
54386402191204,15:06:26.402,8.7100,2
54386402191204,15:06:26.402,8.7100,9
54386402191204,15:06:26.402,8.7100,1
54386402191204,15:06:26.402,8.7100,2
54386402191204,15:06:26.402,8.7100,9
54386402191204,15:06:26.402,8.7100,3
54386402191204,15:06:26.402,8.7100,1
54386402191204,15:06:26.402,8.7100,5
54386402191204,15:06:26.402,8.7100,3
54386402191204,15:06:26.402,8.7000,100
54386402191204,15:06:26.402,8.7000,39
54386402293771,15:06:26.402,8.7000,61
54386412457000,15:06:26.412,8.6900,100
54386412457000,15:06:26.412,8.6900,100
54386713889533,15:06:26.713,8.6900,100
54387314987700,15:06:27.314,8.6800,1
54387314987700,15:06:27.314,8.6800,19
54506752364403,15:08:26.752,8.6800,5
54584264575712,15:09:44.264,8.6700,2
54584264575712,15:09:44.264,8.6700,91
54641671797688,15:10:41.671,8.6800,100
54641671797688,15:10:41.671,8.6800,15
54658201585387,15:10:58.201,8.6700,70
54672139766058,15:11:12.139,8.6700,100
54750306495797,15:12:30.306,8.6600,14
54781317223866,15:13:01.317,8.6700,4
54781317223866,15:13:01.317,8.6700,1
54781317223866,15:13:01.317,8.6700,2
54781317223866,15:13:01.317,8.6600,85
54814769809739,15:13:34.769,8.6800,100
54814769809739,15:13:34.769,8.6800,30
54814769826818,15:13:34.769,8.6800,37
54814769849961,15:13:34.769,8.6800,33
54814769849961,15:13:34.769,8.6800,61
54814771409463,15:13:34.771,8.6900,7
54830159568225,15:13:50.159,8.6800,77
54830159669394,15:13:50.159,8.6800,23
54830160566123,15:13:50.160,8.6700,100
54830160592702,15:13:50.160,8.6700,100
54830160592702,15:13:50.160,8.6700,500
54831019783058,15:13:51.019,8.6700,100
54831129960809,15:13:51.129,8.6700,100
54831434898828,15:13:51.434,8.6700,100
54832005116384,15:13:52.005,8.6700,100
54832005116384,15:13:52.005,8.6700,100
54832441881861,15:13:52.441,8.6700,100
54834368530595,15:13:54.368,8.6700,100
54837383250056,15:13:57.383,8.6600,15
54837383250056,15:13:57.383,8.6600,56
54837384438190,15:13:57.384,8.6550,100
54847915418918,15:14:07.915,8.6600,100
54847915418918,15:14:07.915,8.6600,100
54847915418918,15:14:07.915,8.6600,100
54847916393626,15:14:07.916,8.6600,100
54847916757725,15:14:07.916,8.6600,100
54847917204478,15:14:07.917,8.6600,100
54854699507676,15:14:14.699,8.6650,100
54858698480131,15:14:18.698,8.6600,61
54928553865538,15:15:28.553,8.6700,26
54931999589982,15:15:31.999,8.6700,74
54931999589982,15:15:31.999,8.6700,19
54932923005284,15:15:32.923,8.6700,81
54932923005284,15:15:32.923,8.6700,100
54932923475153,15:15:32.923,8.6800,5
54932923476964,15:15:32.923,8.6800,1
54932923477558,15:15:32.923,8.6800,3
54932923478023,15:15:32.923,8.6800,3
54932923478515,15:15:32.923,8.6800,2
54932923481504,15:15:32.923,8.6800,1
54932923483419,15:15:32.923,8.6800,5
54932923483816,15:15:32.923,8.6800,1
54932923488742,15:15:32.923,8.6800,2
54932923489425,15:15:32.923,8.6800,1
54932923492891,15:15:32.923,8.6800,2
54932923494138,15:15:32.923,8.6800,2
54932923525889,15:15:32.923,8.6800,4
54933037177389,15:15:33.037,8.6700,100
55004450581515,15:16:44.450,8.6750,3
55004450581515,15:16:44.450,8.6750,2
55004450581515,15:16:44.450,8.6750,3
55004450581515,15:16:44.450,8.6750,4
55004450581515,15:16:44.450,8.6750,2
55004450581515,15:16:44.450,8.6750,3
55004450581515,15:16:44.450,8.6700,16
55004450581515,15:16:44.450,8.6700,15
55004450581515,15:16:44.450,8.6700,24
55126278998126,15:18:46.278,8.6700,100
55126278998126,15:18:46.278,8.6700,100
55131378527095,15:18:51.378,8.6700,100
55131381611698,15:18:51.381,8.6700,200
55143743614780,15:19:03.743,8.6600,62
55193066556716,15:19:53.066,8.6600,38
55193066556716,15:19:53.066,8.6600,23
55206513604657,15:20:06.513,8.6700,100
55206513604657,15:20:06.513,8.6700,100
55206513604657,15:20:06.513,8.6700,200
55206513668093,15:20:06.513,8.6700,100
55206513668093,15:20:06.513,8.6700,76
55206514022654,15:20:06.514,8.6700,33
55206514073989,15:20:06.514,8.6700,67
55211222816858,15:20:11.222,8.6800,100
55257683955631,15:20:57.683,8.6700,79
55333318960613,15:22:13.318,8.6700,21
55333318960613,15:22:13.318,8.6700,15
55333319033869,15:22:13.319,8.6700,36
55333319129006,15:22:13.319,8.6700,36
55333319949215,15:22:13.319,8.6700,13
55333319949215,15:22:13.319,8.6700,23
55346413046357,15:22:26.413,8.6700,77
55346413046357,15:22:26.413,8.6700,23
55346413278803,15:22:26.413,8.6700,63
55346413424387,15:22:26.413,8.6700,14
55346413424387,15:22:26.413,8.6700,3
55358360294487,15:22:38.360,8.6600,20
55463039023584,15:24:23.039,8.6600,26
55463039023584,15:24:23.039,8.6600,43
55519503046805,15:25:19.503,8.6600,7
55634337342361,15:27:14.337,8.6600,2
55634337576260,15:27:14.337,8.6600,3
55673144772572,15:27:53.144,8.6800,100
55673144772572,15:27:53.144,8.6800,13
55673144772572,15:27:53.144,8.6800,100
55673144772572,15:27:53.144,8.6800,1
55673144772572,15:27:53.144,8.6800,1
55673144772572,15:27:53.144,8.6800,1
55673145149749,15:27:53.145,8.6800,100
55673641295151,15:27:53.641,8.6800,53
55674792353512,15:27:54.792,8.6700,45
55677877019051,15:27:57.877,8.6800,100
55677887210375,15:27:57.887,8.6800,100
55679320975230,15:27:59.320,8.6700,64
55739878167867,15:28:59.878,8.6700,6
55790560426886,15:29:50.560,8.6800,1
55801201233460,15:30:01.201,8.6700,100
55801203505994,15:30:01.203,8.6700,10
55801203657304,15:30:01.203,8.6700,90
55801203657304,15:30:01.203,8.6700,2
55807234174240,15:30:07.234,8.6700,20
55807236830316,15:30:07.236,8.6600,25
55821607591255,15:30:21.607,8.6700,19
55903461820439,15:31:43.461,8.6600,20
55990944472351,15:33:10.944,8.6600,3
55990944594904,15:33:10.944,8.6600,77
55990946188739,15:33:10.946,8.6600,3
56009516551301,15:33:29.516,8.6600,35
56042252051611,15:34:02.252,8.6600,5
56102915753961,15:35:02.915,8.6600,94
56257369691014,15:37:37.369,8.6600,6
56257369691014,15:37:37.369,8.6600,17
56289838819896,15:38:09.838,8.6600,100
56289839561511,15:38:09.839,8.6700,97
56300542557276,15:38:20.542,8.6700,93
56376537780385,15:39:36.537,8.6800,100
56405014123330,15:40:05.014,8.6700,4
56405014123330,15:40:05.014,8.6700,2
56405014124931,15:40:05.014,8.6700,42
56405014139725,15:40:05.014,8.6700,26
56405014147232,15:40:05.014,8.6700,30
56405014147232,15:40:05.014,8.6700,49
56405014150490,15:40:05.014,8.6700,51
56405018432751,15:40:05.018,8.6600,100
56405018432751,15:40:05.018,8.6600,100
56405018432751,15:40:05.018,8.6600,100
56405176072678,15:40:05.176,8.6600,100
56406428486968,15:40:06.428,8.6550,100
56406428486968,15:40:06.428,8.6500,29
56406428486968,15:40:06.428,8.6500,71
56406428486968,15:40:06.428,8.6500,262
56406428486968,15:40:06.428,8.6500,100
56406428486968,15:40:06.428,8.6500,51
56406428486968,15:40:06.428,8.6500,200
56406428486968,15:40:06.428,8.6500,200
56406428521259,15:40:06.428,8.6500,100
56406430969375,15:40:06.430,8.6400,33
56406430971903,15:40:06.430,8.6400,17
56409101918374,15:40:09.101,8.6300,86
56422990754478,15:40:22.990,8.6400,20
56422990754478,15:40:22.990,8.6400,100
56422990754478,15:40:22.990,8.6400,1
56422990754478,15:40:22.990,8.6400,100
56422990754478,15:40:22.990,8.6400,1251
56422990796193,15:40:22.990,8.6400,49
56422990796193,15:40:22.990,8.6400,22
56422990819226,15:40:22.990,8.6400,78
56422991586181,15:40:22.991,8.6500,71
56422991813230,15:40:22.991,8.6500,29
56424229327460,15:40:24.229,8.6500,80
56427122877877,15:40:27.122,8.6600,100
56427272578557,15:40:27.272,8.6500,20
56427272578557,15:40:27.272,8.6500,22
56428229483403,15:40:28.229,8.6600,300
56428229483403,15:40:28.229,8.6600,100
56428229483403,15:40:28.229,8.6600,1
56438073810245,15:40:38.073,8.6500,200
56438074539228,15:40:38.074,8.6400,100
56438076432182,15:40:38.076,8.6200,14
56438076432182,15:40:38.076,8.6200,100
56438076432182,15:40:38.076,8.6200,86
56438076502788,15:40:38.076,8.6200,14
56438076502788,15:40:38.076,8.6200,200
56438077443188,15:40:38.077,8.6100,200
56438077443188,15:40:38.077,8.6100,100
56438077443188,15:40:38.077,8.6100,100
56438077443188,15:40:38.077,8.6100,1000
56440078089061,15:40:40.078,8.6100,15
56441078492616,15:40:41.078,8.6200,100
56448907991436,15:40:48.907,8.6100,17
56456003480217,15:40:56.003,8.6100,5
56456620405738,15:40:56.620,8.6100,43
56577092027364,15:42:57.092,8.6250,100
56623253082772,15:43:43.253,8.6100,6
56724747922453,15:45:24.747,8.6300,100
56724748627270,15:45:24.748,8.6300,100
56740294394792,15:45:40.294,8.6400,100
56740294394792,15:45:40.294,8.6400,100
56740294394792,15:45:40.294,8.6400,100
56740294394792,15:45:40.294,8.6400,45
56740294394792,15:45:40.294,8.6400,100
56740294394792,15:45:40.294,8.6400,1
56740294394792,15:45:40.294,8.6400,1
56740294394792,15:45:40.294,8.6400,1
56740294394792,15:45:40.294,8.6400,1
56743529425283,15:45:43.529,8.6500,100
56743529654993,15:45:43.529,8.6500,11
56752152503532,15:45:52.152,8.6400,35
56755186322485,15:45:55.186,8.6500,89
56755186322485,15:45:55.186,8.6500,11
56755186553002,15:45:55.186,8.6500,34
56755376335625,15:45:55.376,8.6500,55
56755376335625,15:45:55.376,8.6500,45
56755455025253,15:45:55.455,8.6500,55
56755455025253,15:45:55.455,8.6500,53
56777300033855,15:46:17.300,8.6500,193
56777300033855,15:46:17.300,8.6500,100
56777300033855,15:46:17.300,8.6500,100
56777300176866,15:46:17.300,8.6500,100
56858739881514,15:47:38.739,8.6500,27
56929249990341,15:48:49.249,8.6500,100
56929249990341,15:48:49.249,8.6500,100
56929249990341,15:48:49.249,8.6500,200
56929249990341,15:48:49.249,8.6500,1
56929249990341,15:48:49.249,8.6500,100
56929249990341,15:48:49.249,8.6500,1
56929249990341,15:48:49.249,8.6500,1
56929250258783,15:48:49.250,8.6500,5
56929250307625,15:48:49.250,8.6500,69
56929250355232,15:48:49.250,8.6500,11
56929250358471,15:48:49.250,8.6500,15
56929250358471,15:48:49.250,8.6500,19
56929250366157,15:48:49.250,8.6500,6
56929250378586,15:48:49.250,8.6500,66
56929250604265,15:48:49.250,8.6500,9
56932732924235,15:48:52.732,8.6600,100
56945681015370,15:49:05.681,8.6600,85
56945681250299,15:49:05.681,8.6600,15
56945681250299,15:49:05.681,8.6600,9
56947120366155,15:49:07.120,8.6600,91
56980284194247,15:49:40.284,8.6500,10
56980284194247,15:49:40.284,8.6500,42
56991002286138,15:49:51.002,8.6500,6
57099456465566,15:51:39.456,8.6700,3
57099456677381,15:51:39.456,8.6700,3
57099736836697,15:51:39.736,8.6600,20
57099736864213,15:51:39.736,8.6600,180
57099736864213,15:51:39.736,8.6600,120
57099736864213,15:51:39.736,8.6600,100
57099736864213,15:51:39.736,8.6600,100
57102076348530,15:51:42.076,8.6600,42
57102270046946,15:51:42.270,8.6600,5
57107682700024,15:51:47.682,8.6700,2
57107982981370,15:51:47.982,8.6700,100
57108287334172,15:51:48.287,8.6700,100
57117975397754,15:51:57.975,8.6600,40
57124628424811,15:52:04.628,8.6700,400
57138607444429,15:52:18.607,8.6600,60
57138607444429,15:52:18.607,8.6600,126
57138607444429,15:52:18.607,8.6600,14
57138607533866,15:52:18.607,8.6600,86
57138608508312,15:52:18.608,8.6600,62
57138608564993,15:52:18.608,8.6600,100
57138608653355,15:52:18.608,8.6600,151
57141679214822,15:52:21.679,8.6550,100
57146838112653,15:52:26.838,8.6500,43
57151583660536,15:52:31.583,8.6600,54
57151584564537,15:52:31.584,8.6600,146
57151957628645,15:52:31.957,8.6600,200
57154337738263,15:52:34.337,8.6500,36
57176429505971,15:52:56.429,8.6700,2
57176430850418,15:52:56.430,8.6700,90
57176431076759,15:52:56.431,8.6700,8
57185673664335,15:53:05.673,8.6700,100
57185673664335,15:53:05.673,8.6700,100
57185673664335,15:53:05.673,8.6700,100
57185673664335,15:53:05.673,8.6700,100
57186296308532,15:53:06.296,8.6700,100
57190484819786,15:53:10.484,8.6600,42
57199049712850,15:53:19.049,8.6800,100
57199049712850,15:53:19.049,8.6800,100
57307619429445,15:55:07.619,8.6650,53
57311460250770,15:55:11.460,8.6700,100
57311460583022,15:55:11.460,8.6700,37
57315076356765,15:55:15.076,8.6650,100
57315076356765,15:55:15.076,8.6650,100
57315082863531,15:55:15.082,8.6600,37
57315083275080,15:55:15.083,8.6600,10
57315084756394,15:55:15.084,8.6600,353
57315084756394,15:55:15.084,8.6600,100
57315084756394,15:55:15.084,8.6600,10
57315084756394,15:55:15.084,8.6600,100
57315084756394,15:55:15.084,8.6600,175
57315084756394,15:55:15.084,8.6600,100
57315084756394,15:55:15.084,8.6600,100
57315084756394,15:55:15.084,8.6600,10
57315084756394,15:55:15.084,8.6600,200
57315084756394,15:55:15.084,8.6600,100
57315100195895,15:55:15.100,8.6550,200
57315100195895,15:55:15.100,8.6500,100
57315100195895,15:55:15.100,8.6500,152
57324184430520,15:55:24.184,8.6600,100
57338681699261,15:55:38.681,8.6700,1
57338681699261,15:55:38.681,8.6700,49
57339518349314,15:55:39.518,8.6700,100
57343011654416,15:55:43.011,8.6650,100
57352011589772,15:55:52.011,8.6650,100
57383681796220,15:56:23.681,8.6700,51
57383681796220,15:56:23.681,8.6700,94
57385090028180,15:56:25.090,8.6650,35
57406399962211,15:56:46.399,8.6650,10
57411799516029,15:56:51.799,8.6700,6
57411799516029,15:56:51.799,8.6700,45
57411799516029,15:56:51.799,8.6700,49
57421470133731,15:57:01.470,8.6700,51
57421470133731,15:57:01.470,8.6700,70
57427626884328,15:57:07.626,8.6700,100
57452138765231,15:57:32.138,8.6700,79
57452138765231,15:57:32.138,8.6700,100
57452138765231,15:57:32.138,8.6700,21
57452139907630,15:57:32.139,8.6700,117
57452139907630,15:57:32.139,8.6700,100
57452139907630,15:57:32.139,8.6700,4
57452139907630,15:57:32.139,8.6700,19
57452143194899,15:57:32.143,8.6700,181
57452143194899,15:57:32.143,8.6700,19
57453028777463,15:57:33.028,8.6700,81
57453028777463,15:57:33.028,8.6700,19
57454680566126,15:57:34.680,8.6700,10
57454680752399,15:57:34.680,8.6700,171
57454680752399,15:57:34.680,8.6700,248
57454681229401,15:57:34.681,8.6700,1252
57454681229401,15:57:34.681,8.6700,90
57454681229401,15:57:34.681,8.6700,1200
57454724070097,15:57:34.724,8.6800,145
57454928784810,15:57:34.928,8.6800,100
57463682561055,15:57:43.682,8.6800,100
57468681389776,15:57:48.681,8.6800,100
57468686938853,15:57:48.686,8.6800,14
57469222654588,15:57:49.222,8.6800,100
57474888472854,15:57:54.888,8.6750,100
57476911925856,15:57:56.911,8.6750,100
57478679892552,15:57:58.679,8.6750,100
57487679110686,15:58:07.679,8.6750,100
57513679223593,15:58:33.679,8.6750,100
57545563694873,15:59:05.563,8.6800,100
57547046461100,15:59:07.046,8.6800,239
57551147455149,15:59:11.147,8.6800,47
57551147455149,15:59:11.147,8.6800,100
57551147455149,15:59:11.147,8.6800,53
57551379157615,15:59:11.379,8.6800,47
57551379157615,15:59:11.379,8.6800,253
57551616111146,15:59:11.616,8.6750,81
57552046334390,15:59:12.046,8.6800,100
57552698911806,15:59:12.698,8.6800,19
57553681817158,15:59:13.681,8.6800,15
57555190087913,15:59:15.190,8.6800,600
57555190131162,15:59:15.190,8.6800,100
57555190456685,15:59:15.190,8.6800,13
57555190456685,15:59:15.190,8.6800,87
57555190571927,15:59:15.190,8.6800,13
57555190571927,15:59:15.190,8.6800,87
57555440130404,15:59:15.440,8.6800,100
57556583490964,15:59:16.583,8.6800,200
57557043744671,15:59:17.043,8.6800,100
57557451203687,15:59:17.451,8.6750,26
57559245837835,15:59:19.245,8.6800,200
57559246236901,15:59:19.246,8.6800,13
57559246236901,15:59:19.246,8.6800,10
57559246236901,15:59:19.246,8.6800,6
57559246236901,15:59:19.246,8.6800,37
57559246236901,15:59:19.246,8.6800,5
57559246236901,15:59:19.246,8.6800,5
57559246236901,15:59:19.246,8.6800,24
57559247082935,15:59:19.247,8.6800,76
57559247082935,15:59:19.247,8.6800,100
57559500031237,15:59:19.500,8.6900,100
57559500031237,15:59:19.500,8.6900,100
57559502391176,15:59:19.502,8.6900,200
57560168385675,15:59:20.168,8.6900,100
57560179748699,15:59:20.179,8.6900,600
57560235110185,15:59:20.235,8.6900,100
57561683026589,15:59:21.683,8.6900,100
57562029703702,15:59:22.029,8.6900,100
57564616606137,15:59:24.616,8.6900,100
57564616606137,15:59:24.616,8.6900,100
57565044254602,15:59:25.044,8.7000,120
57565044254602,15:59:25.044,8.7000,100
57565044254602,15:59:25.044,8.7000,280
57565101836477,15:59:25.101,8.7000,100
57565681352701,15:59:25.681,8.7000,100
57566829079866,15:59:26.829,8.7000,100
57567046387896,15:59:27.046,8.7000,100
57567253108435,15:59:27.253,8.7000,120
57567253108435,15:59:27.253,8.7000,80
57568003859333,15:59:28.003,8.7000,20
57568003859333,15:59:28.003,8.7000,7
57568003859333,15:59:28.003,8.7000,373
57570032701445,15:59:30.032,8.7000,100
57570037946440,15:59:30.037,8.7000,27
57570037946440,15:59:30.037,8.7000,73
57570038931440,15:59:30.038,8.7000,1
57570136735603,15:59:30.136,8.7000,26
57570136735603,15:59:30.136,8.7000,15
57571200276393,15:59:31.200,8.7100,15
57571204561636,15:59:31.204,8.7100,85
57571204561636,15:59:31.204,8.7100,115
57571205195312,15:59:31.205,8.7100,342
57571208856828,15:59:31.208,8.7100,200
57571216410533,15:59:31.216,8.7100,9
57571727199657,15:59:31.727,8.7100,100
57571744670838,15:59:31.744,8.7000,22
57571744670838,15:59:31.744,8.7000,2
57572030209940,15:59:32.030,8.7100,34
57572030209940,15:59:32.030,8.7100,166
57572322370930,15:59:32.322,8.7100,100
57572322727242,15:59:32.322,8.7100,83
57573862428701,15:59:33.862,8.7100,140
57574710058106,15:59:34.710,8.7100,82
57574762936545,15:59:34.762,8.7100,75
57575031224064,15:59:35.031,8.7100,700
57575680622954,15:59:35.680,8.7100,54
57575680622954,15:59:35.680,8.7100,46
57577222379951,15:59:37.222,8.7100,77
57578084603937,15:59:38.084,8.7100,77
57578084603937,15:59:38.084,8.7100,23
57580298580467,15:59:40.298,8.7100,77
57580298580467,15:59:40.298,8.7100,523
57580313673445,15:59:40.313,8.7100,100
57580342471104,15:59:40.342,8.7100,100
57580913809293,15:59:40.913,8.7100,177
57580913809293,15:59:40.913,8.7100,23
57580967991606,15:59:40.967,8.7100,100
57584681382785,15:59:44.681,8.7100,100
57585181826498,15:59:45.181,8.7100,700
57585301007945,15:59:45.301,8.7100,100
57587041663479,15:59:47.041,8.7100,200
57587046836889,15:59:47.046,8.7100,43
57587080183255,15:59:47.080,8.7100,100
57587112081448,15:59:47.112,8.7100,34
57587112081448,15:59:47.112,8.7100,100
57587112081448,15:59:47.112,8.7100,100
57587112081448,15:59:47.112,8.7100,66
57587112285616,15:59:47.112,8.7100,134
57587112313376,15:59:47.112,8.7100,666
57587116216521,15:59:47.116,8.7050,100
57587116216521,15:59:47.116,8.7100,100
57588031074045,15:59:48.031,8.7100,34
57588031074045,15:59:48.031,8.7100,66
57590084157181,15:59:50.084,8.7100,10
57590123619009,15:59:50.123,8.7000,2
57590123647859,15:59:50.123,8.7000,613
57590123647859,15:59:50.123,8.7000,284
57590123647859,15:59:50.123,8.7000,384
57590124504406,15:59:50.124,8.7000,274
57590124504406,15:59:50.124,8.7000,100
57590124504406,15:59:50.124,8.7000,800
57590124504406,15:59:50.124,8.7000,83
57590124504406,15:59:50.124,8.7000,100
57590124504406,15:59:50.124,8.7000,100
57590124504406,15:59:50.124,8.7000,100
57590124504406,15:59:50.124,8.7000,300
57590124545087,15:59:50.124,8.7000,10
57590124545087,15:59:50.124,8.7000,10
57590136930164,15:59:50.136,8.7000,100
57590136930164,15:59:50.136,8.7000,100
57590151286086,15:59:50.151,8.7000,100
57590174498165,15:59:50.174,8.7100,24
57590174498165,15:59:50.174,8.7100,100
57590506306793,15:59:50.506,8.7100,100
57593717133386,15:59:53.717,8.7000,100
57594110671419,15:59:54.110,8.7000,11
57595046828269,15:59:55.046,8.7100,20
57595766168877,15:59:55.766,8.7100,80
57595766168877,15:59:55.766,8.7100,100
57595766168877,15:59:55.766,8.7100,100
57595766771813,15:59:55.766,8.7200,20
57595799778853,15:59:55.799,8.7100,100
57595799778853,15:59:55.799,8.7200,80
57595799778853,15:59:55.799,8.7200,20
57595809160642,15:59:55.809,8.7000,5
57596017048223,15:59:56.017,8.7000,200
57596017048223,15:59:56.017,8.7000,100
57596017048223,15:59:56.017,8.7000,284
57596017048223,15:59:56.017,8.7000,658
57596017048223,15:59:56.017,8.7000,10
57596017083270,15:59:56.017,8.7000,605
57596017083270,15:59:56.017,8.7000,100
57596017094203,15:59:56.017,8.7000,180
57596025472716,15:59:56.025,8.7050,100
57596025472716,15:59:56.025,8.7100,100
57596037091973,15:59:56.037,8.7100,100
57597051704118,15:59:57.051,8.7100,100
57597755337485,15:59:57.755,8.7000,5
57597802595551,15:59:57.802,8.7100,100
57597803281522,15:59:57.803,8.7100,100
57597803369765,15:59:57.803,8.7100,100
57598009943978,15:59:58.009,8.7100,100
57598009943978,15:59:58.009,8.7100,100
57599404120068,15:59:59.404,8.7200,300
57599903417854,15:59:59.903,8.7200,80
57599903417854,15:59:59.903,8.7200,120
57600469345641,16:00:00.469,8.7100,62775
