timestamp,time,price,volume
33985187732198,09:26:25.187,5.5000,1
34080161847240,09:28:00.161,5.5300,200
34080161847240,09:28:00.161,5.5900,300
34080161847240,09:28:00.161,5.6000,1
34080161847240,09:28:00.161,5.6000,13
34080161847240,09:28:00.161,5.6000,420
34080162558951,09:28:00.162,5.6500,1
34080162585732,09:28:00.162,5.6600,1
34080162585732,09:28:00.162,5.6600,198
34093693942469,09:28:13.693,5.6700,1
34144432611713,09:29:04.432,5.7500,35
34144432611713,09:29:04.432,5.7600,65
34200156722213,09:30:00.156,5.7500,122171
34200917856603,09:30:00.917,5.7400,100
34200925909775,09:30:00.925,5.7400,200
34200933555848,09:30:00.933,5.7300,1
34200933555848,09:30:00.933,5.7300,3
34200933555848,09:30:00.933,5.7300,20
34200933555848,09:30:00.933,5.7300,5
34200933555848,09:30:00.933,5.7300,5
34200933555848,09:30:00.933,5.7300,3
34200933555848,09:30:00.933,5.7300,6
34200933555848,09:30:00.933,5.7300,7
34200933555848,09:30:00.933,5.7300,5
34200933555848,09:30:00.933,5.7300,2
34200933555848,09:30:00.933,5.7300,43
34200933555848,09:30:00.933,5.7300,1
34200933555848,09:30:00.933,5.7300,1
34200933555848,09:30:00.933,5.7300,1
34200933555848,09:30:00.933,5.7300,2
34200933555848,09:30:00.933,5.7300,10
34200933555848,09:30:00.933,5.7300,3
34200933555848,09:30:00.933,5.7300,1
34200933555848,09:30:00.933,5.7300,1
34200933555848,09:30:00.933,5.7300,4
34200933555848,09:30:00.933,5.7300,2
34200933555848,09:30:00.933,5.7300,2
34200933555848,09:30:00.933,5.7300,1
34200934632200,09:30:00.934,5.7300,100
34200934632200,09:30:00.934,5.7300,71
34200934632200,09:30:00.934,5.7300,29
34200952015002,09:30:00.952,5.7300,42
34201519298312,09:30:01.519,5.7300,100
34202164540431,09:30:02.164,5.7500,58
34207780627616,09:30:07.780,5.7000,100
34207780627616,09:30:07.780,5.7000,103
34207785504155,09:30:07.785,5.6800,100
34207785504155,09:30:07.785,5.6700,10
34207785504155,09:30:07.785,5.6700,90
34225922094305,09:30:25.922,5.6900,20
34279831931439,09:31:19.831,5.6600,100
34279831931439,09:31:19.831,5.6600,100
34279832387587,09:31:19.832,5.6600,100
34279834371115,09:31:19.834,5.6500,3
34290962561500,09:31:30.962,5.6000,100
34290962561500,09:31:30.962,5.6000,220
34353216920435,09:32:33.216,5.6000,100
34375099185746,09:32:55.099,5.6000,100
34375099185746,09:32:55.099,5.6000,151
34375099964794,09:32:55.099,5.6000,100
34375099964794,09:32:55.099,5.6000,50
34375100018032,09:32:55.100,5.6000,50
34380997157192,09:33:00.997,5.6200,2
34380998846905,09:33:00.998,5.6200,100
34385147383884,09:33:05.147,5.6200,100
34407653539477,09:33:27.653,5.6200,5
34428987918843,09:33:48.987,5.6250,200
34428988601999,09:33:48.988,5.6250,200
34428988601999,09:33:48.988,5.6250,200
34428988843004,09:33:48.988,5.6300,25
34428993168294,09:33:48.993,5.6400,4
34429000144132,09:33:49.000,5.6300,100
34429000144132,09:33:49.000,5.6300,100
34429000144132,09:33:49.000,5.6300,200
34429026891534,09:33:49.026,5.6100,100
34432867120297,09:33:52.867,5.6000,100
34432867120297,09:33:52.867,5.6000,100
34566398690074,09:36:06.398,5.5900,10
34566398690074,09:36:06.398,5.5900,100
34581890805395,09:36:21.890,5.6000,100
34581890805395,09:36:21.890,5.6000,320
34616534037860,09:36:56.534,5.6100,100
34616541525997,09:36:56.541,5.6200,20
34665505777366,09:37:45.505,5.6400,100
34713141815739,09:38:33.141,5.6400,100
34717240888331,09:38:37.240,5.6600,1000
34767832894589,09:39:27.832,5.6700,100
34858432725688,09:40:58.432,5.6500,100
34858432725688,09:40:58.432,5.6500,244
34858432836365,09:40:58.432,5.6500,76
34858432836365,09:40:58.432,5.6500,480
34858432836365,09:40:58.432,5.6500,100
34867647787440,09:41:07.647,5.6300,100
34867647787440,09:41:07.647,5.6300,100
34970240482774,09:42:50.240,5.6500,25
34970240482774,09:42:50.240,5.6500,75
34970698644397,09:42:50.698,5.6500,25
34970698644397,09:42:50.698,5.6500,75
34970698683812,09:42:50.698,5.6500,25
34970698705627,09:42:50.698,5.6500,100
34970700556330,09:42:50.700,5.6500,10
34970700582078,09:42:50.700,5.6500,100
34970700582078,09:42:50.700,5.6500,100
35008816016382,09:43:28.816,5.6500,100
35034157995479,09:43:54.157,5.6500,100
35042911592940,09:44:02.911,5.6500,100
35079016055424,09:44:39.016,5.6500,100
35098097715874,09:44:58.097,5.6400,200
35098097774908,09:44:58.097,5.6400,100
35100055787932,09:45:00.055,5.6400,29
35108107946400,09:45:08.107,5.6400,100
35108107987780,09:45:08.107,5.6400,100
35122955758569,09:45:22.955,5.6500,500
35122955758569,09:45:22.955,5.6500,100
35122955758569,09:45:22.955,5.6500,200
35122955758569,09:45:22.955,5.6500,1000
35122955853079,09:45:22.955,5.6400,200
35122955853079,09:45:22.955,5.6400,100
35122956192362,09:45:22.956,5.6400,200
35122956192362,09:45:22.956,5.6400,100
35122956192362,09:45:22.956,5.6400,100
35122956192362,09:45:22.956,5.6400,100
35128235057648,09:45:28.235,5.6300,100
35128235088888,09:45:28.235,5.6300,100
35128235088888,09:45:28.235,5.6300,300
35128369280296,09:45:28.369,5.6100,100
35150205903621,09:45:50.205,5.6100,100
35176274627402,09:46:16.274,5.6100,100
35184463695100,09:46:24.463,5.5900,245
35184463695100,09:46:24.463,5.5900,100
35241482259354,09:47:21.482,5.5800,100
35250228399277,09:47:30.228,5.5800,100
35250228399277,09:47:30.228,5.5800,100
35272567695878,09:47:52.567,5.5800,100
35307653937727,09:48:27.653,5.5700,57
35307653937727,09:48:27.653,5.5700,43
35401129273533,09:50:01.129,5.5500,100
35406954051430,09:50:06.954,5.5450,100
35416447331085,09:50:16.447,5.5500,11
35416447331085,09:50:16.447,5.5500,157
35459272702162,09:50:59.272,5.6000,100
35462238877879,09:51:02.238,5.5900,100
35474081521235,09:51:14.081,5.6000,100
35474081521235,09:51:14.081,5.6000,60
35474081521235,09:51:14.081,5.6000,40
35490362357876,09:51:30.362,5.6000,100
35521690844707,09:52:01.690,5.6100,100
35522021525072,09:52:02.021,5.6100,100
35532104939939,09:52:12.104,5.6150,100
35550055056415,09:52:30.055,5.6100,100
35574877225802,09:52:54.877,5.6100,100
35583137493963,09:53:03.137,5.6100,100
35694249666489,09:54:54.249,5.6200,100
35694249745963,09:54:54.249,5.6200,100
35694249745963,09:54:54.249,5.6200,100
35694254026595,09:54:54.254,5.6300,200
35695086342119,09:54:55.086,5.6300,200
35695096497780,09:54:55.096,5.6300,100
35700085679959,09:55:00.085,5.6200,100
35701449673646,09:55:01.449,5.6100,100
35705207169300,09:55:05.207,5.6100,100
35723773674356,09:55:23.773,5.6200,100
35723773674356,09:55:23.773,5.6200,100
35723773823974,09:55:23.773,5.6200,100
35723777481871,09:55:23.777,5.6100,100
35723777481871,09:55:23.777,5.6100,100
35723777481871,09:55:23.777,5.6100,100
35727468626564,09:55:27.468,5.6000,100
35727469765780,09:55:27.469,5.5900,600
35728521521112,09:55:28.521,5.5900,100
35728521521112,09:55:28.521,5.5900,200
35761940349105,09:56:01.940,5.5900,200
35761940349105,09:56:01.940,5.5900,100
35761940349105,09:56:01.940,5.5900,100
35761940532012,09:56:01.940,5.5850,400
35761940532012,09:56:01.940,5.5900,100
35761940532012,09:56:01.940,5.5900,200
35761970575598,09:56:01.970,5.5900,200
35761970935754,09:56:01.970,5.5800,100
35761970935754,09:56:01.970,5.5800,100
35763973964791,09:56:03.973,5.5700,100
35763973999626,09:56:03.973,5.5700,100
35763973999626,09:56:03.973,5.5700,100
35765083729310,09:56:05.083,5.5700,100
35765083729310,09:56:05.083,5.5700,100
35765083729310,09:56:05.083,5.5700,100
35765083729310,09:56:05.083,5.5700,200
35779390335475,09:56:19.390,5.5800,59
35785220552555,09:56:25.220,5.5750,100
35806506769861,09:56:46.506,5.5750,100
35809507683940,09:56:49.507,5.5700,100
35833602087753,09:57:13.602,5.5700,100
35862052186707,09:57:42.052,5.5700,2
35862139089077,09:57:42.139,5.5700,2
35863050303355,09:57:43.050,5.5700,2
35863090677530,09:57:43.090,5.5700,2
35863148719362,09:57:43.148,5.5700,2
35863149493330,09:57:43.149,5.5700,100
35863149493330,09:57:43.149,5.5700,100
35863149493330,09:57:43.149,5.5700,100
35863385425170,09:57:43.385,5.5600,2
35863496955829,09:57:43.496,5.5600,2
35863547535849,09:57:43.547,5.5600,2
35863585109483,09:57:43.585,5.5600,2
35863809474269,09:57:43.809,5.5600,2
35864724302979,09:57:44.724,5.5700,100
35911962901842,09:58:31.962,5.5800,100
35939094030050,09:58:59.094,5.5800,100
35939237575926,09:58:59.237,5.5800,200
35939237612203,09:58:59.237,5.5800,20
35972227371326,09:59:32.227,5.5900,100
35987096450767,09:59:47.096,5.5800,100
35987096450767,09:59:47.096,5.5800,100
35987097037586,09:59:47.097,5.5700,100
35987097037586,09:59:47.097,5.5700,200
35987097037586,09:59:47.097,5.5700,100
35987097611052,09:59:47.097,5.5700,100
35987097611052,09:59:47.097,5.5700,100
35987097611052,09:59:47.097,5.5700,100
35987097611052,09:59:47.097,5.5700,100
35987098698189,09:59:47.098,5.5650,400
35987098698189,09:59:47.098,5.5600,92
35987098698189,09:59:47.098,5.5600,100
35987098698189,09:59:47.098,5.5600,100
35987098698189,09:59:47.098,5.5600,100
35987098698189,09:59:47.098,5.5600,708
35987098739866,09:59:47.098,5.5600,392
35987099405912,09:59:47.099,5.5550,400
35987099405912,09:59:47.099,5.5500,100
35987099405912,09:59:47.099,5.5500,100
35987099405912,09:59:47.099,5.5500,100
35987099405912,09:59:47.099,5.5500,100
35987099405912,09:59:47.099,5.5500,200
35987100185688,09:59:47.100,5.5450,400
35987100185688,09:59:47.100,5.5400,100
35987100185688,09:59:47.100,5.5400,100
35987100185688,09:59:47.100,5.5400,100
35987100185688,09:59:47.100,5.5400,100
35987100185688,09:59:47.100,5.5400,200
35987100334218,09:59:47.100,5.5400,100
35987100965962,09:59:47.100,5.5400,100
35987100965962,09:59:47.100,5.5400,500
35987100965962,09:59:47.100,5.5400,100
35987100965962,09:59:47.100,5.5400,100
35987101578084,09:59:47.101,5.5300,100
35987101578084,09:59:47.101,5.5300,100
35987101578084,09:59:47.101,5.5300,100
35987101578084,09:59:47.101,5.5300,200
35987102172494,09:59:47.102,5.5300,100
35987102172494,09:59:47.102,5.5300,100
35987102172494,09:59:47.102,5.5300,100
35987102214011,09:59:47.102,5.5300,100
35987102214011,09:59:47.102,5.5300,100
35987102214011,09:59:47.102,5.5200,100
35987102214011,09:59:47.102,5.5200,200
35987103289950,09:59:47.103,5.5200,100
35987103289950,09:59:47.103,5.5200,100
35987103552147,09:59:47.103,5.5200,100
35987103586122,09:59:47.103,5.5300,100
35987103586122,09:59:47.103,5.5300,100
35988277401512,09:59:48.277,5.5500,100
35988277401512,09:59:48.277,5.5500,100
35995167270730,09:59:55.167,5.5500,100
35995167398127,09:59:55.167,5.5500,100
35995167398127,09:59:55.167,5.5500,100
35995167722647,09:59:55.167,5.5500,100
35995167722647,09:59:55.167,5.5500,100
35995167722647,09:59:55.167,5.5500,100
35999022583412,09:59:59.022,5.5700,100
35999022583412,09:59:59.022,5.5700,100
36040246510529,10:00:40.246,5.5800,100
36103023706661,10:01:43.023,5.5900,100
36109151427291,10:01:49.151,5.5900,100
36118231590929,10:01:58.231,5.5900,100
36155526978692,10:02:35.526,5.5900,20
36155526978692,10:02:35.526,5.5900,80
36155527020739,10:02:35.527,5.5900,20
36160297005645,10:02:40.297,5.5900,400
36160298404925,10:02:40.298,5.5800,100
36160298481357,10:02:40.298,5.5800,100
36160298515543,10:02:40.298,5.5800,300
36235250083764,10:03:55.250,5.5800,100
36256684924236,10:04:16.684,5.5750,100
36270220867784,10:04:30.220,5.5800,100
36280780123747,10:04:40.780,5.5800,55
36280780123747,10:04:40.780,5.5800,45
36326208229864,10:05:26.208,5.5800,21
36326270920412,10:05:26.270,5.5800,100
36337072334259,10:05:37.072,5.5900,100
36337072334259,10:05:37.072,5.5900,100
36347256227769,10:05:47.256,5.5800,100
36399331400399,10:06:39.331,5.5850,100
36408223650542,10:06:48.223,5.5900,100
36408223650542,10:06:48.223,5.5900,100
36431174686088,10:07:11.174,5.6000,70
36453568420742,10:07:33.568,5.5950,100
36491718166427,10:08:11.718,5.5950,100
36506246798980,10:08:26.246,5.5950,100
36520814476751,10:08:40.814,5.5950,100
36532131440823,10:08:52.131,5.5950,200
36551116112797,10:09:11.116,5.5900,100
36553067176877,10:09:13.067,5.5900,100
36553067214193,10:09:13.067,5.5900,200
36557963062774,10:09:17.963,5.5900,100
36563182056752,10:09:23.182,5.5900,100
36574649336119,10:09:34.649,5.5800,100
36585254711377,10:09:45.254,5.5900,100
36585254711377,10:09:45.254,5.5900,100
36596076015453,10:09:56.076,5.6000,30
36596076015453,10:09:56.076,5.6000,70
36651688659956,10:10:51.688,5.5900,100
36653252984178,10:10:53.252,5.5850,100
36656132398768,10:10:56.132,5.5850,200
36656135764957,10:10:56.135,5.5800,100
36656135764957,10:10:56.135,5.5800,100
36669317346916,10:11:09.317,5.5800,100
36678710242974,10:11:18.710,5.5750,200
36678710751293,10:11:18.710,5.5700,100
36678711766190,10:11:18.711,5.5700,100
36678711808104,10:11:18.711,5.5700,300
36678711861102,10:11:18.711,5.5700,100
36678711905329,10:11:18.711,5.5700,100
36678711905329,10:11:18.711,5.5700,100
36678711905329,10:11:18.711,5.5700,100
36678712954951,10:11:18.712,5.5700,100
36678719983169,10:11:18.719,5.5750,300
36705144822590,10:11:45.144,5.5800,77
36705144822590,10:11:45.144,5.5800,23
36744157899328,10:12:24.157,5.5800,100
36744157899328,10:12:24.157,5.5800,100
36744158377564,10:12:24.158,5.5800,100
36744162960694,10:12:24.162,5.5800,100
36793227263470,10:13:13.227,5.5900,200
36793227299923,10:13:13.227,5.5900,100
36793227311878,10:13:13.227,5.5900,100
36799537463064,10:13:19.537,5.5950,100
36827634921200,10:13:47.634,5.5950,100
36859756022889,10:14:19.756,5.5950,100
36893864211858,10:14:53.864,5.5950,100
36913663535753,10:15:13.663,5.5900,100
36914116436585,10:15:14.116,5.5900,100
36918236498750,10:15:18.236,5.5900,100
36926527314885,10:15:26.527,5.5900,100
36964242916462,10:16:04.242,5.5900,100
36993154145708,10:16:33.154,5.5850,200
36993154145708,10:16:33.154,5.5850,400
36993154145708,10:16:33.154,5.5800,100
36993154145708,10:16:33.154,5.5800,100
36993154235970,10:16:33.154,5.5800,100
36993154235970,10:16:33.154,5.5800,50
36993155300952,10:16:33.155,5.5800,100
36993155366167,10:16:33.155,5.5800,149
36993184746963,10:16:33.184,5.5800,100
36993256925685,10:16:33.256,5.5800,100
37068348017248,10:17:48.348,5.5850,100
37092454027871,10:18:12.454,5.5800,100
37101431559211,10:18:21.431,5.5800,100
37105618715372,10:18:25.618,5.5800,2
37114651661218,10:18:34.651,5.5700,2
37162121007911,10:19:22.121,5.5700,2
37194250185350,10:19:54.250,5.5800,100
37199101971412,10:19:59.101,5.5850,100
37217695968681,10:20:17.695,5.5900,100
37217696254583,10:20:17.696,5.5900,100
37236438004355,10:20:36.438,5.5900,2
37287802050119,10:21:27.802,5.5950,100
37321215292499,10:22:01.215,5.5950,200
37326872439757,10:22:06.872,5.6000,100
37348923450236,10:22:28.923,5.6000,100
37382996678060,10:23:02.996,5.6000,100
37382996862369,10:23:02.996,5.6000,230
37382997096338,10:23:02.997,5.6000,1
37382997096338,10:23:02.997,5.6000,84
37382997112563,10:23:02.997,5.6000,16
37385455386844,10:23:05.455,5.6050,300
37385455501428,10:23:05.455,5.6000,100
37402895466975,10:23:22.895,5.5900,100
37428075143237,10:23:48.075,5.5900,100
37430523731328,10:23:50.523,5.5900,100
37430523731328,10:23:50.523,5.5900,100
37442266000355,10:24:02.266,5.5800,100
37442318346747,10:24:02.318,5.5700,2
37442365042761,10:24:02.365,5.5700,2
37442547975447,10:24:02.547,5.5750,2
37442593608876,10:24:02.593,5.5750,2
37462994596941,10:24:22.994,5.5700,2
37463044869100,10:24:23.044,5.5700,2
37463096542078,10:24:23.096,5.5700,2
37463180438624,10:24:23.180,5.5700,2
37463305595461,10:24:23.305,5.5700,2
37489004849338,10:24:49.004,5.5700,84
37489004849338,10:24:49.004,5.5700,100
37489004849338,10:24:49.004,5.5600,66
37489011635778,10:24:49.011,5.5600,34
37489011635778,10:24:49.011,5.5600,100
37489011635778,10:24:49.011,5.5600,100
37489011635778,10:24:49.011,5.5600,100
37489011635778,10:24:49.011,5.5500,66
37489019913083,10:24:49.019,5.5550,400
37489019913083,10:24:49.019,5.5500,34
37489019913083,10:24:49.019,5.5500,100
37489019913083,10:24:49.019,5.5500,66
37489019943239,10:24:49.019,5.5500,200
37489019943239,10:24:49.019,5.5500,1100
37489019943239,10:24:49.019,5.5500,100
37489019943239,10:24:49.019,5.5500,300
37489019943239,10:24:49.019,5.5500,100
37490437763204,10:24:50.437,5.5450,200
37503015829424,10:25:03.015,5.5400,50
37516550390377,10:25:16.550,5.5300,2
37516602511380,10:25:16.602,5.5300,2
37516659084859,10:25:16.659,5.5300,2
37516835816634,10:25:16.835,5.5300,2
37516892647257,10:25:16.892,5.5300,2
37516936845040,10:25:16.936,5.5300,2
37516994283179,10:25:16.994,5.5300,2
37517071575633,10:25:17.071,5.5300,2
37517073827897,10:25:17.073,5.5300,2
37517109242196,10:25:17.109,5.5300,2
37529661587366,10:25:29.661,5.5300,2
37529710581268,10:25:29.710,5.5300,2
37529794441877,10:25:29.794,5.5300,2
37529896622117,10:25:29.896,5.5300,2
37529943737643,10:25:29.943,5.5300,2
37529995208662,10:25:29.995,5.5300,2
37530041197838,10:25:30.041,5.5300,2
37530119536748,10:25:30.119,5.5300,2
37530296620967,10:25:30.296,5.5300,2
37538973003270,10:25:38.973,5.5300,2
37539048718486,10:25:39.048,5.5300,2
37539074632248,10:25:39.074,5.5300,2
37563145165707,10:26:03.145,5.5400,100
37563145165707,10:26:03.145,5.5400,190
37563145551274,10:26:03.145,5.5400,100
37570294826050,10:26:10.294,5.5450,2
37570348973175,10:26:10.348,5.5400,2
37655008430149,10:27:35.008,5.5600,100
37655035731058,10:27:35.035,5.5600,200
37666843183237,10:27:46.843,5.5600,2
37696002468510,10:28:16.002,5.5600,2
37696054416727,10:28:16.054,5.5600,2
37696100844934,10:28:16.100,5.5600,2
37696147382545,10:28:16.147,5.5600,2
37696248478668,10:28:16.248,5.5600,2
37696308216382,10:28:16.308,5.5600,2
37696365260936,10:28:16.365,5.5600,2
37696442242309,10:28:16.442,5.5600,2
37696475634234,10:28:16.475,5.5600,2
37701854273666,10:28:21.854,5.5700,100
37704196870234,10:28:24.196,5.5700,100
37704196870234,10:28:24.196,5.5700,150
37772316203670,10:29:32.316,5.5600,2
37772365556442,10:29:32.365,5.5600,2
37772365581173,10:29:32.365,5.5600,96
37772365581173,10:29:32.365,5.5600,1700
37772365686052,10:29:32.365,5.5500,200
37772365686052,10:29:32.365,5.5500,100
37772365686052,10:29:32.365,5.5500,100
37772365686052,10:29:32.365,5.5500,100
37772366143223,10:29:32.366,5.5500,100
37772366143223,10:29:32.366,5.5500,100
37772384501202,10:29:32.384,5.5500,100
37772408489605,10:29:32.408,5.5500,41
37772408489605,10:29:32.408,5.5500,59
37772465521126,10:29:32.465,5.5500,41
37772465521126,10:29:32.465,5.5500,159
37772489105619,10:29:32.489,5.5450,100
37772511102524,10:29:32.511,5.5450,100
37772537106748,10:29:32.537,5.5450,100
37772558988645,10:29:32.558,5.5500,100
37772579285726,10:29:32.579,5.5500,100
37772649199777,10:29:32.649,5.5500,2
37772661119012,10:29:32.661,5.5500,100
37772887092411,10:29:32.887,5.5400,2
37772928512243,10:29:32.928,5.5400,27
37781984136770,10:29:41.984,5.5400,2
37782035818384,10:29:42.035,5.5400,2
37782374174969,10:29:42.374,5.5400,2
37800097778918,10:30:00.097,5.5400,100
37831467477622,10:30:31.467,5.5500,2
37831518336056,10:30:31.518,5.5500,2
37831566987625,10:30:31.566,5.5550,2
37831611540856,10:30:31.611,5.5550,2
37831721310580,10:30:31.721,5.5550,2
37831769892789,10:30:31.769,5.5550,2
37831811051883,10:30:31.811,5.5550,2
37831879759279,10:30:31.879,5.5550,2
37831897608909,10:30:31.897,5.5550,2
37831949125992,10:30:31.949,5.5550,2
37841707259033,10:30:41.707,5.5700,2
37841759411665,10:30:41.759,5.5600,2
37841809064419,10:30:41.809,5.5600,2
37841957541911,10:30:41.957,5.5600,2
37842006404480,10:30:42.006,5.5600,2
37842053851429,10:30:42.053,5.5600,2
37842102559939,10:30:42.102,5.5600,2
37842160834283,10:30:42.160,5.5600,2
37842206870824,10:30:42.206,5.5600,2
37842256673287,10:30:42.256,5.5650,2
37842304172614,10:30:42.304,5.5650,2
37842452365619,10:30:42.452,5.5650,2
37842474196954,10:30:42.474,5.5650,2
37842525389269,10:30:42.525,5.5650,2
37842571758064,10:30:42.571,5.5650,2
37842621352115,10:30:42.621,5.5650,2
37842655189180,10:30:42.655,5.5650,2
37842661201437,10:30:42.661,5.5650,2
37842878574674,10:30:42.878,5.5650,2
37845191894306,10:30:45.191,5.5700,9
37848204826384,10:30:48.204,5.5800,100
37848224779007,10:30:48.224,5.5800,100
37848224779007,10:30:48.224,5.5800,100
37956290141509,10:32:36.290,5.5850,2
37995002835289,10:33:15.002,5.5900,100
38003592499177,10:33:23.592,5.5900,2
38052152828771,10:34:12.152,5.5950,2
38071811148515,10:34:31.811,5.6000,100
38076583780953,10:34:36.583,5.5900,2
38080550125201,10:34:40.550,5.6000,100
38080550125201,10:34:40.550,5.6000,100
38096800486600,10:34:56.800,5.6100,300
38096800524631,10:34:56.800,5.6100,100
38096800524631,10:34:56.800,5.6100,1
38134939074867,10:35:34.939,5.6100,100
38134939074867,10:35:34.939,5.6100,100
38134939074867,10:35:34.939,5.6100,79
38141069226548,10:35:41.069,5.6000,2
38234404277412,10:37:14.404,5.6000,98
38234404277412,10:37:14.404,5.6000,3500
38234404363554,10:37:14.404,5.5900,100
38234404363554,10:37:14.404,5.5900,100
38234404363554,10:37:14.404,5.5900,100
38234404363554,10:37:14.404,5.5900,200
38234404363554,10:37:14.404,5.5900,12
38234404368655,10:37:14.404,5.5900,88
38234405196025,10:37:14.405,5.5900,100
38234405196025,10:37:14.405,5.5900,100
38272151700851,10:37:52.151,5.5950,100
38297176968555,10:38:17.176,5.6000,100
38342261406869,10:39:02.261,5.6000,100
38348208226228,10:39:08.208,5.6000,100
38387347072309,10:39:47.347,5.6000,100
38439448203853,10:40:39.448,5.6000,100
38446254856174,10:40:46.254,5.6000,100
38446254856174,10:40:46.254,5.6000,100
38564965419552,10:42:44.965,5.5950,200
38564965419552,10:42:44.965,5.5950,100
38564965419552,10:42:44.965,5.5900,100
38564965419552,10:42:44.965,5.5900,100
38564965419552,10:42:44.965,5.5900,100
38564965419552,10:42:44.965,5.5900,100
38564965419552,10:42:44.965,5.5900,100
38564965419552,10:42:44.965,5.5900,100
38568048254026,10:42:48.048,5.5800,100
38568048254026,10:42:48.048,5.5800,100
38568048254026,10:42:48.048,5.5800,100
38568048254026,10:42:48.048,5.5800,100
38568048254026,10:42:48.048,5.5800,100
38568048254026,10:42:48.048,5.5800,100
38568050842712,10:42:48.050,5.5800,100
38568050842712,10:42:48.050,5.5800,100
38583717427888,10:43:03.717,5.5800,100
38605697683914,10:43:25.697,5.5800,300
38605697722709,10:43:25.697,5.5800,782
38605697722709,10:43:25.697,5.5800,200
38666244116349,10:44:26.244,5.5900,100
38849263481377,10:47:29.263,5.5900,100
38897126322252,10:48:17.126,5.5900,100
38929235336519,10:48:49.235,5.5900,33
38958235330411,10:49:18.235,5.5950,2
38972396527505,10:49:32.396,5.6000,100
38993409115393,10:49:53.409,5.5900,2
39025042499133,10:50:25.042,5.5900,1
39032500990407,10:50:32.500,5.5900,100
39060429033876,10:51:00.429,5.5800,2
39060481024648,10:51:00.481,5.5800,2
39060528990975,10:51:00.528,5.5800,2
39060574005493,10:51:00.574,5.5800,2
39060675629421,10:51:00.675,5.5800,2
39060732652715,10:51:00.732,5.5800,2
39060782556788,10:51:00.782,5.5800,2
39060841414426,10:51:00.841,5.5800,2
39060871355579,10:51:00.871,5.5800,2
39071640299082,10:51:11.640,5.5900,40
39071640299082,10:51:11.640,5.5900,60
39071646985715,10:51:11.646,5.5900,100
39129760691000,10:52:09.760,5.5900,1
39129760717474,10:52:09.760,5.5900,99
39129760717474,10:52:09.760,5.5900,100
39130188913665,10:52:10.188,5.5800,2
39141134163589,10:52:21.134,5.5900,100
39167789568605,10:52:47.789,5.5900,100
39168385617612,10:52:48.385,5.5900,18
39238236926362,10:53:58.236,5.5900,76
39285758298632,10:54:45.758,5.5900,3
39285758298632,10:54:45.758,5.5900,4
39285758298632,10:54:45.758,5.5900,1
39285758298632,10:54:45.758,5.5900,100
39285758298632,10:54:45.758,5.5900,92
39285758369886,10:54:45.758,5.5900,8
39285758369886,10:54:45.758,5.5900,82
39285766336633,10:54:45.766,5.5900,3
39438233027715,10:57:18.233,5.5900,100
39633389891227,11:00:33.389,5.5850,1
39669603167218,11:01:09.603,5.5850,400
39669603167218,11:01:09.603,5.5900,200
39696305734935,11:01:36.305,5.5900,200
39702922622402,11:01:42.922,5.5900,100
39702922622402,11:01:42.922,5.5900,100
39711632534649,11:01:51.632,5.5900,57
39711632536034,11:01:51.632,5.5900,43
39778052043034,11:02:58.052,5.6000,520
39778052043034,11:02:58.052,5.6000,90
39778052713416,11:02:58.052,5.6000,100
39778052713416,11:02:58.052,5.6000,100
39778052830183,11:02:58.052,5.6050,100
39778836248213,11:02:58.836,5.6000,100
40084325909690,11:08:04.325,5.6000,10
40084325909690,11:08:04.325,5.6000,90
40189744575950,11:09:49.744,5.6200,100
40235148041647,11:10:35.148,5.6300,1
40235148041647,11:10:35.148,5.6300,99
40235148067419,11:10:35.148,5.6300,1
40235148081613,11:10:35.148,5.6300,100
40235214526590,11:10:35.214,5.6400,100
40259058438872,11:10:59.058,5.6400,100
40337255851884,11:12:17.255,5.6400,100
40337255851884,11:12:17.255,5.6400,100
40340000866890,11:12:20.000,5.6400,91
40340000866890,11:12:20.000,5.6400,9
40385074756270,11:13:05.074,5.6400,91
40385074756270,11:13:05.074,5.6400,9
40387508125965,11:13:07.508,5.6350,200
40387508125965,11:13:07.508,5.6350,400
40387512330855,11:13:07.512,5.6300,86
40387512563727,11:13:07.512,5.6300,200
40387512563727,11:13:07.512,5.6300,100
40387512563727,11:13:07.512,5.6300,100
40387512563727,11:13:07.512,5.6300,14
40387512566193,11:13:07.512,5.6300,400
40387512669261,11:13:07.512,5.6300,86
40404841380256,11:13:24.841,5.6200,100
40404841406291,11:13:24.841,5.6200,100
40404841406291,11:13:24.841,5.6200,100
40404841406291,11:13:24.841,5.6200,100
40445184274128,11:14:05.184,5.6200,12
40445193137499,11:14:05.193,5.6200,88
40492085671126,11:14:52.085,5.6200,100
40492085671126,11:14:52.085,5.6200,300
40492085671126,11:14:52.085,5.6200,297
40580135987366,11:16:20.135,5.6200,67
40580136518347,11:16:20.136,5.6200,36
40600212725279,11:16:40.212,5.6200,100
40624157340723,11:17:04.157,5.6200,100
40624157340723,11:17:04.157,5.6200,100
40624157454962,11:17:04.157,5.6200,100
40683639917125,11:18:03.639,5.6250,1
40798400502642,11:19:58.400,5.6200,200
40798400502642,11:19:58.400,5.6200,100
40824689747451,11:20:24.689,5.6150,1
40872119034283,11:21:12.119,5.6200,100
40949033156397,11:22:29.033,5.6200,100
40952757282040,11:22:32.757,5.6200,100
40952757963258,11:22:32.757,5.6150,144
40952758289991,11:22:32.758,5.6100,100
40952758289991,11:22:32.758,5.6100,100
41048209988996,11:24:08.209,5.6200,100
41072453082433,11:24:32.453,5.6150,100
41131232955320,11:25:31.232,5.6150,200
41171648367313,11:26:11.648,5.6200,100
41214720351018,11:26:54.720,5.6200,100
41273827134114,11:27:53.827,5.6200,100
41286228434232,11:28:06.228,5.6200,100
41333931697905,11:28:53.931,5.6200,100
41341103595585,11:29:01.103,5.6200,100
41355263734051,11:29:15.263,5.6100,100
41355263734051,11:29:15.263,5.6100,100
41355263734051,11:29:15.263,5.6100,200
41432469471029,11:30:32.469,5.6000,100
41432469471029,11:30:32.469,5.6000,100
41432469471029,11:30:32.469,5.6000,656
41432469495917,11:30:32.469,5.6000,344
41432469495917,11:30:32.469,5.6000,100
41432469495917,11:30:32.469,5.6000,100
41432469558567,11:30:32.469,5.6000,100
41433241433449,11:30:33.241,5.5900,200
41497126681343,11:31:37.126,5.5900,100
41524136413823,11:32:04.136,5.5900,100
41584124590609,11:33:04.124,5.5900,100
41589457805395,11:33:09.457,5.5900,100
41590146593793,11:33:10.146,5.5900,100
41590146593793,11:33:10.146,5.5900,14
41590148292429,11:33:10.148,5.5900,10
41590148760582,11:33:10.148,5.5900,90
41590148760582,11:33:10.148,5.5900,100
41590148760582,11:33:10.148,5.5900,200
41590148760582,11:33:10.148,5.5900,100
41590148760582,11:33:10.148,5.5900,100
41613853933620,11:33:33.853,5.5800,100
41613853933620,11:33:33.853,5.5800,100
41613853933620,11:33:33.853,5.5800,100
41613853933620,11:33:33.853,5.5800,100
41613853933620,11:33:33.853,5.5800,17
41613853933620,11:33:33.853,5.5800,200
41613854314497,11:33:33.854,5.5800,80
41613854328544,11:33:33.854,5.5800,20
41613854328544,11:33:33.854,5.5800,100
41613854328544,11:33:33.854,5.5800,80
41613855122611,11:33:33.855,5.5800,100
41613855122611,11:33:33.855,5.5800,29
41613855122611,11:33:33.855,5.5800,100
41613855122611,11:33:33.855,5.5800,200
41613855122611,11:33:33.855,5.5800,200
41613855122611,11:33:33.855,5.5800,46
41613855167291,11:33:33.855,5.5800,54
41613855167291,11:33:33.855,5.5800,100
41613855411738,11:33:33.855,5.5800,100
41613855411738,11:33:33.855,5.5800,200
41614644417178,11:33:34.644,5.5800,100
41702026528149,11:35:02.026,5.5800,100
41703242915192,11:35:03.242,5.5900,100
41703242915192,11:35:03.242,5.5900,100
41703242915192,11:35:03.242,5.5900,100
41754746008767,11:35:54.746,5.5900,100
41974396654679,11:39:34.396,5.5900,100
41974398813451,11:39:34.398,5.5950,400
41974398813451,11:39:34.398,5.5900,100
42006138937371,11:40:06.138,5.5900,100
42006138937371,11:40:06.138,5.5900,100
42131224478696,11:42:11.224,5.5900,77
42131224876894,11:42:11.224,5.5900,100
42232182422853,11:43:52.182,5.6000,1
42232184378546,11:43:52.184,5.6000,200
42461255549695,11:47:41.255,5.5900,100
42461255549695,11:47:41.255,5.5900,100
42461255549695,11:47:41.255,5.5900,34
42461255556682,11:47:41.255,5.5900,66
42467591826402,11:47:47.591,5.6000,500
42527131926561,11:48:47.131,5.6000,100
42527131926561,11:48:47.131,5.6000,100
42535255592344,11:48:55.255,5.6000,100
42544660145612,11:49:04.660,5.6000,100
42585057440030,11:49:45.057,5.6000,100
42585057605617,11:49:45.057,5.6000,100
42694012337621,11:51:34.012,5.6050,200
42695599315881,11:51:35.599,5.6000,100
42695599315881,11:51:35.599,5.6000,100
42695627479154,11:51:35.627,5.5950,400
42695627479154,11:51:35.627,5.5900,100
42695627479154,11:51:35.627,5.5900,100
42695627479154,11:51:35.627,5.5900,100
42762496147004,11:52:42.496,5.5900,100
42792137020391,11:53:12.137,5.5900,400
42792137020391,11:53:12.137,5.5900,100
42855231114742,11:54:15.231,5.6000,100
42855231114742,11:54:15.231,5.6000,100
42938250139120,11:55:38.250,5.6000,100
42945197115260,11:55:45.197,5.6000,200
42945197277583,11:55:45.197,5.6000,100
43002256469596,11:56:42.256,5.6000,100
43024893139074,11:57:04.893,5.6000,100
43024893139074,11:57:04.893,5.6000,100
43084962263572,11:58:04.962,5.6050,100
43180208934154,11:59:40.208,5.6100,100
43185264338212,11:59:45.264,5.6100,100
43203824993321,12:00:03.824,5.6100,1000
43203824993321,12:00:03.824,5.6100,100
43225294977828,12:00:25.294,5.6200,1250
43246157763630,12:00:46.157,5.6300,100
43270366816694,12:01:10.366,5.6300,100
43292088987833,12:01:32.088,5.6200,100
43292088987833,12:01:32.088,5.6200,100
43292088987833,12:01:32.088,5.6200,100
43292088987833,12:01:32.088,5.6200,100
43292088987833,12:01:32.088,5.6200,100
43292088987833,12:01:32.088,5.6200,100
43292088987833,12:01:32.088,5.6200,1
43339043866554,12:02:19.043,5.6100,100
43339044343715,12:02:19.044,5.6100,100
43360508982832,12:02:40.508,5.6200,100
43405594749846,12:03:25.594,5.6200,100
43405594807275,12:03:25.594,5.6200,100
43517080021306,12:05:17.080,5.6300,100
43566226559825,12:06:06.226,5.6400,100
43591282910337,12:06:31.282,5.6300,63
43613978617892,12:06:53.978,5.6300,100
43711166718335,12:08:31.166,5.6300,100
43722232135336,12:08:42.232,5.6300,100
43722875431467,12:08:42.875,5.6300,100
43724203720039,12:08:44.203,5.6300,100
43796623093118,12:09:56.623,5.6250,200
43796623093118,12:09:56.623,5.6250,400
43796627815675,12:09:56.627,5.6200,100
43839238377574,12:10:39.238,5.6200,100
43842131805919,12:10:42.131,5.6200,100
43842131805919,12:10:42.131,5.6200,100
43849435259009,12:10:49.435,5.6200,100
43889504691403,12:11:29.504,5.6200,100
43921242596671,12:12:01.242,5.6200,100
43921242655779,12:12:01.242,5.6200,1202
43929615311301,12:12:09.615,5.6300,100
43930908591965,12:12:10.908,5.6300,100
43930908591965,12:12:10.908,5.6300,100
43930908591965,12:12:10.908,5.6300,100
43940677936087,12:12:20.677,5.6300,9
43940678008239,12:12:20.678,5.6300,91
43959387358687,12:12:39.387,5.6250,400
43959387358687,12:12:39.387,5.6200,100
43959387358687,12:12:39.387,5.6200,100
43959387358687,12:12:39.387,5.6200,500
43959387358687,12:12:39.387,5.6200,100
43959387358687,12:12:39.387,5.6200,100
43959387358687,12:12:39.387,5.6200,100
43959387358687,12:12:39.387,5.6200,200
43959387358687,12:12:39.387,5.6200,100
43959387712246,12:12:39.387,5.6200,22
43959387770954,12:12:39.387,5.6200,78
43959387770954,12:12:39.387,5.6200,100
43959387770954,12:12:39.387,5.6200,100
43959388929600,12:12:39.388,5.6200,24
43959388929600,12:12:39.388,5.6200,100
43959388929600,12:12:39.388,5.6200,76
43959388940710,12:12:39.388,5.6200,24
43959388940710,12:12:39.388,5.6200,67
43959388940710,12:12:39.388,5.6200,109
43969429932829,12:12:49.429,5.6250,100
44038159972409,12:13:58.159,5.6300,100
44048808790771,12:14:08.808,5.6300,100
44116238804184,12:15:16.238,5.6300,100
44376100852156,12:19:36.100,5.6300,100
44504617247340,12:21:44.617,5.6200,100
44504617285433,12:21:44.617,5.6200,100
44504620061767,12:21:44.620,5.6200,100
44504620123001,12:21:44.620,5.6200,19
44504620123001,12:21:44.620,5.6200,100
44526500506834,12:22:06.500,5.6300,100
44535241629301,12:22:15.241,5.6300,100
44564298593626,12:22:44.298,5.6300,100
44564298593626,12:22:44.298,5.6300,100
44564298593626,12:22:44.298,5.6300,100
44564298593626,12:22:44.298,5.6300,100
44767124799048,12:26:07.124,5.6300,100
44767124799048,12:26:07.124,5.6300,100
44767124799048,12:26:07.124,5.6300,100
44862769728492,12:27:42.769,5.6300,100
44919255922521,12:28:39.255,5.6300,100
44919255922521,12:28:39.255,5.6300,100
44928233900353,12:28:48.233,5.6300,200
44992508478388,12:29:52.508,5.6300,100
44992508713781,12:29:52.508,5.6300,100
45097233666124,12:31:37.233,5.6300,100
45177268128345,12:32:57.268,5.6300,100
45232874226858,12:33:52.874,5.6300,100
45239268898264,12:33:59.268,5.6300,100
45239269301733,12:33:59.269,5.6300,100
45253250364896,12:34:13.250,5.6350,55
45298655000872,12:34:58.655,5.6300,58
45298657894419,12:34:58.657,5.6200,100
45298657894419,12:34:58.657,5.6200,100
45298657894419,12:34:58.657,5.6200,100
45298657894419,12:34:58.657,5.6200,100
45298657894419,12:34:58.657,5.6200,100
45298657894419,12:34:58.657,5.6200,100
45298657894419,12:34:58.657,5.6200,100
45304925922772,12:35:04.925,5.6200,100
45304925922772,12:35:04.925,5.6200,100
45318799593662,12:35:18.799,5.6250,400
45318806474193,12:35:18.806,5.6200,100
45318806474193,12:35:18.806,5.6200,100
45318806474193,12:35:18.806,5.6200,100
45318806474193,12:35:18.806,5.6200,100
45372195442669,12:36:12.195,5.6100,2
45372247454141,12:36:12.247,5.6100,2
45428238090440,12:37:08.238,5.6150,100
45593409326712,12:39:53.409,5.6150,100
45631702311289,12:40:31.702,5.6200,100
45778464024579,12:42:58.464,5.6200,100
45788779423691,12:43:08.779,5.6300,76
45818807027195,12:43:38.807,5.6300,24
45818807027195,12:43:38.807,5.6300,76
45851232879336,12:44:11.232,5.6300,100
45863363042038,12:44:23.363,5.6300,100
45893935405644,12:44:53.935,5.6300,100
45897683661999,12:44:57.683,5.6200,100
45897697577515,12:44:57.697,5.6200,100
45897710336843,12:44:57.710,5.6200,100
45897719001214,12:44:57.719,5.6200,100
45984117630399,12:46:24.117,5.6200,100
45984117630399,12:46:24.117,5.6200,100
46045234808282,12:47:25.234,5.6200,100
46089260791422,12:48:09.260,5.6250,100
46107217353170,12:48:27.217,5.6250,100
46134360781050,12:48:54.360,5.6250,100
46179449017443,12:49:39.449,5.6300,100
46210134364356,12:50:10.134,5.6250,100
46224522873425,12:50:24.522,5.6250,100
46314698240174,12:51:54.698,5.6250,100
46359783468033,12:52:39.783,5.6300,50
46359783468033,12:52:39.783,5.6300,50
46388838837378,12:53:08.838,5.6300,50
46406257426004,12:53:26.257,5.6400,100
46406257426004,12:53:26.257,5.6400,100
46581153119277,12:56:21.153,5.6300,112
46611467308397,12:56:51.467,5.6300,288
46611467308397,12:56:51.467,5.6300,100
46611467308397,12:56:51.467,5.6300,12
46611467389113,12:56:51.467,5.6300,88
46611467389113,12:56:51.467,5.6300,12
46664012593687,12:57:44.012,5.6400,100
46766196462071,12:59:26.196,5.6500,100
46766196462071,12:59:26.196,5.6500,1
46766196462071,12:59:26.196,5.6500,200
46766198537176,12:59:26.198,5.6600,100
46766199380797,12:59:26.199,5.6600,300
46802202591578,13:00:02.202,5.6700,200
46916249941543,13:01:56.249,5.6700,100
47019154880033,13:03:39.154,5.6700,100
47122332567081,13:05:22.332,5.6700,100
47131251595191,13:05:31.251,5.6700,3
47131251595191,13:05:31.251,5.6700,97
47131252025118,13:05:31.252,5.6700,3
47131252025118,13:05:31.252,5.6700,97
47131252063049,13:05:31.252,5.6700,3
47147559377264,13:05:47.559,5.6700,200
47147559377264,13:05:47.559,5.6700,88
47147559402523,13:05:47.559,5.6700,12
47185293374899,13:06:25.293,5.6700,100
47197469964062,13:06:37.469,5.6700,83
47270245882967,13:07:50.245,5.6800,100
47272614418449,13:07:52.614,5.6800,100
47302671136655,13:08:22.671,5.6750,100
47332749866181,13:08:52.749,5.6800,100
47362819969976,13:09:22.819,5.6800,100
47369246086278,13:09:29.246,5.6800,100
47407897983763,13:10:07.897,5.6800,100
47429254978409,13:10:29.254,5.6800,100
47437965275480,13:10:37.965,5.6800,100
47437971677224,13:10:37.971,5.6800,100
47437971677224,13:10:37.971,5.6800,100
47437971716705,13:10:37.971,5.6800,10
47437972719462,13:10:37.972,5.6800,100
47437972719462,13:10:37.972,5.6800,100
47437972719462,13:10:37.972,5.6800,100
47437983178359,13:10:37.983,5.6750,100
47471280686227,13:11:11.280,5.6750,779
47475861980833,13:11:15.861,5.6700,320
47475861980833,13:11:15.861,5.6700,100
47475861980833,13:11:15.861,5.6700,100
47475861980833,13:11:15.861,5.6700,200
47475861980833,13:11:15.861,5.6700,42
47502798103665,13:11:42.798,5.6600,100
47502798103665,13:11:42.798,5.6600,160
47502798103665,13:11:42.798,5.6600,100
47502798103665,13:11:42.798,5.6600,100
47528139280017,13:12:08.139,5.6600,100
47528139414766,13:12:08.139,5.6600,9
47557446677168,13:12:37.446,5.6600,100
47557446677168,13:12:37.446,5.6600,100
47557446677168,13:12:37.446,5.6600,100
47557446677168,13:12:37.446,5.6600,100
47557446677168,13:12:37.446,5.6600,400
47708209568118,13:15:08.209,5.6600,100
47708444469747,13:15:08.444,5.6600,300
47768237045290,13:16:08.237,5.6550,200
47852229476514,13:17:32.229,5.6550,100
48046873418269,13:20:46.873,5.6550,500
48274635578545,13:24:34.635,5.6600,100
48274635746028,13:24:34.635,5.6600,200
48342473390102,13:25:42.473,5.6500,100
48342473390102,13:25:42.473,5.6500,100
48342473390102,13:25:42.473,5.6500,100
48342473390102,13:25:42.473,5.6500,100
48342473390102,13:25:42.473,5.6500,100
48342473390102,13:25:42.473,5.6500,100
48342473390102,13:25:42.473,5.6500,200
48342473390102,13:25:42.473,5.6500,100
48346685974597,13:25:46.685,5.6500,100
48429621576450,13:27:09.621,5.6600,100
48441123377505,13:27:21.123,5.6600,100
48441123377505,13:27:21.123,5.6600,100
48489239194722,13:28:09.239,5.6600,100
48564831587473,13:29:24.831,5.6600,100
48564831587473,13:29:24.831,5.6600,100
48572198895700,13:29:32.198,5.6600,100
48653703076597,13:30:53.703,5.6500,100
48653703076597,13:30:53.703,5.6500,100
48653703076597,13:30:53.703,5.6500,200
48653703076597,13:30:53.703,5.6500,100
48653703076597,13:30:53.703,5.6500,100
48653703076597,13:30:53.703,5.6500,100
48656175786367,13:30:56.175,5.6500,18
48666404305345,13:31:06.404,5.6500,25
48819508125011,13:33:39.508,5.6450,12
49023133272813,13:37:03.133,5.6500,100
49023133272813,13:37:03.133,5.6500,100
49036143797404,13:37:16.143,5.6500,200
49045536432702,13:37:25.536,5.6500,100
49066273908446,13:37:46.273,5.6500,50
49120648531001,13:38:40.648,5.6500,19
49129313621859,13:38:49.313,5.6400,55
49129314820568,13:38:49.314,5.6400,100
49129314820568,13:38:49.314,5.6400,100
49129314820568,13:38:49.314,5.6400,700
49129314820568,13:38:49.314,5.6400,100
49129314820568,13:38:49.314,5.6400,100
49129315009520,13:38:49.315,5.6400,400
49129315009520,13:38:49.315,5.6400,100
49129315009520,13:38:49.315,5.6400,21
49129315009520,13:38:49.315,5.6400,100
49129315009520,13:38:49.315,5.6400,100
49129315009520,13:38:49.315,5.6400,400
49129315009520,13:38:49.315,5.6400,100
49129315009520,13:38:49.315,5.6400,100
49129315009520,13:38:49.315,5.6400,100
49129315009520,13:38:49.315,5.6400,18
49276237454894,13:41:16.237,5.6500,100
49276237454894,13:41:16.237,5.6500,10
49276237454894,13:41:16.237,5.6500,90
49291369165398,13:41:31.369,5.6400,400
49291369165398,13:41:31.369,5.6400,100
49291369165398,13:41:31.369,5.6400,400
49291369165398,13:41:31.369,5.6400,100
49291369165398,13:41:31.369,5.6400,100
49291369165398,13:41:31.369,5.6400,100
49291369165398,13:41:31.369,5.6400,200
49385125268849,13:43:05.125,5.6450,100
49385674911881,13:43:05.674,5.6450,100
49386224488769,13:43:06.224,5.6450,100
49386774737900,13:43:06.774,5.6450,100
49387324644097,13:43:07.324,5.6450,100
49387874932319,13:43:07.874,5.6450,100
49388249479649,13:43:08.249,5.6450,100
49411506778037,13:43:31.506,5.6400,2
49418264718272,13:43:38.264,5.6500,100
49482234360058,13:44:42.234,5.6500,100
49745511863490,13:49:05.511,5.6400,100
49747718360655,13:49:07.718,5.6350,100
49761370505411,13:49:21.370,5.6350,100
49841706450624,13:50:41.706,5.6400,100
49849162375180,13:50:49.162,5.6400,100
49849162375180,13:50:49.162,5.6400,100
49867077037339,13:51:07.077,5.6400,200
49867077187101,13:51:07.077,5.6400,100
49886766425984,13:51:26.766,5.6500,100
49894260028087,13:51:34.260,5.6400,100
49894260028087,13:51:34.260,5.6400,100
49894260028087,13:51:34.260,5.6400,100
49894260028087,13:51:34.260,5.6400,100
50072462084356,13:54:32.462,5.6400,100
50072462084356,13:54:32.462,5.6400,100
50072462084356,13:54:32.462,5.6400,932
50072462123792,13:54:32.462,5.6400,68
50072462123792,13:54:32.462,5.6400,123
50072462145445,13:54:32.462,5.6400,77
50104238924882,13:55:04.238,5.6400,100
50107256854861,13:55:07.256,5.6400,10
50153593028267,13:55:53.593,5.6400,100
50163612113962,13:56:03.612,5.6400,100
50163612113962,13:56:03.612,5.6400,100
50231149743717,13:57:11.149,5.6400,200
50231149743717,13:57:11.149,5.6400,260
50231149743717,13:57:11.149,5.6400,100
50241308089146,13:57:21.308,5.6400,100
50243419190159,13:57:23.419,5.6400,100
50338000681706,13:58:58.000,5.6400,100
50338000681706,13:58:58.000,5.6300,47
50338001088047,13:58:58.001,5.6300,453
50338001088047,13:58:58.001,5.6300,100
50342135324832,13:59:02.135,5.6200,100
50344422023847,13:59:04.422,5.6350,400
50344923020480,13:59:04.923,5.6350,400
50394272967327,13:59:54.272,5.6300,100
50408994118056,14:00:08.994,5.6400,100
50408994118056,14:00:08.994,5.6400,100
50447487127377,14:00:47.487,5.6400,2
50447552523833,14:00:47.552,5.6400,2
50447604123553,14:00:47.604,5.6400,2
50465240948372,14:01:05.240,5.6600,100
50471493017965,14:01:11.493,5.6500,100
50471493017965,14:01:11.493,5.6500,100
50472315462586,14:01:12.315,5.6500,100
50475705140002,14:01:15.705,5.6500,100
50537152597960,14:02:17.152,5.6400,2
50537200602060,14:02:17.200,5.6400,2
50537248748733,14:02:17.248,5.6400,2
50537369788169,14:02:17.369,5.6400,2
50537428426354,14:02:17.428,5.6400,2
50537482484067,14:02:17.482,5.6400,2
50537525477070,14:02:17.525,5.6400,2
50537608590269,14:02:17.608,5.6400,2
50537680027806,14:02:17.680,5.6400,2
50538018227893,14:02:18.018,5.6400,2
50538066238927,14:02:18.066,5.6400,2
50538212635256,14:02:18.212,5.6400,6
50538268001588,14:02:18.268,5.6400,6
50538316663200,14:02:18.316,5.6400,2
50538403741592,14:02:18.403,5.6400,4
50538403822001,14:02:18.403,5.6400,54
50538403822001,14:02:18.403,5.6400,46
50538403905617,14:02:18.403,5.6400,54
50538463976906,14:02:18.463,5.6300,4
50568285062096,14:02:48.285,5.6400,100
50568285438492,14:02:48.285,5.6400,100
50579976051465,14:02:59.976,5.6700,200
50630181505765,14:03:50.181,5.6600,100
50630181505765,14:03:50.181,5.6600,100
50630181505765,14:03:50.181,5.6600,85
50640337759995,14:04:00.337,5.6600,100
50640337759995,14:04:00.337,5.6600,15
50665272170062,14:04:25.272,5.6700,100
50713453731957,14:05:13.453,5.6700,100
50713453731957,14:05:13.453,5.6700,100
50713454198646,14:05:13.454,5.6700,100
50713637092524,14:05:13.637,5.6700,100
50713693295666,14:05:13.693,5.6700,100
50805903406030,14:06:45.903,5.6900,100
50805903406030,14:06:45.903,5.7000,4
50805903406030,14:06:45.903,5.7000,1
50805903406030,14:06:45.903,5.7000,1
50805903406030,14:06:45.903,5.7100,500
50805903406030,14:06:45.903,5.7100,208
50805905410088,14:06:45.905,5.7000,24
50862285614852,14:07:42.285,5.7050,200
50862285614852,14:07:42.285,5.7000,100
50862285614852,14:07:42.285,5.7000,76
50862285658309,14:07:42.285,5.7000,100
50862285658309,14:07:42.285,5.7000,100
50996643885107,14:09:56.643,5.6900,100
50996643885107,14:09:56.643,5.6900,100
50996643885107,14:09:56.643,5.6900,100
51005265348368,14:10:05.265,5.6800,100
51005337458110,14:10:05.337,5.6800,100
51005337493584,14:10:05.337,5.6800,13
51005337493584,14:10:05.337,5.6800,100
51061711065412,14:11:01.711,5.6900,100
51063541989898,14:11:03.541,5.6950,100
51063541990599,14:11:03.541,5.6950,100
51132264316405,14:12:12.264,5.7000,100
51185542409716,14:13:05.542,5.7000,100
51185542409716,14:13:05.542,5.7000,100
51187500772815,14:13:07.500,5.7000,100
51187500772815,14:13:07.500,5.7000,31
51187500862583,14:13:07.500,5.7000,69
51239323930710,14:13:59.323,5.6900,100
51239323930710,14:13:59.323,5.6900,100
51239323930710,14:13:59.323,5.6900,100
51239323930710,14:13:59.323,5.6900,100
51275810541420,14:14:35.810,5.6900,170
51275810543001,14:14:35.810,5.6900,100
51275810582942,14:14:35.810,5.6900,226
51275810665666,14:14:35.810,5.6900,2104
51275810665666,14:14:35.810,5.6900,300
51275816164064,14:14:35.816,5.7000,100
51275816164064,14:14:35.816,5.7000,100
51277317000690,14:14:37.317,5.6950,100
51291280332054,14:14:51.280,5.7000,100
51314502405960,14:15:14.502,5.6950,152
51322245640599,14:15:22.245,5.6900,700
51322245640599,14:15:22.245,5.6900,100
51322245640599,14:15:22.245,5.6900,100
51322245640599,14:15:22.245,5.6900,100
51451292007826,14:17:31.292,5.6900,100
51451292007826,14:17:31.292,5.6900,100
51483820993289,14:18:03.820,5.6850,200
51483820993289,14:18:03.820,5.6850,400
51483830880094,14:18:03.830,5.6800,200
51483830880094,14:18:03.830,5.6800,100
51483830880094,14:18:03.830,5.6800,100
51483830880094,14:18:03.830,5.6800,100
51483831000344,14:18:03.831,5.6800,100
51483831000344,14:18:03.831,5.6800,100
51483831000344,14:18:03.831,5.6800,100
51483831000344,14:18:03.831,5.6800,100
51483835878929,14:18:03.835,5.6700,100
51483835878929,14:18:03.835,5.6700,100
51483835878929,14:18:03.835,5.6700,100
51483840516077,14:18:03.840,5.6650,100
51483840516077,14:18:03.840,5.6600,100
51483840516077,14:18:03.840,5.6600,1000
51483840516077,14:18:03.840,5.6600,100
51483840648326,14:18:03.840,5.6600,100
51483840648326,14:18:03.840,5.6600,100
51483840648326,14:18:03.840,5.6600,200
51483840648326,14:18:03.840,5.6600,600
51483840648326,14:18:03.840,5.6600,100
51483843149601,14:18:03.843,5.6600,100
51483843769152,14:18:03.843,5.6600,27
51483852710045,14:18:03.852,5.6600,200
51483852710045,14:18:03.852,5.6600,200
51483852710045,14:18:03.852,5.6600,100
51483852710045,14:18:03.852,5.6600,100
51483852710045,14:18:03.852,5.6600,100
51483875217927,14:18:03.875,5.6500,100
51483875217927,14:18:03.875,5.6500,100
51483875217927,14:18:03.875,5.6500,100
51483875217927,14:18:03.875,5.6500,100
51483875217927,14:18:03.875,5.6500,100
51483875348923,14:18:03.875,5.6500,100
51483875348923,14:18:03.875,5.6500,100
51483875348923,14:18:03.875,5.6500,100
51483899697705,14:18:03.899,5.6500,200
51488733450591,14:18:08.733,5.6550,400
51488733450591,14:18:08.733,5.6600,100
51488733450591,14:18:08.733,5.6600,100
51488733450591,14:18:08.733,5.6600,300
51489743272144,14:18:09.743,5.6600,100
51548900207051,14:19:08.900,5.6650,100
51551549022676,14:19:11.549,5.6700,100
51551549022676,14:19:11.549,5.6700,100
51551549022676,14:19:11.549,5.6700,300
51551549022676,14:19:11.549,5.6700,200
51552307931853,14:19:12.307,5.6700,100
51552308161338,14:19:12.308,5.6700,100
51578899451309,14:19:38.899,5.6650,100
51705308432691,14:21:45.308,5.6700,100
51731681617357,14:22:11.681,5.6700,100
51751555279661,14:22:31.555,5.6750,100
51813848557456,14:23:33.848,5.6750,400
51813856590099,14:23:33.856,5.6700,100
51813856590099,14:23:33.856,5.6700,100
51813856590099,14:23:33.856,5.6700,56
51813856594710,14:23:33.856,5.6700,44
51813856594710,14:23:33.856,5.6700,100
51837033487447,14:23:57.033,5.6700,100
51837033487447,14:23:57.033,5.6700,400
51837033487447,14:23:57.033,5.6700,100
51864157930050,14:24:24.157,5.6700,100
51902249174972,14:25:02.249,5.6700,100
51902249210372,14:25:02.249,5.6700,57
52027136992889,14:27:07.136,5.6600,200
52027136992889,14:27:07.136,5.6600,4
52027137047038,14:27:07.137,5.6600,96
52027137047038,14:27:07.137,5.6600,100
52153519969714,14:29:13.519,5.6500,100
52153519969714,14:29:13.519,5.6500,100
52153519969714,14:29:13.519,5.6500,100
52230270999090,14:30:30.270,5.6500,69
52230270999090,14:30:30.270,5.6500,200
52230270999090,14:30:30.270,5.6500,100
52289143719093,14:31:29.143,5.6600,100
52289143719093,14:31:29.143,5.6600,100
52289145474446,14:31:29.145,5.6600,11
52289146545592,14:31:29.146,5.6600,12
52289529735112,14:31:29.529,5.6600,59
52289529775141,14:31:29.529,5.6600,2
52289529775141,14:31:29.529,5.6600,39
52301173410596,14:31:41.173,5.6600,100
52545966200859,14:35:45.966,5.6600,100
52545966200859,14:35:45.966,5.6600,100
52545966200859,14:35:45.966,5.6600,100
52547535823857,14:35:47.535,5.6600,100
52547772612053,14:35:47.772,5.6600,49
52548308856054,14:35:48.308,5.6600,20
52579128597980,14:36:19.128,5.6600,100
52628458105077,14:37:08.458,5.6600,140
52643247102760,14:37:23.247,5.6600,100
52644234565460,14:37:24.234,5.6600,100
52644678620026,14:37:24.678,5.6600,100
52644678620026,14:37:24.678,5.6600,35
52646550954622,14:37:26.550,5.6600,100
52797257510351,14:39:57.257,5.6700,100
52797258209423,14:39:57.258,5.6700,140
52797258895309,14:39:57.258,5.6700,60
52797258895309,14:39:57.258,5.6700,40
52858258044574,14:40:58.258,5.6700,40
52873528999774,14:41:13.528,5.6750,100
52873529000463,14:41:13.529,5.6750,100
53020704009494,14:43:40.704,5.6750,100
53020704010115,14:43:40.704,5.6750,100
53021271009983,14:43:41.271,5.6750,100
53021271010557,14:43:41.271,5.6750,100
53089267679227,14:44:49.267,5.6800,100
53089267911053,14:44:49.267,5.6800,100
53117339009014,14:45:17.339,5.6850,100
53117459326615,14:45:17.459,5.6850,255
53171179859206,14:46:11.179,5.6900,100
53194487122620,14:46:34.487,5.6900,100
53194487122620,14:46:34.487,5.6900,100
53246569227129,14:47:26.569,5.6900,100
53246569227129,14:47:26.569,5.6900,100
53246569227129,14:47:26.569,5.6900,400
53246569227129,14:47:26.569,5.6900,100
53246569227129,14:47:26.569,5.6900,100
53246569294320,14:47:26.569,5.6900,346
53246569456684,14:47:26.569,5.6900,100
53246569456684,14:47:26.569,5.6900,54
53279292909005,14:47:59.292,5.6800,100
53279292909005,14:47:59.292,5.6800,100
53286402249380,14:48:06.402,5.6800,100
53286402249380,14:48:06.402,5.6800,26
53511293116790,14:51:51.293,5.6800,100
53526608008649,14:52:06.608,5.6800,100
53526608045304,14:52:06.608,5.6800,58
53535426751996,14:52:15.426,5.6800,42
53535426751996,14:52:15.426,5.6800,58
53535427491253,14:52:15.427,5.6800,42
53535427491253,14:52:15.427,5.6800,58
53537089935596,14:52:17.089,5.6800,100
53542014463793,14:52:22.014,5.6800,100
53590263381031,14:53:10.263,5.6800,200
53590263886024,14:53:10.263,5.6800,1800
53590263915157,14:53:10.263,5.6800,74
53595464155963,14:53:15.464,5.6900,75
53595464481256,14:53:15.464,5.6900,100
53597602892125,14:53:17.602,5.6900,100
53597602892125,14:53:17.602,5.6900,100
53597602892125,14:53:17.602,5.6900,100
53597602892125,14:53:17.602,5.6900,70
53632009208197,14:53:52.009,5.7000,5
53632009208197,14:53:52.009,5.7000,100
53632009208197,14:53:52.009,5.7000,94
53889050770519,14:58:09.050,5.6950,200
53889052135461,14:58:09.052,5.6950,100
53889078821795,14:58:09.078,5.6900,30
53889078821795,14:58:09.078,5.6900,100
53889078821795,14:58:09.078,5.6900,70
53889078922896,14:58:09.078,5.6900,42
53907064593040,14:58:27.064,5.6900,300
53907064593040,14:58:27.064,5.6900,100
54122546853238,15:02:02.546,5.6950,800
54122546853238,15:02:02.546,5.6900,100
54122546853238,15:02:02.546,5.6900,100
54122546853238,15:02:02.546,5.6900,100
54122546853238,15:02:02.546,5.6900,2
54122546853238,15:02:02.546,5.6900,56
54122546853238,15:02:02.546,5.6900,42
54157271696058,15:02:37.271,5.6850,300
54157272466606,15:02:37.272,5.6800,100
54157272466606,15:02:37.272,5.6800,100
54157274204641,15:02:37.274,5.6800,100
54157274204641,15:02:37.274,5.6800,100
54157274204641,15:02:37.274,5.6800,200
54157274204641,15:02:37.274,5.6800,100
54157274204641,15:02:37.274,5.6800,200
54157274832995,15:02:37.274,5.6800,100
54241263106015,15:04:01.263,5.6900,100
54645209523030,15:10:45.209,5.6800,100
54645209523030,15:10:45.209,5.6800,100
54645209523030,15:10:45.209,5.6800,100
54645209523030,15:10:45.209,5.6800,400
54645209523030,15:10:45.209,5.6800,100
54645209523030,15:10:45.209,5.6800,100
54645209523030,15:10:45.209,5.6800,100
54645209523030,15:10:45.209,5.6800,725
54645209523030,15:10:45.209,5.6800,1
54645209523030,15:10:45.209,5.6800,10
54645209523030,15:10:45.209,5.6800,90
54680684881963,15:11:20.684,5.6600,100
54724267106333,15:12:04.267,5.6600,100
54783260283476,15:13:03.260,5.6600,100
54783261380220,15:13:03.261,5.6600,300
54783261380220,15:13:03.261,5.6600,100
54783261380220,15:13:03.261,5.6600,100
54858258517160,15:14:18.258,5.6700,100
54945198634791,15:15:45.198,5.6700,100
54956537759652,15:15:56.537,5.6700,100
54956537759652,15:15:56.537,5.6700,54
54956537759652,15:15:56.537,5.6700,1146
54956537802020,15:15:56.537,5.6700,204
54960709688710,15:16:00.709,5.6750,200
54960709688710,15:16:00.709,5.6700,96
55060794360597,15:17:40.794,5.6700,100
55060794360597,15:17:40.794,5.6700,200
55060794360597,15:17:40.794,5.6700,66
55060794360597,15:17:40.794,5.6700,100
55200000772395,15:20:00.000,5.6700,900
55200000772395,15:20:00.000,5.6700,100
55200000772395,15:20:00.000,5.6700,100
55200000772395,15:20:00.000,5.6700,100
55200000772395,15:20:00.000,5.6700,100
55200000772395,15:20:00.000,5.6700,200
55215973623300,15:20:15.973,5.6700,100
55330056721404,15:22:10.056,5.6700,100
55330056721404,15:22:10.056,5.6700,60
55330056721404,15:22:10.056,5.6700,59
55515263488881,15:25:15.263,5.6650,100
55535379936938,15:25:35.379,5.6650,100
55535634879098,15:25:35.634,5.6650,100
55536307019439,15:25:36.307,5.6650,100
55568911907984,15:26:08.911,5.6600,100
55568911907984,15:26:08.911,5.6600,100
55568911907984,15:26:08.911,5.6600,300
55568911907984,15:26:08.911,5.6600,129
55568911907984,15:26:08.911,5.6600,100
55568911907984,15:26:08.911,5.6600,76
55568911992869,15:26:08.911,5.6600,100
55568911992869,15:26:08.911,5.6600,100
55568919248467,15:26:08.919,5.6500,100
55568919248467,15:26:08.919,5.6500,100
55568919248467,15:26:08.919,5.6500,7
55568925409749,15:26:08.925,5.6450,696
55568925409749,15:26:08.925,5.6400,100
55568925409749,15:26:08.925,5.6400,100
55568925409749,15:26:08.925,5.6400,100
55568925409749,15:26:08.925,5.6400,625
55568925409749,15:26:08.925,5.6400,200
55568925409749,15:26:08.925,5.6400,100
55568925409749,15:26:08.925,5.6400,1604
55568925527959,15:26:08.925,5.6400,696
55568946181721,15:26:08.946,5.6300,100
55568946181721,15:26:08.946,5.6300,100
55568946311446,15:26:08.946,5.6300,100
55568947638005,15:26:08.947,5.6300,100
55568947638005,15:26:08.947,5.6300,100
55568947638005,15:26:08.947,5.6300,100
55568947638005,15:26:08.947,5.6300,100
55568947638005,15:26:08.947,5.6300,100
55568947638005,15:26:08.947,5.6300,100
55571683422994,15:26:11.683,5.6400,200
55572280009649,15:26:12.280,5.6500,100
55572280009649,15:26:12.280,5.6500,100
55572280009649,15:26:12.280,5.6500,100
55572280009649,15:26:12.280,5.6500,200
55572483834802,15:26:12.483,5.6550,200
55572483834802,15:26:12.483,5.6500,100
55572483834802,15:26:12.483,5.6500,200
55572483834802,15:26:12.483,5.6500,100
55572483861479,15:26:12.483,5.6500,77
55592171391176,15:26:32.171,5.6500,100
55655261704095,15:27:35.261,5.6500,100
55725284691336,15:28:45.284,5.6500,61
55919824348397,15:31:59.824,5.6550,100
56163252717514,15:36:03.252,5.6600,100
56427375335354,15:40:27.375,5.6550,96
56498927252552,15:41:38.927,5.6500,39
56498927252552,15:41:38.927,5.6500,200
56498927252552,15:41:38.927,5.6500,100
56498927252552,15:41:38.927,5.6500,100
56498927252552,15:41:38.927,5.6500,100
56498927252552,15:41:38.927,5.6500,100
56498927252552,15:41:38.927,5.6500,179
56498927567029,15:41:38.927,5.6500,100
56582058265001,15:43:02.058,5.6500,100
56582058265001,15:43:02.058,5.6500,32
56582058265001,15:43:02.058,5.6500,100
56582058265001,15:43:02.058,5.6500,100
56582058265001,15:43:02.058,5.6500,229
56582058265001,15:43:02.058,5.6500,39
56582058456400,15:43:02.058,5.6500,61
56582059524848,15:43:02.059,5.6500,100
56735343113492,15:45:35.343,5.6550,78
56791497363996,15:46:31.497,5.6600,100
56791551888068,15:46:31.551,5.6600,100
56791551888068,15:46:31.551,5.6600,200
56791551888068,15:46:31.551,5.6600,100
56791551888068,15:46:31.551,5.6600,100
56791551888068,15:46:31.551,5.6600,100
56844438068960,15:47:24.438,5.6550,19
56928629021598,15:48:48.629,5.6550,181
56957470370621,15:49:17.470,5.6500,500
56957470370621,15:49:17.470,5.6500,100
56957470370621,15:49:17.470,5.6500,100
56957470370621,15:49:17.470,5.6500,100
56957470370621,15:49:17.470,5.6500,100
56957470370621,15:49:17.470,5.6500,100
56957470370621,15:49:17.470,5.6500,100
56957470370621,15:49:17.470,5.6500,100
56957471702686,15:49:17.471,5.6450,200
57005604230543,15:50:05.604,5.6500,100
57005604230543,15:50:05.604,5.6500,100
57005604230543,15:50:05.604,5.6500,200
57005604466019,15:50:05.604,5.6500,100
57005604466019,15:50:05.604,5.6500,99
57005604467549,15:50:05.604,5.6500,1
57005604467549,15:50:05.604,5.6500,26
57005604505100,15:50:05.604,5.6500,171
57005604508215,15:50:05.604,5.6500,103
57068205818878,15:51:08.205,5.6500,100
57068205818878,15:51:08.205,5.6500,400
57068205964914,15:51:08.205,5.6500,34
57068206381160,15:51:08.206,5.6500,100
57068206454979,15:51:08.206,5.6500,66
57068206454979,15:51:08.206,5.6500,34
57199305921961,15:53:19.305,5.6500,100
57199305921961,15:53:19.305,5.6500,900
57199305921961,15:53:19.305,5.6500,200
57204987788575,15:53:24.987,5.6400,100
57225490431309,15:53:45.490,5.6400,100
57237834187082,15:53:57.834,5.6400,200
57244245611319,15:54:04.245,5.6400,100
57260232991089,15:54:20.232,5.6400,80
57260232991089,15:54:20.232,5.6400,20
57268691638111,15:54:28.691,5.6400,80
57268691638111,15:54:28.691,5.6400,20
57308138442976,15:55:08.138,5.6450,100
57308138442976,15:55:08.138,5.6450,200
57308138442976,15:55:08.138,5.6500,200
57308138442976,15:55:08.138,5.6500,300
57308138442976,15:55:08.138,5.6500,200
57308138442976,15:55:08.138,5.6500,100
57308138442976,15:55:08.138,5.6500,100
57308138442976,15:55:08.138,5.6500,100
57325665406383,15:55:25.665,5.6450,200
57325665406383,15:55:25.665,5.6500,100
57378550377071,15:56:18.550,5.6500,100
57378550377071,15:56:18.550,5.6500,100
57390966898151,15:56:30.966,5.6450,100
57393366738047,15:56:33.366,5.6450,100
57397365708855,15:56:37.365,5.6450,100
57404366644175,15:56:44.366,5.6450,200
57431730856340,15:57:11.730,5.6400,200
57433444014372,15:57:13.444,5.6400,100
57437582446667,15:57:17.582,5.6400,100
57450429199838,15:57:30.429,5.6400,100
57450429199838,15:57:30.429,5.6400,100
57450627618813,15:57:30.627,5.6400,100
57451325383464,15:57:31.325,5.6400,100
57452918105153,15:57:32.918,5.6400,200
57464397736949,15:57:44.397,5.6400,100
57464397736949,15:57:44.397,5.6400,100
57468655422107,15:57:48.655,5.6400,100
57468655422107,15:57:48.655,5.6400,100
57468655630080,15:57:48.655,5.6400,100
57468655683724,15:57:48.655,5.6400,300
57468655683724,15:57:48.655,5.6400,200
57468655683724,15:57:48.655,5.6400,100
57468655683724,15:57:48.655,5.6400,100
57468655683724,15:57:48.655,5.6400,100
57468655683724,15:57:48.655,5.6400,262
57470049796294,15:57:50.049,5.6400,38
57470049796294,15:57:50.049,5.6400,62
57472341047738,15:57:52.341,5.6400,100
57472341470619,15:57:52.341,5.6400,38
57472341470619,15:57:52.341,5.6400,62
57473200865516,15:57:53.200,5.6400,285
57473200865516,15:57:53.200,5.6400,115
57473435894918,15:57:53.435,5.6400,200
57480212933045,15:58:00.212,5.6400,200
57481205481367,15:58:01.205,5.6400,200
57481205507964,15:58:01.205,5.6400,185
57481205507964,15:58:01.205,5.6400,300
57481205507964,15:58:01.205,5.6400,100
57481205507964,15:58:01.205,5.6400,100
57481205507964,15:58:01.205,5.6400,100
57481205507964,15:58:01.205,5.6400,200
57481205507964,15:58:01.205,5.6400,100
57481205507964,15:58:01.205,5.6400,100
57481205507964,15:58:01.205,5.6400,52
57481205507964,15:58:01.205,5.6400,200
57481205507964,15:58:01.205,5.6400,7
57481205661665,15:58:01.205,5.6400,900
57481205667253,15:58:01.205,5.6400,100
57481205731542,15:58:01.205,5.6400,600
57481205732042,15:58:01.205,5.6400,600
57485090136408,15:58:05.090,5.6350,200
57489073976150,15:58:09.073,5.6350,600
57489073976150,15:58:09.073,5.6300,100
57489073976150,15:58:09.073,5.6300,500
57489073976150,15:58:09.073,5.6300,100
57489073976150,15:58:09.073,5.6300,100
57489073976150,15:58:09.073,5.6300,100
57518558475396,15:58:38.558,5.6300,1500
57518558499628,15:58:38.558,5.6300,1162
57518558922815,15:58:38.558,5.6300,7
57519355050404,15:58:39.355,5.6300,190
57529382982563,15:58:49.382,5.6300,141
57529382982563,15:58:49.382,5.6300,70
57529440841532,15:58:49.440,5.6300,130
57529440841532,15:58:49.440,5.6300,100
57529440841532,15:58:49.440,5.6300,125
57539688432554,15:58:59.688,5.6350,200
57539688432554,15:58:59.688,5.6300,175
57539688432554,15:58:59.688,5.6300,195
57540576332204,15:59:00.576,5.6300,405
57540576332204,15:59:00.576,5.6300,395
57542569371062,15:59:02.569,5.6300,400
57552380833893,15:59:12.380,5.6300,505
57552380833893,15:59:12.380,5.6300,42
57552631626851,15:59:12.631,5.6300,58
57552631626851,15:59:12.631,5.6300,42
57553627772825,15:59:13.627,5.6300,58
57553627772825,15:59:13.627,5.6300,42
57554823623530,15:59:14.823,5.6300,200
57557644932066,15:59:17.644,5.6300,200
57558452590675,15:59:18.452,5.6300,59
57558452590675,15:59:18.452,5.6300,41
57566832794708,15:59:26.832,5.6300,100
57569016868103,15:59:29.016,5.6300,100
57570168164648,15:59:30.168,5.6300,130
57570168164648,15:59:30.168,5.6300,70
57570965429816,15:59:30.965,5.6300,30
57570965429816,15:59:30.965,5.6300,70
57571369255049,15:59:31.369,5.6300,200
57571474442104,15:59:31.474,5.6300,21
57571769241197,15:59:31.769,5.6300,500
57574491283108,15:59:34.491,5.6300,3
57577642892656,15:59:37.642,5.6300,200
57580127047078,15:59:40.127,5.6300,500
57581317245076,15:59:41.317,5.6300,200
57581515812854,15:59:41.515,5.6300,100
57581697598694,15:59:41.697,5.6400,400
57581697598694,15:59:41.697,5.6400,200
57581697598694,15:59:41.697,5.6400,400
57581697598694,15:59:41.697,5.6400,400
57581697598694,15:59:41.697,5.6400,200
57581697598694,15:59:41.697,5.6400,100
57581697598694,15:59:41.697,5.6400,300
57581697598694,15:59:41.697,5.6400,100
57581697598694,15:59:41.697,5.6400,110
57581698328173,15:59:41.698,5.6400,90
57581698328173,15:59:41.698,5.6400,12
57582577105108,15:59:42.577,5.6400,100
57590119976747,15:59:50.119,5.6400,2
57590120023967,15:59:50.120,5.6400,198
57590120023967,15:59:50.120,5.6400,100
57590120023967,15:59:50.120,5.6400,100
57590230806370,15:59:50.230,5.6500,48
57598678152424,15:59:58.678,5.6450,100
57598678152424,15:59:58.678,5.6500,152
57598678152424,15:59:58.678,5.6500,100
57598678152424,15:59:58.678,5.6500,186
57600546549593,16:00:00.546,5.6400,35933
