timestamp,time,price,volume
32877026783596,09:07:57.026,81.2000,100
33370192066115,09:16:10.192,81.2000,100
34180045755020,09:29:40.045,81.2600,100
34200283960010,09:30:00.283,0.0000,0
34202973574606,09:30:02.973,81.5800,60
34231282913917,09:30:31.282,81.7000,27
34231283080166,09:30:31.283,81.7000,151
34231283080696,09:30:31.283,81.7000,100
34231283219606,09:30:31.283,81.7000,22
34231283219606,09:30:31.283,81.7100,51
34231283219606,09:30:31.283,81.7100,78
34231283223461,09:30:31.283,81.7100,22
34255505364726,09:30:55.505,81.7500,100
34256235822983,09:30:56.235,81.8000,4
34261587508534,09:31:01.587,81.8000,5
34261587508534,09:31:01.587,81.8000,95
34261587845641,09:31:01.587,81.8000,5
34261588188324,09:31:01.588,81.8300,200
34277349077860,09:31:17.349,81.9500,100
34277349077860,09:31:17.349,81.9500,100
34278348688716,09:31:18.348,81.9700,52
34278348688716,09:31:18.348,81.9700,100
34278348688716,09:31:18.348,81.9700,48
34279348713175,09:31:19.348,81.9700,52
34300761212687,09:31:40.761,82.2100,100
34300761212687,09:31:40.761,82.2300,81
34300761212687,09:31:40.761,82.2300,100
34300761212687,09:31:40.761,82.2300,100
34300762421406,09:31:40.762,82.1500,30
34338026705320,09:32:18.026,82.0300,100
34338026705320,09:32:18.026,82.0300,100
34338026774399,09:32:18.026,82.0300,100
34338026841012,09:32:18.026,82.0400,100
34338027069861,09:32:18.027,82.0200,10
34338027210463,09:32:18.027,82.0100,100
34338027270929,09:32:18.027,82.0100,100
34338028839798,09:32:18.028,82.0100,10
34338028839798,09:32:18.028,82.0100,90
34338029162365,09:32:18.029,81.9800,100
34338041428039,09:32:18.041,81.8400,100
34338041428039,09:32:18.041,81.8400,100
34418348896165,09:33:38.348,81.9500,100
34418348896165,09:33:38.348,82.0000,100
34418348896165,09:33:38.348,82.0000,82
34418348896165,09:33:38.348,82.0000,100
34538321795698,09:35:38.321,81.6900,200
34538323079314,09:35:38.323,81.6700,100
34538323079314,09:35:38.323,81.6700,100
34538323120686,09:35:38.323,81.6700,100
34538323140521,09:35:38.323,81.6700,100
34538324219621,09:35:38.324,81.6500,100
34538324720584,09:35:38.324,81.6500,100
34538326711406,09:35:38.326,81.6200,100
34538326711406,09:35:38.326,81.6200,100
34538326787981,09:35:38.326,81.6200,100
34538327510244,09:35:38.327,81.6200,100
34538327510244,09:35:38.327,81.6200,73
34538434839242,09:35:38.434,81.6700,100
34542540548455,09:35:42.540,81.6600,19
34554225411565,09:35:54.225,81.7700,100
34554225411565,09:35:54.225,81.7700,100
34584673277044,09:36:24.673,81.7400,42
34584674181955,09:36:24.674,81.7400,58
34584674181955,09:36:24.674,81.7400,32
34584676468248,09:36:24.676,81.7300,100
34586761484674,09:36:26.761,81.7000,6
34615580835602,09:36:55.580,81.6500,100
34615580835602,09:36:55.580,81.6500,100
34615582103264,09:36:55.582,81.6500,100
34615582181671,09:36:55.582,81.6300,100
34624844328338,09:37:04.844,81.6500,1
34657187961810,09:37:37.187,81.6000,1
34710184852423,09:38:30.184,81.7300,23
34710184852423,09:38:30.184,81.7400,23
34710184852423,09:38:30.184,81.7400,100
34710185185692,09:38:30.185,81.7500,100
34710185185692,09:38:30.185,81.7500,23
34710185195135,09:38:30.185,81.7500,100
34710185270031,09:38:30.185,81.7500,100
34710185275415,09:38:30.185,81.7500,19
34710185279811,09:38:30.185,81.7500,100
34710185286472,09:38:30.185,81.7500,100
34710185292049,09:38:30.185,81.7500,100
34710185352663,09:38:30.185,81.7500,58
34710185795770,09:38:30.185,81.7500,10
34710186740512,09:38:30.186,81.7700,10
34710186740512,09:38:30.186,81.7500,10
34752772692781,09:39:12.772,81.7500,100
34752772692781,09:39:12.772,81.7500,42
34752773015742,09:39:12.773,81.7600,42
34752773015742,09:39:12.773,81.7600,100
34808081254603,09:40:08.081,81.7100,20
34808081254603,09:40:08.081,81.7000,80
34860419077733,09:41:00.419,81.8500,9
34860419077733,09:41:00.419,81.8500,100
34860419077733,09:41:00.419,81.8500,100
34860419535198,09:41:00.419,81.8500,50
34860420172407,09:41:00.420,81.8550,50
34898168529732,09:41:38.168,81.8000,19
34898168529732,09:41:38.168,81.7900,42
34898168529732,09:41:38.168,81.7900,39
34898168562219,09:41:38.168,81.7900,11
34898168562219,09:41:38.168,81.7900,100
34898168637651,09:41:38.168,81.7900,34
34898168710608,09:41:38.168,81.7900,34
34898168775802,09:41:38.168,81.7900,22
34898168841592,09:41:38.168,81.7900,10
34914379085789,09:41:54.379,81.7800,100
35039209503073,09:43:59.209,81.9200,9
35039209634749,09:43:59.209,81.9200,100
35039210196992,09:43:59.210,81.9500,9
35039210221513,09:43:59.210,81.9500,91
35039675036645,09:43:59.675,81.8700,20
35135843396642,09:45:35.843,81.9200,100
35156044734045,09:45:56.044,81.9100,51
35159061989605,09:45:59.061,81.9100,49
35159072726380,09:45:59.072,81.9800,100
35159072837272,09:45:59.072,81.9800,100
35159079553455,09:45:59.079,81.9300,100
35165057584403,09:46:05.057,81.9900,1
35223281906357,09:47:03.281,81.9400,1
35269754734485,09:47:49.754,81.8600,147
35269754740375,09:47:49.754,81.8600,53
35269754740375,09:47:49.754,81.8600,100
35269754740375,09:47:49.754,81.8600,37
35269754804214,09:47:49.754,81.8600,63
35269754804214,09:47:49.754,81.8600,1
35269755508699,09:47:49.755,81.8400,100
35269756292657,09:47:49.756,81.8200,100
35269927559056,09:47:49.927,81.7900,10
35280433634441,09:48:00.433,81.7700,100
35326969646590,09:48:46.969,81.6900,1
35332662720574,09:48:52.662,81.6400,1
35332662720574,09:48:52.662,81.6400,99
35332662747551,09:48:52.662,81.6400,1
35332662810975,09:48:52.662,81.6400,100
35332662844122,09:48:52.662,81.6400,100
35332663571386,09:48:52.663,81.6300,30
35332663586835,09:48:52.663,81.6400,100
35374251554030,09:49:34.251,81.5600,63
35380397662992,09:49:40.397,81.5900,1
35380397662992,09:49:40.397,81.5600,99
35389352592129,09:49:49.352,81.5600,100
35395542222995,09:49:55.542,81.5600,100
35401670334536,09:50:01.670,81.5500,100
35445042749323,09:50:45.042,81.5600,1
35454985629614,09:50:54.985,81.5100,100
35454985888573,09:50:54.985,81.5100,100
35501365591327,09:51:41.365,81.4600,1
35501365591327,09:51:41.365,81.4600,99
35501365993776,09:51:41.365,81.4500,100
35501391734914,09:51:41.391,81.4500,100
35505553215563,09:51:45.553,81.4500,100
35515340859894,09:51:55.340,81.4400,100
35515340990441,09:51:55.340,81.4400,100
35515396185477,09:51:55.396,81.4400,100
35523946622669,09:52:03.946,81.4000,100
35538520342133,09:52:18.520,81.3600,100
35546024755031,09:52:26.024,81.3400,90
35559948389022,09:52:39.948,81.3000,100
35641517382635,09:54:01.517,81.3900,100
35663598749714,09:54:23.598,81.4400,100
35666449227444,09:54:26.449,81.5400,100
35666449227444,09:54:26.449,81.5500,12
35666449227444,09:54:26.449,81.5600,12
35666449336201,09:54:26.449,81.5600,88
35666449538525,09:54:26.449,81.5600,100
35666449784295,09:54:26.449,81.5700,100
35666450354196,09:54:26.450,81.5500,100
35666451962610,09:54:26.451,81.5900,100
35667213557057,09:54:27.213,81.6200,100
35667542357755,09:54:27.542,81.6200,100
35681969987107,09:54:41.969,81.7300,1
35735540264127,09:55:35.540,81.7200,100
35760654312352,09:56:00.654,81.6300,100
35760654312352,09:56:00.654,81.6200,1
35760654543596,09:56:00.654,81.6200,99
35760654543596,09:56:00.654,81.6200,1
35760654570790,09:56:00.654,81.6200,100
35773766595012,09:56:13.766,81.5100,100
35773766666193,09:56:13.766,81.5100,100
35773767179669,09:56:13.767,81.4700,100
35773767244406,09:56:13.767,81.4700,100
35773767426452,09:56:13.767,81.4800,100
35773767822854,09:56:13.767,81.4600,100
35773767822854,09:56:13.767,81.4600,100
35773767829184,09:56:13.767,81.4600,200
35773767901903,09:56:13.767,81.4600,100
35773793871724,09:56:13.793,81.4700,19
35801683651388,09:56:41.683,81.4600,100
35810121701138,09:56:50.121,81.4600,100
35810121701138,09:56:50.121,81.4500,30
35816127230624,09:56:56.127,81.4500,70
35816127230624,09:56:56.127,81.4500,30
35886749049711,09:58:06.749,81.4600,1
35886749049711,09:58:06.749,81.4500,99
35886749143845,09:58:06.749,81.4600,100
35924045303237,09:58:44.045,81.4500,10
35924045303237,09:58:44.045,81.4500,20
35924045303237,09:58:44.045,81.4500,70
35929543406657,09:58:49.543,81.5300,100
35942237709117,09:59:02.237,81.4800,1
35991182015962,09:59:51.182,81.5100,80
35991182015962,09:59:51.182,81.5000,20
35991182096805,09:59:51.182,81.5000,80
36006363471030,10:00:06.363,81.4600,300
36006363471030,10:00:06.363,81.4600,69
36006364238391,10:00:06.364,81.4300,20
36006364240251,10:00:06.364,81.4300,12
36006364240251,10:00:06.364,81.4300,20
36006364240251,10:00:06.364,81.4300,80
36006364240251,10:00:06.364,81.4300,100
36006364240251,10:00:06.364,81.4300,29
36006366179070,10:00:06.366,81.4100,100
36006370152134,10:00:06.370,81.3700,100
36127680964638,10:02:07.680,81.3700,2
36127680985216,10:02:07.680,81.3400,21
36127680989308,10:02:07.680,81.3400,79
36127680989308,10:02:07.680,81.3400,48
36127680989308,10:02:07.680,81.3400,13
36127681019713,10:02:07.681,81.3400,187
36127681019713,10:02:07.681,81.3400,3
36127681019713,10:02:07.681,81.3400,24
36128912043413,10:02:08.912,81.3100,100
36128912067629,10:02:08.912,81.3100,35
36139676403745,10:02:19.676,81.2500,100
36139676403745,10:02:19.676,81.2500,29
36139676768744,10:02:19.676,81.2500,100
36139677997010,10:02:19.677,81.2500,90
36140208754648,10:02:20.208,81.2500,10
36145199599540,10:02:25.199,81.2800,100
36145204034296,10:02:25.204,81.3000,47
36145204034296,10:02:25.204,81.3000,53
36145204430042,10:02:25.204,81.3000,100
36145204659119,10:02:25.204,81.3100,100
36145205039289,10:02:25.205,81.3100,100
36145205504214,10:02:25.205,81.3100,100
36145210254747,10:02:25.210,81.2700,20
36148704998234,10:02:28.704,81.3300,24
36149779450063,10:02:29.779,81.2800,24
36149779450063,10:02:29.779,81.2700,76
36149779833161,10:02:29.779,81.2700,24
36164373454984,10:02:44.373,81.2300,100
36166687117620,10:02:46.687,81.2200,100
36171923067474,10:02:51.923,81.2400,100
36171923067474,10:02:51.923,81.2800,100
36171923067474,10:02:51.923,81.2900,100
36233120709193,10:03:53.120,81.1800,6
36235396350405,10:03:55.396,81.1600,100
36235396350405,10:03:55.396,81.1600,100
36235396376334,10:03:55.396,81.1600,15
36235444908923,10:03:55.444,81.1300,16
36261623313458,10:04:21.623,81.2800,100
36261623313458,10:04:21.623,81.2800,100
36261623313458,10:04:21.623,81.2900,85
36261623313458,10:04:21.623,81.2900,100
36261623313458,10:04:21.623,81.2900,100
36261623313458,10:04:21.623,81.2900,15
36261623373871,10:04:21.623,81.2900,85
36261623993015,10:04:21.623,81.2900,10
36267556624445,10:04:27.556,81.2100,6
36267557100019,10:04:27.557,81.2000,100
36267557100019,10:04:27.557,81.2000,200
36270563118863,10:04:30.563,81.1500,100
36270563118863,10:04:30.563,81.1400,100
36270563146398,10:04:30.563,81.1400,100
36270563146869,10:04:30.563,81.1400,100
36270563177320,10:04:30.563,81.1400,100
36270563191712,10:04:30.563,81.1400,100
36283516635578,10:04:43.516,81.1200,24
36321378364664,10:05:21.378,81.1200,23
36321378397785,10:05:21.378,81.1200,100
36321378397785,10:05:21.378,81.1200,71
36321378693749,10:05:21.378,81.1100,37
36321378693749,10:05:21.378,81.1100,11
36321378693749,10:05:21.378,81.1100,100
36331877030787,10:05:31.877,81.1000,100
36363344241342,10:06:03.344,81.1400,100
36363344241342,10:06:03.344,81.1500,100
36363344480306,10:06:03.344,81.1500,61
36363344861583,10:06:03.344,81.1500,39
36363344861583,10:06:03.344,81.1500,100
36432256706603,10:07:12.256,81.1300,100
36432256797527,10:07:12.256,81.1300,97
36432256836443,10:07:12.256,81.1300,3
36432256836443,10:07:12.256,81.1300,3
36432256836443,10:07:12.256,81.1300,71
36432256836443,10:07:12.256,81.1300,97
36432256838266,10:07:12.256,81.1300,3
36432263013070,10:07:12.263,81.1200,40
36535444104871,10:08:55.444,81.0900,100
36553210612642,10:09:13.210,81.0900,18
36577086100882,10:09:37.086,81.1400,100
36580971666250,10:09:40.971,81.0800,200
36580971666250,10:09:40.971,81.0800,20
36590069888081,10:09:50.069,81.0800,54
36590070302436,10:09:50.070,81.0800,26
36590070302436,10:09:50.070,81.0800,100
36590070302436,10:09:50.070,81.0800,40
36590070302436,10:09:50.070,81.0800,24
36693690613455,10:11:33.690,81.1700,100
36710068808257,10:11:50.068,81.2000,100
36710131444139,10:11:50.131,81.2100,100
36710289337011,10:11:50.289,81.2200,100
36710289394474,10:11:50.289,81.2400,100
36710289699096,10:11:50.289,81.2500,100
36720010863021,10:12:00.010,81.2100,100
36768293027708,10:12:48.293,81.1800,100
36768334861837,10:12:48.334,81.1600,3
36839971212984,10:13:59.971,81.1100,34
36839971348138,10:13:59.971,81.1100,6
36839971409609,10:13:59.971,81.1100,10
36851350027549,10:14:11.350,81.1000,5
36851497831113,10:14:11.497,81.1000,100
36851497831113,10:14:11.497,81.1000,100
36852330015187,10:14:12.330,81.1000,100
36887867951889,10:14:47.867,81.1000,100
36887867951889,10:14:47.867,81.1000,23
36917465386104,10:15:17.465,81.0600,29
36917465386104,10:15:17.465,81.0600,100
36917465386104,10:15:17.465,81.0600,100
36917465386104,10:15:17.465,81.0600,4
36917465432214,10:15:17.465,81.0500,12
36917465451029,10:15:17.465,81.0400,51
36917465489403,10:15:17.465,81.0400,49
36917465499107,10:15:17.465,81.0300,51
36917465531317,10:15:17.465,81.0300,24
36917465618010,10:15:17.465,81.0300,25
36917465696701,10:15:17.465,81.0200,93
36917465720013,10:15:17.465,81.0200,7
36927425288724,10:15:27.425,81.0100,100
36932602618125,10:15:32.602,81.0000,100
36932602618125,10:15:32.602,81.0000,40
36934425280283,10:15:34.425,80.9800,100
36977210803396,10:16:17.210,81.0000,100
36977210803396,10:16:17.210,81.0000,100
36977210803396,10:16:17.210,81.0000,100
37036517683174,10:17:16.517,80.9300,35
37036517709330,10:17:16.517,80.9300,65
37036517709330,10:17:16.517,80.9300,184
37039164989882,10:17:19.164,80.9300,100
37039567698407,10:17:19.567,80.9300,16
37039567698407,10:17:19.567,80.9300,5
37089862455954,10:18:09.862,80.9100,123
37089863554628,10:18:09.863,80.9000,3
37123248917304,10:18:43.248,80.9200,1
37134267649960,10:18:54.267,80.8800,100
37137701570867,10:18:57.701,80.8800,81
37156911964350,10:19:16.911,80.8800,15
37158307229001,10:19:18.307,80.9100,100
37158307229001,10:19:18.307,80.9100,100
37164444254484,10:19:24.444,80.8800,100
37164546517004,10:19:24.546,80.8800,40
37168000340051,10:19:28.000,80.8600,100
37202641213742,10:20:02.641,80.8300,100
37202641213742,10:20:02.641,80.8200,60
37202641213742,10:20:02.641,80.8200,100
37202641213742,10:20:02.641,80.8200,100
37202641213742,10:20:02.641,80.8200,40
37203137191528,10:20:03.137,80.7800,100
37203137191528,10:20:03.137,80.7800,100
37203137191528,10:20:03.137,80.7800,100
37203152866588,10:20:03.152,80.8100,100
37203439749198,10:20:03.439,80.8000,100
37231944079623,10:20:31.944,80.8900,100
37231944079623,10:20:31.944,80.8900,100
37231944079623,10:20:31.944,80.8900,10
37231944087009,10:20:31.944,80.8900,90
37350923648105,10:22:30.923,80.8600,100
37350923715224,10:22:30.923,80.8600,87
37350923715224,10:22:30.923,80.8600,8
37350923716402,10:22:30.923,80.8600,100
37350923764387,10:22:30.923,80.8600,100
37350923855561,10:22:30.923,80.8600,100
37378283275802,10:22:58.283,80.8500,100
37378283342395,10:22:58.283,80.8500,16
37378283505258,10:22:58.283,80.8400,100
37380848137928,10:23:00.848,80.8500,100
37416132162457,10:23:36.132,80.9000,100
37416132162457,10:23:36.132,80.9000,100
37416132819546,10:23:36.132,80.8900,100
37416132819546,10:23:36.132,80.8900,200
37416132819546,10:23:36.132,80.8900,100
37416133140740,10:23:36.133,80.8900,100
37416133727390,10:23:36.133,80.8600,10
37416140697022,10:23:36.140,80.8800,10
37416140726791,10:23:36.140,80.8900,10
37416148361859,10:23:36.148,80.8800,100
37416148361859,10:23:36.148,80.8900,100
37416148361859,10:23:36.148,80.8900,100
37416624636659,10:23:36.624,80.8200,100
37421131464793,10:23:41.131,80.8800,100
37421140761350,10:23:41.140,80.8800,100
37421140761350,10:23:41.140,80.8900,100
37421152477755,10:23:41.152,80.9200,75
37421154882989,10:23:41.154,80.9200,100
37421158471012,10:23:41.158,80.9200,100
37422304851182,10:23:42.304,80.8700,100
37422304914972,10:23:42.304,80.8700,100
37423199278559,10:23:43.199,80.8600,300
37423199278559,10:23:43.199,80.8600,100
37423199278559,10:23:43.199,80.8600,100
37423650307708,10:23:43.650,80.8900,100
37423650307708,10:23:43.650,80.9000,100
37423650307708,10:23:43.650,80.9100,300
37426652981418,10:23:46.652,81.0200,200
37426652981418,10:23:46.652,81.0200,100
37430652438114,10:23:50.652,81.0600,100
37431652377985,10:23:51.652,81.0600,100
37432651219510,10:23:52.651,81.0800,25
37432798937309,10:23:52.798,81.0800,75
37432798937309,10:23:52.798,81.0800,100
37434852814840,10:23:54.852,81.1100,100
37439790198583,10:23:59.790,81.1600,100
37439790198583,10:23:59.790,81.1600,100
37453871361460,10:24:13.871,81.1100,100
37453871411328,10:24:13.871,81.0700,5
37453871411328,10:24:13.871,81.0700,100
37453871411328,10:24:13.871,81.0700,100
37453877381387,10:24:13.877,81.0300,100
37453911895474,10:24:13.911,81.0200,100
37453911895474,10:24:13.911,81.0200,100
37453911895474,10:24:13.911,81.0200,100
37453917251674,10:24:13.917,80.9900,1
37507647357814,10:25:07.647,81.0400,100
37509221324215,10:25:09.221,81.0100,100
37516404462539,10:25:16.404,81.0300,43
37516404527471,10:25:16.404,81.0300,57
37516404527471,10:25:16.404,81.0400,43
37516404659511,10:25:16.404,81.0400,57
37516423028181,10:25:16.423,81.0000,100
37516423053334,10:25:16.423,81.0000,2
37516423094628,10:25:16.423,81.0000,98
37516426145391,10:25:16.426,81.0000,10
37516435519354,10:25:16.435,80.9900,100
37516439854962,10:25:16.439,80.9800,100
37517663619557,10:25:17.663,81.0000,100
37517663647440,10:25:17.663,81.0000,100
37517663672559,10:25:17.663,81.0000,100
37517663682252,10:25:17.663,81.0000,100
37517663699643,10:25:17.663,81.0000,100
37517663761421,10:25:17.663,81.0000,92
37517664129189,10:25:17.664,81.0000,8
37517664129189,10:25:17.664,81.0000,92
37517664327032,10:25:17.664,81.0000,8
37518652924903,10:25:18.652,81.0200,99
37518809797141,10:25:18.809,80.9900,100
37518809797141,10:25:18.809,80.9800,100
37519654655452,10:25:19.654,81.0200,100
37519654680651,10:25:19.654,81.0200,101
37519655067765,10:25:19.655,81.0200,100
37519655085355,10:25:19.655,81.0200,100
37520651192285,10:25:20.651,81.0800,100
37528491262827,10:25:28.491,81.0800,246
37528491302480,10:25:28.491,81.0800,54
37528491312926,10:25:28.491,81.0800,54
37528491345999,10:25:28.491,81.0800,46
37528491345999,10:25:28.491,81.0800,8
37530473650402,10:25:30.473,81.1400,89
37579400386034,10:26:19.400,81.1900,100
37674236218147,10:27:54.236,81.1800,100
37674236218147,10:27:54.236,81.1600,100
37674236218147,10:27:54.236,81.1500,100
37674236218147,10:27:54.236,81.1500,6
37674236247786,10:27:54.236,81.1500,94
37674236247786,10:27:54.236,81.1500,82
37674236266669,10:27:54.236,81.1500,18
37674236266669,10:27:54.236,81.1500,6
37679890573890,10:27:59.890,81.1200,100
37680692895721,10:28:00.692,81.1200,100
37680692895721,10:28:00.692,81.1200,100
37688419451000,10:28:08.419,81.1200,100
37721525114861,10:28:41.525,81.1100,6
37721525114861,10:28:41.525,81.1100,97
37721525119220,10:28:41.525,81.1100,203
37721525255301,10:28:41.525,81.1000,59
37728978873476,10:28:48.978,81.0800,100
37732019379131,10:28:52.019,81.0600,8
37732037184704,10:28:52.037,81.0500,100
37789850070749,10:29:49.850,81.1000,100
37934975041658,10:32:14.975,81.1500,100
37934975041658,10:32:14.975,81.1600,100
37934975527405,10:32:14.975,81.1600,100
37995396160460,10:33:15.396,81.2200,100
37995493477038,10:33:15.493,81.2100,100
37999050835274,10:33:19.050,81.2100,100
38015026545960,10:33:35.026,81.2200,100
38015026548967,10:33:35.026,81.2200,100
38015027601652,10:33:35.027,81.1900,100
38015027601652,10:33:35.027,81.1900,100
38015028502652,10:33:35.028,81.2100,10
38015028502652,10:33:35.028,81.2100,40
38042756302577,10:34:02.756,81.2700,59
38075999068415,10:34:35.999,81.2900,100
38075999068415,10:34:35.999,81.3000,100
38149857640242,10:35:49.857,81.3000,50
38229260717092,10:37:09.260,81.3100,100
38230475041260,10:37:10.475,81.3200,5
38230475041260,10:37:10.475,81.3200,10
38230475041260,10:37:10.475,81.3200,100
38230475041260,10:37:10.475,81.3200,1
38230475041260,10:37:10.475,81.3200,100
38230893298425,10:37:10.893,81.3100,100
38230893298425,10:37:10.893,81.3100,100
38234783378355,10:37:14.783,81.3000,392
38234783500404,10:37:14.783,81.3000,8
38238224245394,10:37:18.224,81.2800,100
38256026164226,10:37:36.026,81.3000,50
38256026164226,10:37:36.026,81.3000,50
38256026238791,10:37:36.026,81.3000,50
38256026238791,10:37:36.026,81.3000,50
38256026269605,10:37:36.026,81.3000,50
38256026269605,10:37:36.026,81.3000,100
38256026269605,10:37:36.026,81.3000,100
38273929822312,10:37:53.929,81.2700,14
38273960875441,10:37:53.960,81.2500,100
38273960875441,10:37:53.960,81.2500,400
38274669513475,10:37:54.669,81.2400,100
38289922581409,10:38:09.922,81.2800,99
38289922587081,10:38:09.922,81.2800,1
38289922587081,10:38:09.922,81.2800,100
38289922594683,10:38:09.922,81.2800,100
38289923459495,10:38:09.923,81.2800,100
38289924007895,10:38:09.924,81.2800,100
38295641464375,10:38:15.641,81.3200,2
38379202466011,10:39:39.202,81.2600,100
38380043812759,10:39:40.043,81.2400,100
38423307636270,10:40:23.307,81.2500,100
38455497447278,10:40:55.497,81.2500,100
38457476903387,10:40:57.476,81.2300,100
38464634871827,10:41:04.634,81.2200,100
38464634871827,10:41:04.634,81.2200,11
38464635915629,10:41:04.635,81.2100,12
38469217787473,10:41:09.217,81.1900,100
38469218137915,10:41:09.218,81.1900,100
38595101741789,10:43:15.101,81.2100,100
38595101741789,10:43:15.101,81.2100,100
38595101805966,10:43:15.101,81.2100,100
38611039557619,10:43:31.039,81.2400,100
38611039787691,10:43:31.039,81.2400,100
38636975208818,10:43:56.975,81.2300,2
38643275209963,10:44:03.275,81.2500,100
38685839339354,10:44:45.839,81.2700,100
38685840099381,10:44:45.840,81.2600,1
38685840099381,10:44:45.840,81.2600,99
38685840164141,10:44:45.840,81.2600,1
38775623692315,10:46:15.623,81.2900,100
38775637753010,10:46:15.637,81.3000,100
38775637753010,10:46:15.637,81.3000,100
38775638223876,10:46:15.638,81.3200,100
38808706222572,10:46:48.706,81.3000,15
38814082779336,10:46:54.082,81.3100,52
38814082794498,10:46:54.082,81.3100,48
38814082794498,10:46:54.082,81.3100,19
38814082806206,10:46:54.082,81.3100,81
38814107194774,10:46:54.107,81.3100,100
38827518065269,10:47:07.518,81.2800,100
38827518065269,10:47:07.518,81.2800,100
38838372462984,10:47:18.372,81.3000,100
38838372462984,10:47:18.372,81.3100,100
38859165929836,10:47:39.165,81.2600,3
38859166161949,10:47:39.166,81.2600,97
38859166179270,10:47:39.166,81.2600,58
38859166183794,10:47:39.166,81.2600,42
38859166183794,10:47:39.166,81.2600,25
38859166184515,10:47:39.166,81.2600,66
38859166223503,10:47:39.166,81.2600,9
38859166265403,10:47:39.166,81.2500,100
38859170365534,10:47:39.170,81.2500,100
38862265343506,10:47:42.265,81.2400,100
38924087088512,10:48:44.087,81.2700,9
38924087088512,10:48:44.087,81.2700,100
38924087088512,10:48:44.087,81.2700,65
38938100901514,10:48:58.100,81.3500,100
38979334369134,10:49:39.334,81.4000,100
38979337435652,10:49:39.337,81.4100,100
38995224636214,10:49:55.224,81.4000,100
39005023192404,10:50:05.023,81.3900,100
39005023192404,10:50:05.023,81.3900,100
39005023192404,10:50:05.023,81.3900,100
39005023192404,10:50:05.023,81.3900,7
39005023280834,10:50:05.023,81.3900,100
39005023299509,10:50:05.023,81.3900,100
39019168269372,10:50:19.168,81.3700,33
39035942543309,10:50:35.942,81.3700,23
39035942572104,10:50:35.942,81.3700,44
39035943949728,10:50:35.943,81.3600,23
39035944947439,10:50:35.944,81.3600,77
39038571164241,10:50:38.571,81.3400,100
39038571242214,10:50:38.571,81.3400,100
39042680084307,10:50:42.680,81.3400,100
39042681845733,10:50:42.681,81.3400,100
39109953587126,10:51:49.953,81.3400,100
39179082889150,10:52:59.082,81.3000,100
39179082951678,10:52:59.082,81.2900,7
39179864705155,10:52:59.864,81.2800,100
39244408946495,10:54:04.408,81.2500,100
39244409045592,10:54:04.409,81.2500,100
39244409622976,10:54:04.409,81.2500,100
39244409659703,10:54:04.409,81.2500,100
39244409894305,10:54:04.409,81.2500,100
39283828373346,10:54:43.828,81.2300,100
39293200590390,10:54:53.200,81.2400,100
39308073255528,10:55:08.073,81.2700,30
39308073346186,10:55:08.073,81.2700,70
39309205001652,10:55:09.205,81.2900,12
39310668243850,10:55:10.668,81.2900,88
39310668816585,10:55:10.668,81.3000,100
39318278616848,10:55:18.278,81.2900,15
39318278616848,10:55:18.278,81.2900,300
39402719781660,10:56:42.719,81.2600,100
39435026484326,10:57:15.026,81.2400,8
39435028615253,10:57:15.028,81.2300,10
39435114090076,10:57:15.114,81.2200,100
39447673278005,10:57:27.673,81.2600,100
39447673278005,10:57:27.673,81.2600,100
39519341660873,10:58:39.341,81.2400,8
39580762773575,10:59:40.762,81.3100,23
39580762798506,10:59:40.762,81.3100,1
39580763399677,10:59:40.763,81.3100,76
39580763399677,10:59:40.763,81.3100,100
39580763940003,10:59:40.763,81.3200,23
39580763975455,10:59:40.763,81.3200,20
39654940010710,11:00:54.940,81.3900,100
39659493949517,11:00:59.493,81.3900,100
39662827413319,11:01:02.827,81.4200,84
39662827532035,11:01:02.827,81.4200,16
39662827532035,11:01:02.827,81.4200,47
39662827532986,11:01:02.827,81.4200,53
39662827532986,11:01:02.827,81.4200,88
39662827582774,11:01:02.827,81.4200,12
39662941216505,11:01:02.941,81.4600,100
39666888782864,11:01:06.888,81.5100,14
39666888782864,11:01:06.888,81.5100,86
39666889019246,11:01:06.889,81.5100,14
39666889019246,11:01:06.889,81.5100,100
39666889019246,11:01:06.889,81.5100,18
39666889022487,11:01:06.889,81.5100,82
39666889053171,11:01:06.889,81.5100,100
39666921268021,11:01:06.921,81.5000,100
39832268368957,11:03:52.268,81.6500,100
39841435130346,11:04:01.435,81.6800,2
39894721062366,11:04:54.721,81.6600,5
39897289757514,11:04:57.289,81.6600,95
39897299130608,11:04:57.299,81.6600,100
39911423892814,11:05:11.423,81.6500,100
39911425243600,11:05:11.425,81.6900,100
39911425268792,11:05:11.425,81.6900,100
39912606243199,11:05:12.606,81.6700,100
39912606243199,11:05:12.606,81.6700,100
39912610755355,11:05:12.610,81.6900,100
40049335978933,11:07:29.335,81.6900,100
40049335978933,11:07:29.335,81.6900,100
40125626807471,11:08:45.626,81.7200,87
40125626813392,11:08:45.626,81.7200,13
40125627259613,11:08:45.627,81.7300,12
40129656590011,11:08:49.656,81.7600,1
40144991874352,11:09:04.991,81.7000,100
40179517535493,11:09:39.517,81.7200,95
40179517535493,11:09:39.517,81.7200,100
40179523746618,11:09:39.523,81.7400,100
40179523746618,11:09:39.523,81.7400,100
40183476731433,11:09:43.476,81.7100,100
40183476961147,11:09:43.476,81.7100,32
40210512028564,11:10:10.512,81.7600,100
40210512028564,11:10:10.512,81.7600,100
40210512449528,11:10:10.512,81.7700,100
40225639316523,11:10:25.639,81.7500,100
40231297970691,11:10:31.297,81.7400,5
40231297970691,11:10:31.297,81.7400,100
40231297970691,11:10:31.297,81.7400,100
40231297970691,11:10:31.297,81.7400,2
40231297970691,11:10:31.297,81.7400,100
40231298335173,11:10:31.298,81.7400,100
40249855280039,11:10:49.855,81.7400,100
40249857553920,11:10:49.857,81.7600,100
40255203417138,11:10:55.203,81.7350,100
40259071361305,11:10:59.071,81.7100,100
40259109898084,11:10:59.109,81.6900,100
40266563176353,11:11:06.563,81.7000,100
40266563322591,11:11:06.563,81.7000,1
40266563350464,11:11:06.563,81.7000,20
40266563377179,11:11:06.563,81.7000,59
40266563394897,11:11:06.563,81.7000,20
40266563394897,11:11:06.563,81.7000,80
40266563402657,11:11:06.563,81.7000,4
40266563409678,11:11:06.563,81.7000,16
40266563409678,11:11:06.563,81.7000,84
40266563422419,11:11:06.563,81.7000,8
40266563432892,11:11:06.563,81.7000,100
40266563434509,11:11:06.563,81.7000,8
40291210080137,11:11:31.210,81.7000,100
40345031177744,11:12:25.031,81.7400,39
40345031348281,11:12:25.031,81.7400,39
40345031375585,11:12:25.031,81.7400,22
40345031751171,11:12:25.031,81.7600,20
40351277637972,11:12:31.277,81.7600,100
40351278097901,11:12:31.278,81.7700,100
40360619409055,11:12:40.619,81.7500,100
40360619409055,11:12:40.619,81.7500,100
40360619757746,11:12:40.619,81.7500,100
40360619810873,11:12:40.619,81.7500,100
40360619863155,11:12:40.619,81.7500,100
40379333905570,11:12:59.333,81.7450,100
40388615281178,11:13:08.615,81.7300,100
40389584162832,11:13:09.584,81.7250,100
40397461354831,11:13:17.461,81.7100,100
40397803000521,11:13:17.803,81.7100,100
40501911448828,11:15:01.911,81.6900,100
40501911462349,11:15:01.911,81.6900,100
40501986901936,11:15:01.986,81.7100,100
40521281542797,11:15:21.281,81.6950,100
40521291490764,11:15:21.291,81.6700,11
40588992383795,11:16:28.992,81.7100,100
40616842248856,11:16:56.842,81.6800,6
40616842248856,11:16:56.842,81.6800,2
40616842359436,11:16:56.842,81.6900,100
40618042430687,11:16:58.042,81.6800,100
40618042476171,11:16:58.042,81.6700,100
40624657833862,11:17:04.657,81.6500,20
40637061730288,11:17:17.061,81.6700,100
40637405871383,11:17:17.405,81.6700,100
40637405871383,11:17:17.405,81.6800,100
40639454635722,11:17:19.454,81.6700,100
40726487954502,11:18:46.487,81.6550,100
40732312208218,11:18:52.312,81.6300,4
40757137938786,11:19:17.137,81.6500,35
40776037707506,11:19:36.037,81.6200,33
40801361548720,11:20:01.361,81.6100,100
40811078802985,11:20:11.078,81.5800,1
40811080564095,11:20:11.080,81.5700,100
40811080614164,11:20:11.080,81.5700,9
40859928730034,11:20:59.928,81.5600,100
40873360249079,11:21:13.360,81.5600,10
40873361789388,11:21:13.361,81.5500,100
40873379214955,11:21:13.379,81.5500,100
40873406054930,11:21:13.406,81.5400,100
40873426865592,11:21:13.426,81.5300,100
40873442579195,11:21:13.442,81.5300,100
40873458464814,11:21:13.458,81.5300,100
40880037960100,11:21:20.037,81.5300,100
40902226877047,11:21:42.226,81.5350,100
40909535469517,11:21:49.535,81.5200,100
40912503679688,11:21:52.503,81.5300,100
40924357258324,11:22:04.357,81.4900,100
40930461267253,11:22:10.461,81.4950,100
40931214712989,11:22:11.214,81.4950,100
40931462053291,11:22:11.462,81.4800,100
40931462084796,11:22:11.462,81.4800,6
40934358914334,11:22:14.358,81.4800,10
41013678922725,11:23:33.678,81.4900,100
41013679961148,11:23:33.679,81.5000,100
41013680013322,11:23:33.680,81.5000,100
41013696409265,11:23:33.696,81.5200,100
41013696409265,11:23:33.696,81.5300,100
41027884992178,11:23:47.884,81.5100,100
41058562125864,11:24:18.562,81.5500,9
41142411502059,11:25:42.411,81.5100,100
41142411526867,11:25:42.411,81.5100,100
41142411526867,11:25:42.411,81.5100,7
41143287725082,11:25:43.287,81.5100,100
41143287725082,11:25:43.287,81.5000,100
41143287751507,11:25:43.287,81.5000,100
41143488875475,11:25:43.488,81.5000,100
41199242613817,11:26:39.242,81.4800,100
41364450427337,11:29:24.450,81.5000,100
41364450427337,11:29:24.450,81.5000,100
41372218372768,11:29:32.218,81.5300,12
41414179917519,11:30:14.179,81.5100,8
41445208734947,11:30:45.208,81.5100,100
41538331931120,11:32:18.331,81.5300,100
41538331931564,11:32:18.331,81.5200,92
41538332111623,11:32:18.332,81.5200,108
41538332111623,11:32:18.332,81.5200,100
41538332142339,11:32:18.332,81.5200,100
41545165638687,11:32:25.165,81.5100,100
41545165638687,11:32:25.165,81.5000,100
41545165638687,11:32:25.165,81.5000,6
41545165667578,11:32:25.165,81.5000,94
41545165667578,11:32:25.165,81.5000,6
41545165729192,11:32:25.165,81.5000,100
41545209650283,11:32:25.209,81.5000,100
41545211658719,11:32:25.211,81.5000,100
41546341925352,11:32:26.341,81.5000,100
41546802372776,11:32:26.802,81.4900,100
41546802372776,11:32:26.802,81.4900,1
41590100946825,11:33:10.100,81.5200,100
41629986167934,11:33:49.986,81.5100,65
41629986192274,11:33:49.986,81.5100,35
41629986192274,11:33:49.986,81.5100,100
41669378092783,11:34:29.378,81.5450,1
41698188655668,11:34:58.188,81.5700,100
41703548733942,11:35:03.548,81.5900,100
41737677204680,11:35:37.677,81.5700,8
41737677204680,11:35:37.677,81.5700,7
41737678411678,11:35:37.678,81.5700,400
41737678444698,11:35:37.678,81.5700,200
41737678465819,11:35:37.678,81.5600,76
41737678493478,11:35:37.678,81.5600,24
41737678493478,11:35:37.678,81.5500,76
41737678612058,11:35:37.678,81.5500,24
41737678722508,11:35:37.678,81.5400,59
41746751814833,11:35:46.751,81.5500,100
41762873473128,11:36:02.873,81.5000,100
41762877587482,11:36:02.877,81.4900,100
41762877587482,11:36:02.877,81.4900,100
41762877587482,11:36:02.877,81.4900,100
41768536602142,11:36:08.536,81.4900,9
41770327778858,11:36:10.327,81.5100,100
41854281773406,11:37:34.281,81.5500,100
41854281798485,11:37:34.281,81.5500,100
41854281798485,11:37:34.281,81.5500,100
41854282745468,11:37:34.282,81.5800,100
41854282745468,11:37:34.282,81.5800,100
41936382121184,11:38:56.382,81.5400,100
41936384280803,11:38:56.384,81.5400,100
41948184388499,11:39:08.184,81.5300,100
41948184388499,11:39:08.184,81.5300,8
41948650454879,11:39:08.650,81.5100,100
41948650454879,11:39:08.650,81.5100,5
41948650504209,11:39:08.650,81.5100,95
41948650504209,11:39:08.650,81.5100,5
41948650530344,11:39:08.650,81.5100,95
41948650530344,11:39:08.650,81.5100,100
41948650530344,11:39:08.650,81.5100,100
41948650530344,11:39:08.650,81.5100,100
41948651188754,11:39:08.651,81.5000,100
41949028881314,11:39:09.028,81.4900,100
42003970604994,11:40:03.970,81.5000,100
42003970604994,11:40:03.970,81.5000,93
42003970628428,11:40:03.970,81.5000,7
42004115292707,11:40:04.115,81.5300,100
42083500812393,11:41:23.500,81.4900,77
42121476273766,11:42:01.476,81.5400,6
42121476298703,11:42:01.476,81.5400,78
42121579247508,11:42:01.579,81.5100,23
42121579247508,11:42:01.579,81.5100,77
42163060490383,11:42:43.060,81.5700,100
42187885679421,11:43:07.885,81.5800,100
42187908287749,11:43:07.908,81.6000,100
42187908287749,11:43:07.908,81.6000,100
42187940729438,11:43:07.940,81.6300,100
42187996317023,11:43:07.996,81.6600,100
42187996317023,11:43:07.996,81.6700,10
42187996317023,11:43:07.996,81.6700,100
42187996317023,11:43:07.996,81.6700,88
42188358464497,11:43:08.358,81.6800,100
42189535703120,11:43:09.535,81.6800,100
42189535840561,11:43:09.535,81.6600,100
42189539859234,11:43:09.539,81.6500,100
42270225253543,11:44:30.225,81.6800,100
42272853089079,11:44:32.853,81.7000,100
42278410341411,11:44:38.410,81.7200,12
42330486391528,11:45:30.486,81.7400,100
42374916456500,11:46:14.916,81.7200,300
42375574032529,11:46:15.574,81.7000,20
42375574078252,11:46:15.574,81.7000,20
42376261701158,11:46:16.261,81.7100,100
42397146248279,11:46:37.146,81.7400,100
42397146248279,11:46:37.146,81.7400,100
42397155598899,11:46:37.155,81.7700,18
42397546324573,11:46:37.546,81.7700,1
42397945152846,11:46:37.945,81.7700,1
42398496408851,11:46:38.496,81.7700,1
42398728007725,11:46:38.728,81.7700,1
42422465366604,11:47:02.465,81.7800,100
42456219154364,11:47:36.219,81.8300,100
42456219154364,11:47:36.219,81.8300,100
42456219154364,11:47:36.219,81.8300,100
42456222243276,11:47:36.222,81.8400,21
42484795949033,11:48:04.795,81.8800,1
42553672759932,11:49:13.672,81.9100,40
42557602002498,11:49:17.602,81.9100,10
42557602002498,11:49:17.602,81.9200,90
42557602233785,11:49:17.602,81.9200,10
42557602233785,11:49:17.602,81.9200,8
42557602237487,11:49:17.602,81.9200,92
42557602237487,11:49:17.602,81.9200,9
42557602240523,11:49:17.602,81.9200,34
42613542089018,11:50:13.542,81.8800,100
42613542089018,11:50:13.542,81.8800,100
42613542089018,11:50:13.542,81.8800,100
42613542089018,11:50:13.542,81.8800,100
42613543403587,11:50:13.543,81.8500,100
42613545315889,11:50:13.545,81.8400,100
42664769664475,11:51:04.769,81.8300,11
42664771182126,11:51:04.771,81.8500,2
42664771182126,11:51:04.771,81.8700,98
42694285746996,11:51:34.285,81.8000,2
42701339104052,11:51:41.339,81.8000,77
42792251248658,11:53:12.251,81.8400,100
42792251248658,11:53:12.251,81.8400,2
42880128560841,11:54:40.128,81.8500,197
42880128560841,11:54:40.128,81.8500,100
42880128560841,11:54:40.128,81.8500,3
42880128587393,11:54:40.128,81.8500,97
42903495860210,11:55:03.495,81.8800,2
42903495860210,11:55:03.495,81.8800,98
42903495936234,11:55:03.495,81.8800,2
42941132216113,11:55:41.132,81.8600,9
42949277942329,11:55:49.277,81.8500,100
42949278181349,11:55:49.278,81.8500,54
42961688702841,11:56:01.688,81.8500,46
42961688702841,11:56:01.688,81.8500,91
42961688702841,11:56:01.688,81.8500,100
42961688702841,11:56:01.688,81.8500,100
42961688702841,11:56:01.688,81.8500,100
42962705238873,11:56:02.705,81.8400,100
42962775410234,11:56:02.775,81.8200,100
42965105117440,11:56:05.105,81.8200,6
43009601966549,11:56:49.601,81.7700,100
43034570919938,11:57:14.570,81.8400,5
43034570944830,11:57:14.570,81.8400,95
43089882628907,11:58:09.882,81.7900,4
43099112619803,11:58:19.112,81.8300,4
43099112619803,11:58:19.112,81.8300,4
43161947221179,11:59:21.947,81.8200,50
43183812024748,11:59:43.812,81.7800,100
43198678375366,11:59:58.678,81.8300,18
43198678466010,11:59:58.678,81.8300,58
43198678648151,11:59:58.678,81.8300,24
43201635786567,12:00:01.635,81.8400,100
43201639813075,12:00:01.639,81.8500,100
43201639866913,12:00:01.639,81.8500,100
43215815323441,12:00:15.815,81.8500,100
43217201013704,12:00:17.201,81.8500,100
43285504613309,12:01:25.504,81.8200,100
43285504818841,12:01:25.504,81.8200,100
43285504826926,12:01:25.504,81.8200,1
43301882086221,12:01:41.882,81.7900,100
43320800360191,12:02:00.800,81.8100,100
43356656936716,12:02:36.656,81.8400,100
43356656936716,12:02:36.656,81.8400,83
43356656937905,12:02:36.656,81.8400,17
43356659020207,12:02:36.659,81.8500,5
43356675098650,12:02:36.675,81.8500,100
43357083148736,12:02:37.083,81.8600,100
43370592839811,12:02:50.592,81.8400,100
43370597015722,12:02:50.597,81.8500,100
43381019278502,12:03:01.019,81.8600,2
43381019307034,12:03:01.019,81.8600,98
43381020122650,12:03:01.020,81.8600,100
43385224031600,12:03:05.224,81.8650,100
43404745493838,12:03:24.745,81.8650,100
43414486720847,12:03:34.486,81.8500,100
43414486772106,12:03:34.486,81.8500,100
43414486775013,12:03:34.486,81.8500,100
43414486775013,12:03:34.486,81.8500,100
43414486775013,12:03:34.486,81.8500,1
43414486775013,12:03:34.486,81.8500,2
43414486807852,12:03:34.486,81.8500,98
43414491363310,12:03:34.491,81.8600,100
43414491363310,12:03:34.491,81.8700,100
43554231020476,12:05:54.231,81.8100,70
43554231020476,12:05:54.231,81.8100,9
43554231020476,12:05:54.231,81.8100,100
43554231020476,12:05:54.231,81.8100,100
43560048792838,12:06:00.048,81.7900,2
43560048792838,12:06:00.048,81.7900,8
43560048792838,12:06:00.048,81.7800,2
43560048792838,12:06:00.048,81.7800,8
43560048810451,12:06:00.048,81.7600,17
43560048815408,12:06:00.048,81.7600,55
43560411413174,12:06:00.411,81.7700,100
43565216212024,12:06:05.216,81.7600,28
43565216212024,12:06:05.216,81.7600,2
43565216212024,12:06:05.216,81.7600,8
43565216212024,12:06:05.216,81.7600,8
43594317303135,12:06:34.317,81.7600,100
43608215422982,12:06:48.215,81.7400,100
43610215018230,12:06:50.215,81.7400,100
43611063181017,12:06:51.063,81.7500,66
43611063205575,12:06:51.063,81.7500,34
43612498144885,12:06:52.498,81.7400,100
43613214434704,12:06:53.214,81.7400,100
43638665073766,12:07:18.665,81.7600,1
43638665073766,12:07:18.665,81.7600,51
43638665099119,12:07:18.665,81.7600,49
43658435253886,12:07:38.435,81.7700,100
43658435253886,12:07:38.435,81.7700,50
43658435279031,12:07:38.435,81.7700,50
43721371470860,12:08:41.371,81.7800,100
43721371470860,12:08:41.371,81.7800,100
43721371476523,12:08:41.371,81.7800,100
43722462149312,12:08:42.462,81.8000,100
43774896807086,12:09:34.896,81.8100,100
43774928082061,12:09:34.928,81.8000,100
43785216345090,12:09:45.216,81.7900,100
43790217137084,12:09:50.217,81.7900,9
43790217137084,12:09:50.217,81.7900,91
43793242641162,12:09:53.242,81.7900,9
43795073930616,12:09:55.073,81.7800,100
43795079013643,12:09:55.079,81.8200,100
43827491742794,12:10:27.491,81.8300,100
43827491742794,12:10:27.491,81.8300,100
43836422144287,12:10:36.422,81.8500,30
43862716250713,12:11:02.716,81.8500,30
43862716267672,12:11:02.716,81.8500,56
43862716275441,12:11:02.716,81.8500,14
43865569427395,12:11:05.569,81.8450,100
43884526864374,12:11:24.526,81.8600,100
43884526864374,12:11:24.526,81.8600,93
43884526890039,12:11:24.526,81.8600,7
43981331142444,12:13:01.331,81.8800,100
43981331142444,12:13:01.331,81.8800,100
43987283847870,12:13:07.283,81.9100,95
43987288331686,12:13:07.288,81.9100,5
44031219208372,12:13:51.219,81.8900,10
44058126743766,12:14:18.126,81.8800,77
44058126748123,12:14:18.126,81.8800,23
44058126748123,12:14:18.126,81.8800,53
44058126761340,12:14:18.126,81.8800,47
44058126761340,12:14:18.126,81.8800,8
44058126963274,12:14:18.126,81.8800,1
44058132375609,12:14:18.132,81.8700,100
44058200736970,12:14:18.200,81.8700,10
44058200736970,12:14:18.200,81.8700,90
44058643762969,12:14:18.643,81.8600,100
44058643762969,12:14:18.643,81.8600,100
44058874162327,12:14:18.874,81.8600,100
44086327589371,12:14:46.327,81.8900,100
44086327589371,12:14:46.327,81.8900,100
44111866121454,12:15:11.866,81.9400,60
44161015301857,12:16:01.015,81.9300,100
44161016636849,12:16:01.016,81.9600,100
44161016636849,12:16:01.016,81.9600,100
44161022950116,12:16:01.022,81.9800,100
44161022952781,12:16:01.022,81.9900,100
44161030599936,12:16:01.030,81.9900,100
44167191849926,12:16:07.191,81.9650,7
44167191907419,12:16:07.191,81.9650,7
44208157158609,12:16:48.157,81.9800,100
44208157158609,12:16:48.157,81.9800,65
44208157165459,12:16:48.157,81.9800,35
44220309356945,12:17:00.309,82.0100,100
44223143490003,12:17:03.143,82.0300,33
44223143515697,12:17:03.143,82.0300,67
44320761379293,12:18:40.761,82.0500,100
44320761379293,12:18:40.761,82.0500,100
44320779192955,12:18:40.779,82.0500,100
44323390148866,12:18:43.390,82.0200,200
44323390148866,12:18:43.390,82.0200,3
44323390148866,12:18:43.390,82.0200,100
44323390148866,12:18:43.390,82.0200,58
44323390148866,12:18:43.390,82.0200,100
44323391934640,12:18:43.391,82.0100,100
44325986062380,12:18:45.986,82.0000,100
44330832937409,12:18:50.832,82.0000,100
44341863858106,12:19:01.863,82.0100,100
44341863858106,12:19:01.863,82.0100,100
44342977612501,12:19:02.977,82.0100,200
44378588947890,12:19:38.588,82.0700,100
44378588947890,12:19:38.588,82.0700,100
44378588947890,12:19:38.588,82.0700,100
44378588947890,12:19:38.588,82.0700,100
44378594280584,12:19:38.594,82.0800,100
44439863473821,12:20:39.863,82.0800,100
44467185502969,12:21:07.185,82.0400,195
44467185502969,12:21:07.185,82.0400,5
44467185502969,12:21:07.185,82.0400,1
44467185502969,12:21:07.185,82.0400,142
44507492567321,12:21:47.492,82.0600,100
44507492592891,12:21:47.492,82.0600,100
44507492592891,12:21:47.492,82.0600,18
44507514475806,12:21:47.514,82.0800,18
44520066545053,12:22:00.066,82.0800,82
44570412951895,12:22:50.412,82.0600,100
44570412951895,12:22:50.412,82.0400,100
44570422756282,12:22:50.422,82.0400,1
44570422756282,12:22:50.422,82.0400,99
44603852748811,12:23:23.852,82.0400,1
44603852748811,12:23:23.852,82.0400,100
44603852748811,12:23:23.852,82.0400,95
44646802903510,12:24:06.802,82.0200,100
44647005520272,12:24:07.005,82.0200,1
44647007221791,12:24:07.007,82.0100,100
44647007679807,12:24:07.007,82.0100,100
44647007679807,12:24:07.007,82.0100,100
44689066096004,12:24:49.066,81.9900,1
44689066096004,12:24:49.066,81.9900,100
44689066096004,12:24:49.066,81.9900,41
44689222088249,12:24:49.222,82.0200,69
44689222092853,12:24:49.222,82.0200,31
44689222092853,12:24:49.222,82.0200,24
44689222096655,12:24:49.222,82.0200,76
44689222096655,12:24:49.222,82.0200,100
44774407883314,12:26:14.407,82.0100,100
44774407883314,12:26:14.407,82.0100,20
44774407887270,12:26:14.407,82.0100,55
44774407956671,12:26:14.407,82.0100,25
44774407956671,12:26:14.407,82.0100,100
44876058140281,12:27:56.058,82.0600,65
44876058145044,12:27:56.058,82.0600,35
44876058145044,12:27:56.058,82.0600,1
44876058145044,12:27:56.058,82.0600,74
44876058164478,12:27:56.058,82.0600,26
44881103698754,12:28:01.103,82.1000,9
44881103698754,12:28:01.103,82.1000,100
44946231624102,12:29:06.231,82.1200,158
44960617346918,12:29:20.617,82.1300,2
44960617346918,12:29:20.617,82.1300,38
44960617346918,12:29:20.617,82.1300,44
44960617365073,12:29:20.617,82.1300,56
44960617371802,12:29:20.617,82.1300,18
44960618016236,12:29:20.618,82.1400,22
44960618359250,12:29:20.618,82.1400,2
44967087043425,12:29:27.087,82.1500,4
45010114755769,12:30:10.114,82.1200,193
45010114755769,12:30:10.114,82.1200,7
45010115837801,12:30:10.115,82.1200,93
45010115837801,12:30:10.115,82.1200,7
45010115837801,12:30:10.115,82.1200,100
45010115837801,12:30:10.115,82.1200,100
45010115865793,12:30:10.115,82.1200,1
45010115867069,12:30:10.115,82.1200,1
45010116268844,12:30:10.116,82.1200,99
45017087408568,12:30:17.087,82.1200,100
45017087408568,12:30:17.087,82.1200,75
45017087475290,12:30:17.087,82.1200,25
45017087475290,12:30:17.087,82.1200,200
45017192810117,12:30:17.192,82.1200,100
45017251967286,12:30:17.251,82.1200,98
45017273834358,12:30:17.273,82.1000,100
45127731807965,12:32:07.731,82.0900,100
45127731919084,12:32:07.731,82.0900,100
45127754054664,12:32:07.754,82.0800,100
45127768034560,12:32:07.768,82.0800,100
45130476745921,12:32:10.476,82.0800,100
45132370553907,12:32:12.370,82.0700,100
45132375983373,12:32:12.375,82.0600,100
45132391911950,12:32:12.391,82.0600,100
45142852792387,12:32:22.852,82.0400,100
45149407237572,12:32:29.407,82.0300,100
45160577678978,12:32:40.577,82.0500,2
45187210254070,12:33:07.210,82.0200,100
45187210310485,12:33:07.210,82.0200,4
45187210310485,12:33:07.210,82.0200,1
45187210506828,12:33:07.210,82.0100,2
45187210521918,12:33:07.210,82.0000,2
45187210521918,12:33:07.210,82.0000,100
45187210521918,12:33:07.210,82.0000,7
45187210526936,12:33:07.210,82.0000,93
45187210526936,12:33:07.210,82.0000,10
45187210539851,12:33:07.210,82.0000,5
45208561384807,12:33:28.561,82.0000,100
45208561489361,12:33:28.561,82.0000,100
45209524001162,12:33:29.524,82.0100,29
45215721134046,12:33:35.721,81.9900,1
45215721994195,12:33:35.721,81.9900,100
45215722576805,12:33:35.722,81.9800,44
45221001077093,12:33:41.001,81.9800,100
45221001077093,12:33:41.001,81.9700,2
45221001077093,12:33:41.001,81.9700,98
45221001421349,12:33:41.001,81.9700,2
45223418524025,12:33:43.418,81.9700,100
45247272316846,12:34:07.272,82.0000,100
45247272375189,12:34:07.272,82.0000,53
45247272375189,12:34:07.272,82.0000,1
45247272375189,12:34:07.272,82.0000,1
45247300793166,12:34:07.300,82.0200,100
45270928170705,12:34:30.928,81.9900,100
45314929551271,12:35:14.929,82.0200,27
45314929575751,12:35:14.929,82.0300,30
45314929585074,12:35:14.929,82.0300,51
45314930396196,12:35:14.930,82.0300,19
45324767435172,12:35:24.767,82.0500,100
45324767435172,12:35:24.767,82.0500,100
45324767435172,12:35:24.767,82.0500,83
45324768014264,12:35:24.768,82.0500,100
45374427950079,12:36:14.427,82.0000,44
45374427950079,12:36:14.427,82.0000,100
45374427950079,12:36:14.427,82.0000,56
45374428189396,12:36:14.428,82.0000,44
45374428189396,12:36:14.428,82.0000,56
45374428190525,12:36:14.428,82.0000,100
45440121071748,12:37:20.121,82.0400,2
45514674886839,12:38:34.674,82.0200,100
45514674886839,12:38:34.674,82.0100,100
45532468003828,12:38:52.468,82.0400,26
45532468029993,12:38:52.468,82.0400,74
45532468029993,12:38:52.468,82.0400,100
45532468718299,12:38:52.468,82.0500,100
45532469060930,12:38:52.469,82.0600,70
45581398827244,12:39:41.398,82.0600,11
45581398851361,12:39:41.398,82.0600,8
45590138900691,12:39:50.138,82.0600,11
45604461689538,12:40:04.461,82.0800,100
45604461689538,12:40:04.461,82.0800,1
45611154453184,12:40:11.154,82.0600,52
45635485822524,12:40:35.485,82.0600,100
45635485981575,12:40:35.485,82.0600,4
45635485981575,12:40:35.485,82.0600,114
45635486100325,12:40:35.486,82.0600,30
45635486100325,12:40:35.486,82.0600,91
45635486137488,12:40:35.486,82.0600,9
45635486137488,12:40:35.486,82.0600,52
45635486137488,12:40:35.486,82.0600,100
45652409325563,12:40:52.409,82.0700,20
45708541598833,12:41:48.541,82.0200,100
45708543696842,12:41:48.543,82.0200,100
45708544553168,12:41:48.544,82.0200,100
45708544553168,12:41:48.544,82.0100,1
45708544553168,12:41:48.544,82.0100,1
45708544553168,12:41:48.544,82.0100,82
45708544553168,12:41:48.544,82.0100,18
45708545993461,12:41:48.545,82.0100,71
45708546030421,12:41:48.546,82.0100,51
45708812713964,12:41:48.812,82.0000,30
45710912546942,12:41:50.912,82.0000,70
45715474454635,12:41:55.474,81.9900,1
45715474454635,12:41:55.474,81.9800,1
45715474454635,12:41:55.474,81.9700,1
45715474454635,12:41:55.474,81.9700,97
45715478425085,12:41:55.478,82.0000,100
45722145595445,12:42:02.145,81.9800,100
45722145595445,12:42:02.145,81.9800,100
45724942690886,12:42:04.942,81.9700,3
45724942690886,12:42:04.942,81.9700,23
45724946959375,12:42:04.946,81.9700,174
45725525288066,12:42:05.525,81.9700,1
45732388872814,12:42:12.388,81.9600,100
45732388902496,12:42:12.388,81.9600,1
45739231283601,12:42:19.231,81.9500,1
45739231283601,12:42:19.231,81.9500,99
45745813655572,12:42:25.813,81.9400,100
45745813731286,12:42:25.813,81.9400,1
45767302735539,12:42:47.302,81.9600,100
45767302735539,12:42:47.302,81.9600,100
45767302735539,12:42:47.302,81.9600,25
45767303201922,12:42:47.303,81.9600,75
45767315199783,12:42:47.315,81.9800,100
45767315199783,12:42:47.315,81.9800,12
45767337923456,12:42:47.337,82.0100,100
45767349289016,12:42:47.349,82.0200,100
45782072088664,12:43:02.072,82.0300,100
45782072088664,12:43:02.072,82.0300,100
45782072088664,12:43:02.072,82.0300,100
45782072088664,12:43:02.072,82.0300,100
45782072088664,12:43:02.072,82.0300,100
45829957070292,12:43:49.957,82.0000,98
45829957070292,12:43:49.957,82.0000,78
45829957070292,12:43:49.957,82.0000,25
45829957070292,12:43:49.957,82.0000,99
45829979222491,12:43:49.979,81.9800,100
45829979222491,12:43:49.979,81.9800,100
45829979222491,12:43:49.979,81.9800,100
45829979222491,12:43:49.979,81.9800,100
45829979222491,12:43:49.979,81.9800,201
45829979222491,12:43:49.979,81.9800,99
45829988885784,12:43:49.988,82.0000,99
45829988885784,12:43:49.988,82.0000,201
45898011726103,12:44:58.011,82.0100,100
45898011726103,12:44:58.011,82.0100,4
45898012353522,12:44:58.012,82.0400,100
45898012600327,12:44:58.012,82.0200,100
45990644627717,12:46:30.644,82.0300,55
45990644642835,12:46:30.644,82.0300,44
45990644642835,12:46:30.644,82.0300,44
45990644643578,12:46:30.644,82.0300,49
45990644644872,12:46:30.644,82.0300,108
45990647847452,12:46:30.647,82.0200,100
45993711498574,12:46:33.711,82.0100,1
45993713286286,12:46:33.713,82.0000,100
45993765578689,12:46:33.765,81.9900,100
45993765578689,12:46:33.765,81.9800,100
45993765908796,12:46:33.765,81.9700,100
46015516451005,12:46:55.516,82.0000,100
46015516451005,12:46:55.516,82.0100,4
46015516451005,12:46:55.516,82.0100,96
46015516766471,12:46:55.516,82.0100,4
46160507225144,12:49:20.507,82.0200,100
46160507250827,12:49:20.507,82.0200,3
46190660437248,12:49:50.660,82.0200,100
46190660464916,12:49:50.660,82.0200,100
46267122927095,12:51:07.122,82.0500,3
46267122927095,12:51:07.122,82.0500,22
46267122956751,12:51:07.122,82.0500,11
46269262608706,12:51:09.262,82.0200,100
46295702701296,12:51:35.702,82.0100,100
46295702753162,12:51:35.702,82.0000,100
46389797087748,12:53:09.797,82.0100,100
46389797112003,12:53:09.797,82.0100,140
46429665081383,12:53:49.665,82.0000,100
46429665081383,12:53:49.665,82.0000,100
46429667194609,12:53:49.667,82.0000,100
46438155266845,12:53:58.155,81.9900,200
46438155707902,12:53:58.155,81.9900,1
46444617436470,12:54:04.617,81.9900,99
46444617436470,12:54:04.617,81.9900,201
46444617830157,12:54:04.617,81.9900,11
46444617914265,12:54:04.617,81.9900,89
46446897066993,12:54:06.897,81.9800,100
46450317130460,12:54:10.317,81.9700,200
46450317130460,12:54:10.317,81.9600,100
46450317130460,12:54:10.317,81.9600,100
46455468474972,12:54:15.468,81.9500,99
46455468474972,12:54:15.468,81.9500,101
46455468504820,12:54:15.468,81.9500,100
46476120882603,12:54:36.120,81.9100,100
46476161768555,12:54:36.161,81.9100,200
46524802607256,12:55:24.802,81.8900,51
46524802619811,12:55:24.802,81.8900,49
46524803956640,12:55:24.803,81.9000,200
46545675420961,12:55:45.675,81.9000,200
46545675420961,12:55:45.675,81.8900,100
46549556954933,12:55:49.556,81.9300,1
46549556954933,12:55:49.556,81.9300,100
46549557100760,12:55:49.557,81.9400,56
46549557134647,12:55:49.557,81.9400,44
46549557134647,12:55:49.557,81.9400,27
46549557182735,12:55:49.557,81.9400,71
46549557245806,12:55:49.557,81.9300,100
46550716686552,12:55:50.716,81.9200,200
46550716686552,12:55:50.716,81.9200,100
46550716686552,12:55:50.716,81.9200,100
46550716686552,12:55:50.716,81.9200,100
46569275722591,12:56:09.275,81.9400,100
46569275722591,12:56:09.275,81.9400,5
46569276553501,12:56:09.276,81.9500,100
46615396828501,12:56:55.396,81.9600,100
46615396857531,12:56:55.396,81.9600,100
46625010402890,12:57:05.010,81.9700,30
46625010403508,12:57:05.010,81.9700,55
46625010428501,12:57:05.010,81.9700,15
46642266444877,12:57:22.266,81.9700,300
46736625298704,12:58:56.625,81.9300,16
46736731482613,12:58:56.731,81.9100,99
46736731506684,12:58:56.731,81.9100,201
46746012292617,12:59:06.012,81.9200,95
46746012294121,12:59:06.012,81.9200,5
46746012294121,12:59:06.012,81.9200,7
46769410740726,12:59:29.410,81.9200,100
46834899634264,13:00:34.899,81.8900,47
46834899641486,13:00:34.899,81.8900,2
46834899721695,13:00:34.899,81.8900,48
46834899748259,13:00:34.899,81.8900,3
46873415844871,13:01:13.415,81.8800,100
46873415864079,13:01:13.415,81.9000,43
46873415868146,13:01:13.415,81.9000,47
46873415868670,13:01:13.415,81.9000,10
46895317547182,13:01:35.317,81.9100,5
46895317547844,13:01:35.317,81.9100,47
46895317570415,13:01:35.317,81.9100,48
46895317575481,13:01:35.317,81.9100,100
46895317575481,13:01:35.317,81.9100,4
46895317575481,13:01:35.317,81.9100,100
46895317575481,13:01:35.317,81.9100,100
46933561269808,13:02:13.561,81.9000,100
47034602208547,13:03:54.602,81.9300,5
47034602208547,13:03:54.602,81.9300,100
47064777371164,13:04:24.777,81.9000,72
47064777371164,13:04:24.777,81.9000,100
47064777371164,13:04:24.777,81.9000,100
47064777371164,13:04:24.777,81.9000,100
47064778270853,13:04:24.778,81.8700,91
47064778280366,13:04:24.778,81.8700,9
47064778280366,13:04:24.778,81.8700,38
47064778411202,13:04:24.778,81.8700,53
47067158490544,13:04:27.158,81.8700,100
47116622028958,13:05:16.622,81.8800,18
47116622063864,13:05:16.622,81.8800,82
47160135189867,13:06:00.135,81.8900,96
47160135196580,13:06:00.135,81.8900,4
47160135196580,13:06:00.135,81.8900,5
47160135196580,13:06:00.135,81.8900,86
47160135214210,13:06:00.135,81.8900,14
47207018536575,13:06:47.018,81.9000,100
47207018536575,13:06:47.018,81.9000,100
47207018561820,13:06:47.018,81.9000,4
47207018662363,13:06:47.018,81.9200,100
47261637923979,13:07:41.637,81.8900,100
47263932716992,13:07:43.932,81.8900,100
47263932765517,13:07:43.932,81.8900,100
47356856431453,13:09:16.856,81.9200,1
47356856431453,13:09:16.856,81.9200,100
47424574367349,13:10:24.574,81.8900,1
47424574367349,13:10:24.574,81.8900,99
47424574398284,13:10:24.574,81.8900,1
47444769084049,13:10:44.769,81.9000,16
47461696084034,13:11:01.696,81.9200,100
47461696084034,13:11:01.696,81.9200,97
47461696102275,13:11:01.696,81.9200,3
47470330950914,13:11:10.330,81.9300,100
47470330957815,13:11:10.330,81.9300,97
47470331001224,13:11:10.331,81.9300,3
47542261076738,13:12:22.261,81.9000,1
47554588725819,13:12:34.588,81.8900,5
47625753674843,13:13:45.753,81.8900,100
47642657937606,13:14:02.657,81.9000,100
47642658550737,13:14:02.658,81.9000,100
47649810910791,13:14:09.810,81.9200,3
47684758503626,13:14:44.758,81.9400,100
47684786107145,13:14:44.786,81.9100,100
47688780407651,13:14:48.780,81.9400,100
47688804109803,13:14:48.804,81.9400,100
47688959130324,13:14:48.959,81.9200,100
47688959130324,13:14:48.959,81.9200,95
47702362807250,13:15:02.362,81.8900,13
47702363130079,13:15:02.363,81.8900,100
47704848024394,13:15:04.848,81.8900,100
47705737363746,13:15:05.737,81.8800,48
47705737390557,13:15:05.737,81.8800,52
47733097167270,13:15:33.097,81.8700,100
47733097225310,13:15:33.097,81.8800,100
47733097462089,13:15:33.097,81.8900,1
47733098426295,13:15:33.098,81.9000,17
47733098426295,13:15:33.098,81.9000,83
47733098455730,13:15:33.098,81.9000,17
47733098629089,13:15:33.098,81.9100,100
47733483527604,13:15:33.483,81.8900,100
47733483527604,13:15:33.483,81.8900,300
47733483555209,13:15:33.483,81.8900,2
47733483555209,13:15:33.483,81.8900,100
47733483558732,13:15:33.483,81.8900,102
47733483905580,13:15:33.483,81.8900,100
47759822041546,13:15:59.822,81.9100,49
47759822091736,13:15:59.822,81.9100,51
47795232427868,13:16:35.232,81.8900,24
47795232427868,13:16:35.232,81.8900,76
47930273332628,13:18:50.273,81.8900,100
47938452842541,13:18:58.452,81.9100,1
47981142900625,13:19:41.142,81.9100,99
47981142900625,13:19:41.142,81.9100,100
47981142900625,13:19:41.142,81.9100,6
48024492217773,13:20:24.492,81.9100,85
48024576794499,13:20:24.576,81.9100,15
48045790834049,13:20:45.790,81.9000,100
48045855858666,13:20:45.855,81.8900,100
48045858832995,13:20:45.858,81.8900,112
48045951850702,13:20:45.951,81.8900,100
48045952778306,13:20:45.952,81.8900,100
48045952842248,13:20:45.952,81.8900,694
48045953897127,13:20:45.953,81.8900,100
48045953897127,13:20:45.953,81.8900,540
48045962032666,13:20:45.962,81.8900,100
48045967860565,13:20:45.967,81.9000,100
48047418163857,13:20:47.418,81.8900,100
48047418163857,13:20:47.418,81.8900,100
48059969627245,13:20:59.969,81.9100,8
48059969627245,13:20:59.969,81.9100,100
48059969733001,13:20:59.969,81.9200,100
48059971788807,13:20:59.971,81.9200,100
48062824655780,13:21:02.824,81.9300,100
48062932287593,13:21:02.932,81.9500,100
48063411749603,13:21:03.411,81.9500,100
48065470776426,13:21:05.470,81.9600,100
48065683377199,13:21:05.683,81.9600,100
48065779600265,13:21:05.779,81.9500,100
48147885768374,13:22:27.885,81.9650,100
48170256798124,13:22:50.256,81.9400,100
48170256798124,13:22:50.256,81.9400,100
48170259089166,13:22:50.259,81.9300,100
48170259129872,13:22:50.259,81.9300,100
48170259153041,13:22:50.259,81.9300,100
48241256079098,13:24:01.256,81.9150,10
48267705527218,13:24:27.705,81.9300,100
48267705527218,13:24:27.705,81.9400,100
48267705527218,13:24:27.705,81.9400,100
48267705968170,13:24:27.705,81.9400,12
48267706172419,13:24:27.706,81.9500,35
48269642436940,13:24:29.642,81.9200,90
48269642436940,13:24:29.642,81.9000,10
48292644528802,13:24:52.644,81.9200,100
48375861440516,13:26:15.861,81.8900,100
48375861466096,13:26:15.861,81.8900,100
48375862070363,13:26:15.862,81.8900,100
48426187622277,13:27:06.187,81.8850,100
48426187660326,13:27:06.187,81.8850,200
48426187689261,13:27:06.187,81.8850,100
48426188027633,13:27:06.188,81.8700,9
48426188044992,13:27:06.188,81.8750,205
48426188687927,13:27:06.188,81.8800,100
48426189107208,13:27:06.189,81.9000,12
48426189107208,13:27:06.189,81.9000,88
48426189282906,13:27:06.189,81.9000,12
48426189536746,13:27:06.189,81.9000,100
48426190175860,13:27:06.190,81.8900,9
48426197672885,13:27:06.197,81.8950,20
48440594627939,13:27:20.594,81.8900,100
48475727797616,13:27:55.727,81.9100,100
48475727821064,13:27:55.727,81.9100,100
48475727898393,13:27:55.727,81.9200,100
48475728071904,13:27:55.728,81.9200,44
48475728122096,13:27:55.728,81.9200,47
48475728241565,13:27:55.728,81.9200,9
48475728273061,13:27:55.728,81.9200,99
48475728306321,13:27:55.728,81.9200,1
48490094659041,13:28:10.094,81.9100,100
48537044411150,13:28:57.044,81.9200,39
48537044411150,13:28:57.044,81.9200,100
48537044411150,13:28:57.044,81.9200,61
48557214754283,13:29:17.214,81.9100,70
48557214754283,13:29:17.214,81.9100,100
48557214754283,13:29:17.214,81.9100,34
48559415203440,13:29:19.415,81.9000,100
48559415203440,13:29:19.415,81.9000,100
48559415203440,13:29:19.415,81.9000,100
48559415230289,13:29:19.415,81.9000,100
48559415269014,13:29:19.415,81.9000,100
48561063631668,13:29:21.063,81.8900,100
48625988195200,13:30:25.988,81.9200,9
48625988195200,13:30:25.988,81.9200,100
48625988195200,13:30:25.988,81.9200,12
48626646209486,13:30:26.646,81.9200,100
48627484233438,13:30:27.484,81.9100,100
48690909032944,13:31:30.909,81.9000,100
48690909032944,13:31:30.909,81.9000,37
48690909036821,13:31:30.909,81.9000,44
48690909092237,13:31:30.909,81.9000,6
48690909092237,13:31:30.909,81.9000,94
48690909094946,13:31:30.909,81.9000,6
48690909190229,13:31:30.909,81.8900,100
48690909190229,13:31:30.909,81.8900,100
48690909548341,13:31:30.909,81.8900,100
48693716961013,13:31:33.716,81.8800,10
48777407998684,13:32:57.407,81.9100,100
48777407998684,13:32:57.407,81.9100,11
48778611890432,13:32:58.611,81.9200,100
48778611918122,13:32:58.611,81.9200,200
48790286541144,13:33:10.286,81.9100,100
48790785080837,13:33:10.785,81.9100,100
48791255935128,13:33:11.255,81.9100,100
48822376298212,13:33:42.376,81.8900,100
48834118912334,13:33:54.118,81.8900,100
48849529835251,13:34:09.529,81.8900,200
48851323615592,13:34:11.323,81.8900,200
48858473094721,13:34:18.473,81.8900,200
48917063001789,13:35:17.063,81.8900,107
49010174576257,13:36:50.174,81.9000,6
49010174576257,13:36:50.174,81.9000,2
49096030382505,13:38:16.030,81.9000,200
49096030382505,13:38:16.030,81.9000,6
49096031110784,13:38:16.031,81.9100,1
49096031260779,13:38:16.031,81.9100,99
49112656062985,13:38:32.656,81.9100,100
49135979015479,13:38:55.979,81.9100,39
49135979040854,13:38:55.979,81.9100,50
49141813282250,13:39:01.813,81.9000,100
49143727274850,13:39:03.727,81.9000,100
49153195460982,13:39:13.195,81.9100,100
49153195570308,13:39:13.195,81.9200,100
49173023785826,13:39:33.023,81.9000,100
49200032902437,13:40:00.032,81.8900,1
49200033731199,13:40:00.033,81.8900,100
49204333211993,13:40:04.333,81.9000,3
49204335868117,13:40:04.335,81.9100,31
49204335868117,13:40:04.335,81.9100,1
49204735535413,13:40:04.735,81.9100,100
49205213952805,13:40:05.213,81.9000,100
49219272078705,13:40:19.272,81.9000,100
49219272153774,13:40:19.272,81.9000,100
49219272153774,13:40:19.272,81.9000,100
49234213151610,13:40:34.213,81.9100,18
49234213333879,13:40:34.213,81.9100,82
49234232957457,13:40:34.232,81.9100,100
49234401325895,13:40:34.401,81.9100,100
49234401325895,13:40:34.401,81.9100,100
49234401325895,13:40:34.401,81.9100,100
49237390356702,13:40:37.390,81.9100,100
49240432840364,13:40:40.432,81.9000,100
49248856445642,13:40:48.856,81.8900,100
49262182617888,13:41:02.182,81.9000,104
49323310127332,13:42:03.310,81.8900,100
49323310127332,13:42:03.310,81.8900,100
49323310133215,13:42:03.310,81.8900,200
49323310260250,13:42:03.310,81.8900,100
49323893981732,13:42:03.893,81.8800,100
49324839642154,13:42:04.839,81.8900,100
49329132597257,13:42:09.132,81.8900,100
49330867036881,13:42:10.867,81.8700,100
49330867036881,13:42:10.867,81.8700,100
49330867036881,13:42:10.867,81.8700,100
49330867036881,13:42:10.867,81.8700,100
49330867036881,13:42:10.867,81.8700,100
49333116644945,13:42:13.116,81.8400,100
49333116644945,13:42:13.116,81.8400,100
49455228081438,13:44:15.228,81.8200,88
49455228370724,13:44:15.228,81.8200,12
49455228370724,13:44:15.228,81.8200,33
49455228498746,13:44:15.228,81.8200,56
49455228555003,13:44:15.228,81.8200,11
49455228555003,13:44:15.228,81.8200,100
49455229757612,13:44:15.229,81.8100,100
49475301380940,13:44:35.301,81.7800,100
49494820535062,13:44:54.820,81.7800,100
49501280637310,13:45:01.280,81.7700,100
49501280637310,13:45:01.280,81.7700,100
49501280637310,13:45:01.280,81.7700,100
49501280637310,13:45:01.280,81.7700,100
49501281533108,13:45:01.281,81.7600,100
49507286443356,13:45:07.286,81.7000,100
49537499835125,13:45:37.499,81.7100,39
49537499844456,13:45:37.499,81.7100,44
49537499872623,13:45:37.499,81.7100,17
49537500190684,13:45:37.500,81.7200,100
49559867326347,13:45:59.867,81.7150,100
49574855121897,13:46:14.855,81.7300,100
49591312804360,13:46:31.312,81.7250,100
49600662733749,13:46:40.662,81.7200,100
49621103319372,13:47:01.103,81.7200,20
49625690544588,13:47:05.690,81.7200,67
49631806001234,13:47:11.806,81.7200,13
49650353297315,13:47:30.353,81.7150,100
49650353297315,13:47:30.353,81.7000,100
49650453896750,13:47:30.453,81.7000,24
49650453920831,13:47:30.453,81.7000,76
49650454310158,13:47:30.454,81.6900,100
49714874858423,13:48:34.874,81.7000,3
49714874887586,13:48:34.874,81.7000,97
49714875950742,13:48:34.875,81.7100,100
49720123632239,13:48:40.123,81.7400,63
49720123972479,13:48:40.123,81.7400,37
49720154677466,13:48:40.154,81.7400,100
49791588728303,13:49:51.588,81.7400,100
49795982087436,13:49:55.982,81.7500,100
49821771140169,13:50:21.771,81.7600,100
49821796556096,13:50:21.796,81.7500,10
49821796745090,13:50:21.796,81.7450,10
49821796963879,13:50:21.796,81.7450,10
49862958559835,13:51:02.958,81.7500,10
49880142932426,13:51:20.142,81.7800,100
49880142965841,13:51:20.142,81.7800,52
49881517280614,13:51:21.517,81.7850,80
49881517280614,13:51:21.517,81.7700,20
49881517472538,13:51:21.517,81.7700,80
49881517472538,13:51:21.517,81.7700,1
49885782662800,13:51:25.782,81.7700,2
49898393523644,13:51:38.393,81.7600,100
49969548600176,13:52:49.548,81.7600,100
49970075829542,13:52:50.075,81.7600,100
50041384183540,13:54:01.384,81.7500,3
50083403775977,13:54:43.403,81.7500,97
50105981772594,13:55:05.981,81.7500,100
50115095311966,13:55:15.095,81.7500,4
50124115323943,13:55:24.115,81.7450,96
50124115323943,13:55:24.115,81.7300,100
50124115323943,13:55:24.115,81.7300,8
50124115323943,13:55:24.115,81.7300,4
50124115476445,13:55:24.115,81.7300,96
50141405385413,13:55:41.405,81.7600,1
50166097828581,13:56:06.097,81.7600,15
50169305698732,13:56:09.305,81.7500,100
50203781778933,13:56:43.781,81.7700,100
50203781778933,13:56:43.781,81.7700,3
50205796501752,13:56:45.796,81.7850,100
50258373808918,13:57:38.373,81.8400,100
50258373808918,13:57:38.373,81.8400,8
50258375305388,13:57:38.375,81.8200,100
50258375356840,13:57:38.375,81.8200,100
50258375452273,13:57:38.375,81.8200,100
50258375557769,13:57:38.375,81.8200,5
50258375581940,13:57:38.375,81.8200,95
50258375583227,13:57:38.375,81.8200,95
50258394361310,13:57:38.394,81.8200,5
50259499120348,13:57:39.499,81.7900,100
50259499120348,13:57:39.499,81.7800,100
50259499120348,13:57:39.499,81.7800,100
50259499687516,13:57:39.499,81.7700,100
50282340972261,13:58:02.340,81.7550,100
50283489911658,13:58:03.489,81.7550,100
50285233830219,13:58:05.233,81.7300,100
50330834926533,13:58:50.834,81.7300,2
50330835027953,13:58:50.835,81.7200,100
50331708536740,13:58:51.708,81.7100,100
50331708599531,13:58:51.708,81.7100,100
50331708605581,13:58:51.708,81.7100,100
50331709093568,13:58:51.709,81.7100,100
50331709117346,13:58:51.709,81.7100,100
50340095628828,13:59:00.095,81.7250,100
50345203543927,13:59:05.203,81.7200,10
50361102910021,13:59:21.102,81.7150,47
50388786274566,13:59:48.786,81.7200,43
50388786274566,13:59:48.786,81.7000,52
50402674912023,14:00:02.674,81.7300,100
50402675776271,14:00:02.675,81.7500,2
50402686293865,14:00:02.686,81.7350,100
50402686293865,14:00:02.686,81.7300,100
50402688848483,14:00:02.688,81.7200,100
50402688982251,14:00:02.688,81.7200,100
50402690641400,14:00:02.690,81.7100,100
50402696176116,14:00:02.696,81.7300,100
50402696176116,14:00:02.696,81.7500,32
50402709275327,14:00:02.709,81.7500,100
50402709589056,14:00:02.709,81.7600,100
50403183988659,14:00:03.183,81.7600,25
50403199967534,14:00:03.199,81.7800,100
50403200796356,14:00:03.200,81.7900,100
50408594595281,14:00:08.594,81.8500,100
50408595098584,14:00:08.595,81.7800,100
50409016270658,14:00:09.016,81.9600,100
50409016270658,14:00:09.016,81.9600,100
50409024194425,14:00:09.024,81.9100,100
50413027588628,14:00:13.027,81.9800,100
50413044904805,14:00:13.044,81.9900,100
50413045801346,14:00:13.045,82.0100,100
50423331436938,14:00:23.331,82.0800,100
50424856556428,14:00:24.856,82.0750,100
50446512529550,14:00:46.512,82.0200,100
50446513434889,14:00:46.513,81.9500,100
50446514115725,14:00:46.514,81.9400,5
50457629269200,14:00:57.629,82.0500,100
50457632003400,14:00:57.632,82.0600,100
50460376737103,14:01:00.376,82.0550,100
50460376756310,14:01:00.376,82.0000,100
50460376798141,14:01:00.376,82.0000,2
50463168724838,14:01:03.168,82.0200,100
50466707780710,14:01:06.707,82.0100,100
50466965227120,14:01:06.965,81.9700,100
50481694496563,14:01:21.694,81.9900,100
50496257029997,14:01:36.257,81.9950,100
50537827891927,14:02:17.827,81.9850,100
50537827891927,14:02:17.827,81.9300,104
50537828578115,14:02:17.828,81.9300,96
50537828578115,14:02:17.828,81.9300,4
50537832221985,14:02:17.832,81.9200,40
50537832559345,14:02:17.832,81.9200,20
50537832559345,14:02:17.832,81.9100,60
50537832971637,14:02:17.832,81.9000,41
50537832981596,14:02:17.832,81.9000,19
50537832981596,14:02:17.832,81.9000,62
50537841178383,14:02:17.841,81.9000,38
50557223340951,14:02:37.223,82.0200,60
50572464397671,14:02:52.464,82.0200,100
50572464419832,14:02:52.464,82.0200,40
50572466598069,14:02:52.466,82.0050,100
50576397528870,14:02:56.397,82.0200,100
50576397776693,14:02:56.397,82.0300,100
50576398801375,14:02:56.398,82.0300,100
50576403563965,14:02:56.403,82.0400,9
50579849684758,14:02:59.849,82.0200,100
50583443587507,14:03:03.443,82.0200,100
50583493673969,14:03:03.493,82.0200,60
50589971887021,14:03:09.971,82.0200,40
50589971887021,14:03:09.971,81.9900,60
50591127164707,14:03:11.127,82.0200,100
50595208694938,14:03:15.208,82.0000,100
50599480662438,14:03:19.480,82.0000,100
50609990679619,14:03:29.990,82.0500,22
50609990709766,14:03:29.990,82.0500,78
50609990709766,14:03:29.990,82.0500,100
50609991342894,14:03:29.991,82.0600,100
50641329937850,14:04:01.329,82.1300,100
50641329937850,14:04:01.329,82.1300,100
50642730629915,14:04:02.730,82.1750,100
50652621816870,14:04:12.621,82.2000,100
50653159908703,14:04:13.159,82.1800,100
50656990528414,14:04:16.990,82.1700,100
50657020531312,14:04:17.020,82.1900,10
50666762244068,14:04:26.762,82.2100,70
50666762345216,14:04:26.762,82.2100,30
50666762345216,14:04:26.762,82.2100,40
50666762470015,14:04:26.762,82.2100,6
50666762477287,14:04:26.762,82.2100,54
50666762477287,14:04:26.762,82.2100,3
50666762477287,14:04:26.762,82.2100,34
50666762478226,14:04:26.762,82.2100,40
50666762501550,14:04:26.762,82.2100,26
50666762501550,14:04:26.762,82.2100,44
50666762551417,14:04:26.762,82.2100,56
50669383462903,14:04:29.383,82.2200,40
50670380825376,14:04:30.380,82.2300,100
50678027592849,14:04:38.027,82.2100,100
50686549161136,14:04:46.549,82.2500,100
50702024407710,14:05:02.024,82.2900,500
50702024407710,14:05:02.024,82.2900,100
50702591052975,14:05:02.591,82.3000,100
50704967265062,14:05:04.967,82.3100,100
50728291531608,14:05:28.291,82.3300,100
50759463360027,14:05:59.463,82.3000,200
50759464006991,14:05:59.464,82.2800,100
50759464006991,14:05:59.464,82.2800,100
50774477620123,14:06:14.477,82.2700,4
50814820614334,14:06:54.820,82.2600,100
50862265786777,14:07:42.265,82.2400,119
50862265792493,14:07:42.265,82.2400,81
50862265848095,14:07:42.265,82.2400,100
50865022055367,14:07:45.022,82.2200,100
50873021244216,14:07:53.021,82.2100,100
50876916268124,14:07:56.916,82.2100,100
50880437785004,14:08:00.437,82.2100,100
50884397473928,14:08:04.397,82.2000,100
50890620017830,14:08:10.620,82.1900,100
50894900028324,14:08:14.900,82.1900,4
50894900028324,14:08:14.900,82.1900,49
50894900028324,14:08:14.900,82.1800,47
50904690284565,14:08:24.690,82.2300,22
50904690317330,14:08:24.690,82.2300,78
50904690317330,14:08:24.690,82.2300,100
50904690317330,14:08:24.690,82.2300,186
50930103009170,14:08:50.103,82.2100,200
50947280217187,14:09:07.280,82.1900,100
50973358435163,14:09:33.358,82.1500,100
50998004552332,14:09:58.004,82.1100,100
51024286946118,14:10:24.286,82.1100,60
51039837767553,14:10:39.837,82.0800,100
51046792870666,14:10:46.792,82.1700,74
51046792895129,14:10:46.792,82.1700,26
51046792895129,14:10:46.792,82.1700,80
51046792897056,14:10:46.792,82.1700,14
51046793333884,14:10:46.793,82.1800,58
51060974994998,14:11:00.974,82.1800,2
51060975342853,14:11:00.975,82.1800,40
51066023697281,14:11:06.023,82.2000,110
51066026597339,14:11:06.026,82.2000,110
51082719172958,14:11:22.719,82.2100,10
51082719172958,14:11:22.719,82.2100,69
51082719179234,14:11:22.719,82.2000,100
51082719179234,14:11:22.719,82.2100,10
51082719200852,14:11:22.719,82.2100,21
51083911611622,14:11:23.911,82.2100,100
51090228991417,14:11:30.228,82.2000,100
51090229043206,14:11:30.229,82.2000,100
51090229065487,14:11:30.229,82.2000,100
51092964131300,14:11:32.964,82.2000,100
51092964659380,14:11:32.964,82.2000,100
51177001061633,14:12:57.001,82.1900,100
51177001061633,14:12:57.001,82.1900,100
51177001077121,14:12:57.001,82.1900,100
51177007766088,14:12:57.007,82.1600,11
51177007766088,14:12:57.007,82.1600,11
51234469153159,14:13:54.469,82.1800,88
51234469182998,14:13:54.469,82.1800,12
51234479591217,14:13:54.479,82.1800,100
51234567940285,14:13:54.567,82.2000,3
51234567963978,14:13:54.567,82.2000,48
51240791577384,14:14:00.791,82.2000,49
51256392745134,14:14:16.392,82.2000,180
51256411094899,14:14:16.411,82.2000,180
51261260884589,14:14:21.260,82.2000,180
51262063321148,14:14:22.063,82.2000,100
51262063321148,14:14:22.063,82.2100,80
51268396970258,14:14:28.396,82.2100,86
51272350286190,14:14:32.350,82.2100,14
51272354120237,14:14:32.354,82.2100,100
51300163801390,14:15:00.163,82.1800,25
51300163801390,14:15:00.163,82.1800,15
51300163801390,14:15:00.163,82.1800,60
51300164625572,14:15:00.164,82.1800,40
51300164625572,14:15:00.164,82.1800,200
51300165121050,14:15:00.165,82.1800,240
51300165243159,14:15:00.165,82.1800,340
51300165628058,14:15:00.165,82.1800,120
51300168376030,14:15:00.168,82.1700,100
51300168376030,14:15:00.168,82.1700,25
51300168376030,14:15:00.168,82.1600,25
51300168376030,14:15:00.168,82.1600,2
51300176680071,14:15:00.176,82.1600,80
51300309626799,14:15:00.309,82.1500,100
51301073397611,14:15:01.073,82.1800,39
51331102767769,14:15:31.102,82.1300,10
51331102767769,14:15:31.102,82.1300,61
51331159474448,14:15:31.159,82.1300,18
51371706055639,14:16:11.706,82.1800,100
51371706055639,14:16:11.706,82.1800,60
51371706065861,14:16:11.706,82.1800,40
51371709205862,14:16:11.709,82.1900,100
51371709205862,14:16:11.709,82.1900,100
51378765428916,14:16:18.765,82.2000,100
51378765428916,14:16:18.765,82.2100,100
51418289675214,14:16:58.289,82.1800,100
51418289675214,14:16:58.289,82.1800,15
51429647477252,14:17:09.647,82.2000,100
51429647819006,14:17:09.647,82.2000,100
51429648812509,14:17:09.648,82.2100,22
51429649725708,14:17:09.649,82.2000,100
51429651488530,14:17:09.651,82.2100,78
51429651715204,14:17:09.651,82.2100,19
51429651848784,14:17:09.651,82.2100,41
51429652047374,14:17:09.652,82.2000,100
51429655303807,14:17:09.655,82.2100,40
51437114746732,14:17:17.114,82.1500,100
51437115078913,14:17:17.115,82.1500,100
51479378866912,14:17:59.378,82.1800,100
51479378866912,14:17:59.378,82.1900,100
51527337796537,14:18:47.337,82.1700,16
51527337796537,14:18:47.337,82.1700,100
51550046462977,14:19:10.046,82.2100,42
51550046493712,14:19:10.046,82.2100,58
51550046493712,14:19:10.046,82.2100,96
51559841323362,14:19:19.841,82.1600,100
51559843958062,14:19:19.843,82.1600,68
51571003485955,14:19:31.003,82.2300,100
51571003788202,14:19:31.003,82.2300,66
51571003788202,14:19:31.003,82.2300,34
51571005043780,14:19:31.005,82.2300,10
51571006801982,14:19:31.006,82.2300,56
51583917473080,14:19:43.917,82.2500,100
51635688543874,14:20:35.688,82.2200,100
51635688543874,14:20:35.688,82.2200,32
51635688543874,14:20:35.688,82.2200,16
51635688598476,14:20:35.688,82.2200,1
51635688598476,14:20:35.688,82.2200,99
51635688636761,14:20:35.688,82.2200,69
51635688636761,14:20:35.688,82.2200,79
51635688682194,14:20:35.688,82.2200,21
51635801237742,14:20:35.801,82.2300,100
51654170427121,14:20:54.170,82.2900,100
51654170427121,14:20:54.170,82.2900,100
51654170427121,14:20:54.170,82.2900,100
51654170685305,14:20:54.170,82.3000,13
51654171215908,14:20:54.171,82.3000,87
51654290011802,14:20:54.290,82.3100,100
51660205177490,14:21:00.205,82.3600,100
51665348105978,14:21:05.348,82.3600,100
51676992412039,14:21:16.992,82.4000,200
51685889015464,14:21:25.889,82.4000,100
51689659035324,14:21:29.659,82.4300,100
51714182220814,14:21:54.182,82.4800,100
51715214879560,14:21:55.214,82.4900,100
51725010548651,14:22:05.010,82.4800,32
51725010548651,14:22:05.010,82.4800,68
51725010548651,14:22:05.010,82.4800,132
51725010548651,14:22:05.010,82.4800,100
51725010548651,14:22:05.010,82.4800,68
51745664165900,14:22:25.664,82.5200,100
51745664165900,14:22:25.664,82.5200,100
51749772213098,14:22:29.772,82.4900,100
51750384115041,14:22:30.384,82.4900,35
51750385828474,14:22:30.385,82.4800,100
51750388145460,14:22:30.388,82.4800,3
51759085234872,14:22:39.085,82.5300,100
51803807142683,14:23:23.807,82.6000,2
51803828916613,14:23:23.828,82.6000,98
51806439169051,14:23:26.439,82.7200,100
51806439169051,14:23:26.439,82.7200,87
51806439169051,14:23:26.439,82.7200,58
51824060212197,14:23:44.060,82.6600,2
51824060238453,14:23:44.060,82.6600,98
51824060238453,14:23:44.060,82.6600,200
51846242536967,14:24:06.242,82.6100,100
51846242536967,14:24:06.242,82.6100,3
51886572475435,14:24:46.572,82.5800,1
51893012349868,14:24:53.012,82.5500,100
51966107582348,14:26:06.107,82.5100,100
51966107582348,14:26:06.107,82.5100,3
51994260729962,14:26:34.260,82.5200,100
51994260729962,14:26:34.260,82.5200,100
52037849906588,14:27:17.849,82.5000,100
52058598648344,14:27:38.598,82.4200,40
52058602045957,14:27:38.602,82.4200,60
52058602632460,14:27:38.602,82.4100,100
52058603870471,14:27:38.603,82.4200,100
52065319734700,14:27:45.319,82.4000,100
52065319844659,14:27:45.319,82.4000,100
52065715621212,14:27:45.715,82.4000,100
52134762225465,14:28:54.762,82.4700,100
52134762225465,14:28:54.762,82.4700,100
52134762225465,14:28:54.762,82.4700,100
52154287331700,14:29:14.287,82.4600,7
52154541501201,14:29:14.541,82.4600,93
52154541501201,14:29:14.541,82.4600,15
52154541533797,14:29:14.541,82.4600,85
52154541533797,14:29:14.541,82.4600,100
52154542788777,14:29:14.542,82.4500,100
52166479488750,14:29:26.479,82.4300,100
52204773648120,14:30:04.773,82.3900,200
52204773648120,14:30:04.773,82.3900,100
52204773648120,14:30:04.773,82.3900,100
52204773648120,14:30:04.773,82.3900,3
52204773648120,14:30:04.773,82.3900,46
52210032032274,14:30:10.032,82.4300,100
52224673756398,14:30:24.673,82.4600,67
52224673773600,14:30:24.673,82.4600,33
52275185966054,14:31:15.185,82.5100,100
52311524688811,14:31:51.524,82.4800,200
52311524688811,14:31:51.524,82.4800,1
52311539959687,14:31:51.539,82.4600,100
52311539959687,14:31:51.539,82.4600,100
52311540064282,14:31:51.540,82.4600,100
52311540612428,14:31:51.540,82.4600,100
52311540612428,14:31:51.540,82.4600,100
52312735893671,14:31:52.735,82.4600,18
52348061952066,14:32:28.061,82.4900,9
52348061952066,14:32:28.061,82.4900,100
52423630932918,14:33:43.630,82.5500,76
52428005884859,14:33:48.005,82.5500,24
52428005884859,14:33:48.005,82.5500,2
52433254014782,14:33:53.254,82.5700,100
52496850417061,14:34:56.850,82.6400,100
52496875237393,14:34:56.875,82.6500,25
52496875237393,14:34:56.875,82.6500,100
52497068503488,14:34:57.068,82.6400,16
52558642132873,14:35:58.642,82.6500,100
52558642161400,14:35:58.642,82.6500,100
52558642161400,14:35:58.642,82.6500,100
52558642161400,14:35:58.642,82.6500,100
52558642201150,14:35:58.642,82.6500,100
52558643010743,14:35:58.643,82.6400,1
52558643010743,14:35:58.643,82.6400,99
52558643057947,14:35:58.643,82.6400,1
52558643109411,14:35:58.643,82.6300,100
52558645799549,14:35:58.645,82.6100,1
52558646956139,14:35:58.646,82.6100,15
52558679345958,14:35:58.679,82.6000,1
52558679345958,14:35:58.679,82.5900,99
52558679411159,14:35:58.679,82.5900,1
52558679411159,14:35:58.679,82.5900,100
52558679436794,14:35:58.679,82.5900,100
52558680092053,14:35:58.680,82.5800,5
52563974479179,14:36:03.974,82.5600,1
52563974682795,14:36:03.974,82.5600,1
52564236435614,14:36:04.236,82.5600,76
52564236435614,14:36:04.236,82.5500,24
52564236461893,14:36:04.236,82.5500,76
52564236461893,14:36:04.236,82.5500,3
52572377033312,14:36:12.377,82.5200,5
52572377286027,14:36:12.377,82.5100,100
52572933019591,14:36:12.933,82.5100,100
52578420353308,14:36:18.420,82.5500,100
52578421167094,14:36:18.421,82.5800,23
52578424767901,14:36:18.424,82.5400,100
52636805677228,14:37:16.805,82.5200,100
52642064745839,14:37:22.064,82.6000,100
52642065431786,14:37:22.065,82.6100,100
52642065431786,14:37:22.065,82.6100,12
52667679168165,14:37:47.679,82.6400,100
52701478013584,14:38:21.478,82.6900,100
52728131697238,14:38:48.131,82.7200,10
52728131697238,14:38:48.131,82.7200,40
52728131705322,14:38:48.131,82.7200,60
52728131705322,14:38:48.131,82.7200,32
52730374243739,14:38:50.374,82.7500,100
52736512245887,14:38:56.512,82.7300,200
52736512477271,14:38:56.512,82.7300,10
52736512478971,14:38:56.512,82.7300,90
52736512478971,14:38:56.512,82.7300,58
52736512491096,14:38:56.512,82.7300,37
52736512498085,14:38:56.512,82.7300,5
52755523322216,14:39:15.523,82.7000,210
52755523322216,14:39:15.523,82.7000,90
52763226724848,14:39:23.226,82.6500,5
52764247924563,14:39:24.247,82.6400,5
52764256397974,14:39:24.256,82.6200,5
52764259919965,14:39:24.259,82.6200,100
52765448867516,14:39:25.448,82.6500,26
52791316415838,14:39:51.316,82.6700,11
52791316423814,14:39:51.316,82.6700,31
52791316435994,14:39:51.316,82.6700,37
52791316458738,14:39:51.316,82.6700,21
52791341340835,14:39:51.341,82.6900,100
52805658403354,14:40:05.658,82.6700,1
52808739128435,14:40:08.739,82.6700,19
52819318042498,14:40:19.318,82.6500,13
52821562054437,14:40:21.562,82.6500,100
52823494116646,14:40:23.494,82.6600,100
52824574859806,14:40:24.574,82.7000,100
52840100994944,14:40:40.100,82.6900,100
52917813381998,14:41:57.813,82.6900,100
52917813381998,14:41:57.813,82.6900,100
52925340100606,14:42:05.340,82.6900,100
52925928598720,14:42:05.928,82.6900,100
52936917845504,14:42:16.917,82.7100,100
52939588454780,14:42:19.588,82.7200,100
52957155715602,14:42:37.155,82.7100,100
52957155907107,14:42:37.155,82.7100,65
52957155920756,14:42:37.155,82.7100,35
52957155920756,14:42:37.155,82.7100,85
52957155928781,14:42:37.155,82.7100,15
52957155928781,14:42:37.155,82.7100,21
52957155932205,14:42:37.155,82.7100,79
52957155932205,14:42:37.155,82.7100,17
52958440920507,14:42:38.440,82.6900,100
52958444247615,14:42:38.444,82.6800,100
52995071133774,14:43:15.071,82.6300,2
52995071133774,14:43:15.071,82.6300,25
52995071496535,14:43:15.071,82.6300,37
52995071695375,14:43:15.071,82.6300,38
52995072369027,14:43:15.072,82.6200,2
52995972414168,14:43:15.972,82.6000,100
52995972414168,14:43:15.972,82.6000,100
52995972414168,14:43:15.972,82.6000,100
52995972452028,14:43:15.972,82.6000,100
52996002274434,14:43:16.002,82.5900,2
52996096397233,14:43:16.096,82.5700,100
52996097678542,14:43:16.097,82.5600,2
52996097678542,14:43:16.097,82.5600,98
52996099879965,14:43:16.099,82.5600,100
52996120606425,14:43:16.120,82.5500,100
53013165800096,14:43:33.165,82.5700,25
53016481372112,14:43:36.481,82.6000,75
53023731366797,14:43:43.731,82.5900,100
53034649640156,14:43:54.649,82.6300,100
53034650184649,14:43:54.650,82.6400,31
53045214519855,14:44:05.214,82.6500,100
53045214969404,14:44:05.214,82.6400,17
53045217185817,14:44:05.217,82.6200,100
53085154784809,14:44:45.154,82.6800,100
53088613855291,14:44:48.613,82.7400,95
53112561378294,14:45:12.561,82.7100,100
53112561378294,14:45:12.561,82.7100,100
53112562029762,14:45:12.562,82.6800,100
53112601304975,14:45:12.601,82.6800,100
53160492907222,14:46:00.492,82.7100,37
53160492925071,14:46:00.492,82.7100,37
53160492949341,14:46:00.492,82.7100,26
53160492949341,14:46:00.492,82.7100,11
53160493056888,14:46:00.493,82.7100,89
53160493828383,14:46:00.493,82.7200,70
53180421317796,14:46:20.421,82.7500,200
53180421317796,14:46:20.421,82.7500,100
53189253120460,14:46:29.253,82.7600,188
53189292373540,14:46:29.292,82.7600,100
53226175355234,14:47:06.175,82.8000,100
53240393417554,14:47:20.393,82.8500,100
53240665462336,14:47:20.665,82.8600,100
53244956733979,14:47:24.956,82.8300,100
53244956733979,14:47:24.956,82.8300,52
53244956759690,14:47:24.956,82.8300,48
53244957644416,14:47:24.957,82.8100,100
53245065336469,14:47:25.065,82.8300,16
53326587207175,14:48:46.587,82.8400,100
53326587236701,14:48:46.587,82.8400,100
53335653554896,14:48:55.653,82.8400,100
53335703688644,14:48:55.703,82.8400,10
53370013437172,14:49:30.013,82.8200,8
53402259572288,14:50:02.259,82.8900,100
53409099369433,14:50:09.099,82.8500,400
53409099369433,14:50:09.099,82.8500,46
53409099369433,14:50:09.099,82.8500,1
53409099412121,14:50:09.099,82.8700,100
53409100764978,14:50:09.100,82.8400,100
53409101902313,14:50:09.101,82.8300,100
53409101902313,14:50:09.101,82.8300,100
53409101902313,14:50:09.101,82.8300,100
53409103201458,14:50:09.103,82.8200,1
53409104006582,14:50:09.104,82.8200,99
53409104006582,14:50:09.104,82.8200,400
53409130626378,14:50:09.130,82.8100,100
53409130626378,14:50:09.130,82.8100,2
53409131116595,14:50:09.131,82.8000,1
53410681485911,14:50:10.681,82.7800,2
53410681485911,14:50:10.681,82.7800,100
53413170815365,14:50:13.170,82.7700,2
53413172457709,14:50:13.172,82.7600,2
53413172457709,14:50:13.172,82.7500,2
53413172457709,14:50:13.172,82.7400,5
53413172457709,14:50:13.172,82.7400,91
53413181597388,14:50:13.181,82.7400,9
53413181671358,14:50:13.181,82.7300,2
53420226668046,14:50:20.226,82.7200,2
53420226668046,14:50:20.226,82.7200,98
53460477090574,14:51:00.477,82.7000,1
53460479376019,14:51:00.479,82.7000,100
53460479376019,14:51:00.479,82.7100,100
53464968827165,14:51:04.968,82.6900,2
53466812031660,14:51:06.812,82.7000,1
53470329160559,14:51:10.329,82.6800,2
53470332155796,14:51:10.332,82.6700,2
53511097218757,14:51:51.097,82.7000,99
53511097218757,14:51:51.097,82.7000,100
53518164838526,14:51:58.164,82.7100,100
53523366093488,14:52:03.366,82.7500,100
53595457977838,14:53:15.457,82.8700,100
53595458334888,14:53:15.458,82.8700,100
53595907371416,14:53:15.907,82.8900,100
53595907411539,14:53:15.907,82.8900,100
53595907411539,14:53:15.907,82.8900,10
53595907441770,14:53:15.907,82.8900,90
53595908570067,14:53:15.908,82.8500,100
53618703023808,14:53:38.703,82.8600,100
53620247669888,14:53:40.247,82.8700,200
53620247669888,14:53:40.247,82.8600,100
53625612356285,14:53:45.612,82.9000,100
53651806897220,14:54:11.806,82.9600,100
53655860099914,14:54:15.860,82.9700,62
53655860104563,14:54:15.860,82.9700,38
53655860104563,14:54:15.860,82.9700,200
53655860104563,14:54:15.860,82.9700,100
53655860104563,14:54:15.860,82.9700,100
53655860104563,14:54:15.860,82.9700,62
53655860107739,14:54:15.860,82.9700,238
53655860500255,14:54:15.860,82.9600,100
53655861987740,14:54:15.861,82.9500,100
53655865644271,14:54:15.865,82.9500,100
53655867000490,14:54:15.867,82.9500,100
53657923109242,14:54:17.923,82.9300,20
53657923109242,14:54:17.923,82.9300,100
53658135452984,14:54:18.135,82.9100,100
53681219190764,14:54:41.219,82.9200,19
53730334967285,14:55:30.334,82.9300,100
53730334967285,14:55:30.334,82.9300,100
53780570871264,14:56:20.570,82.9400,100
53780570871264,14:56:20.570,82.9400,100
53780570871264,14:56:20.570,82.9400,60
53780570883946,14:56:20.570,82.9400,40
53780570883946,14:56:20.570,82.9400,98
53780570883946,14:56:20.570,82.9400,8
53780570915841,14:56:20.570,82.9400,13
53780570915841,14:56:20.570,82.9400,3
53785121745797,14:56:25.121,82.9100,100
53785356832583,14:56:25.356,82.9100,100
53785356832583,14:56:25.356,82.9000,100
53785356832583,14:56:25.356,82.9000,100
53785361154332,14:56:25.361,82.8700,2
53785365202912,14:56:25.365,82.8600,100
53791312039080,14:56:31.312,82.9300,2
53791312041734,14:56:31.312,82.9300,2
53799299778193,14:56:39.299,82.9500,100
53799299779310,14:56:39.299,82.9700,100
53799299779310,14:56:39.299,82.9700,90
53799299780094,14:56:39.299,82.9700,10
53804578186269,14:56:44.578,82.9700,100
53804578573932,14:56:44.578,82.9700,100
53804585941065,14:56:44.585,82.9900,100
53804585941065,14:56:44.585,82.9900,100
53804619096709,14:56:44.619,82.9600,100
53814508068039,14:56:54.508,82.9900,100
53814508068039,14:56:54.508,83.0000,10
53814508068039,14:56:54.508,83.0000,90
53814508117578,14:56:54.508,83.0000,10
53823791008673,14:57:03.791,82.9800,100
53828016013917,14:57:08.016,82.9500,100
53872025607006,14:57:52.025,82.9700,100
53872025607006,14:57:52.025,82.9600,100
53909008198668,14:58:29.008,82.9900,100
53909008425398,14:58:29.008,83.0000,21
53909008449145,14:58:29.008,83.0000,79
53923745625254,14:58:43.745,83.0300,100
53923745625254,14:58:43.745,83.0300,100
53955666767958,14:59:15.666,83.0400,100
53959155619185,14:59:19.155,83.0300,100
53959289958145,14:59:19.289,83.0300,100
53959289958145,14:59:19.289,83.0300,100
53959289958145,14:59:19.289,83.0300,100
53959312852471,14:59:19.312,83.0400,10
53959312852471,14:59:19.312,83.0400,10
53959313239803,14:59:19.313,83.0300,10
53959313264876,14:59:19.313,83.0300,1
53960175914063,14:59:20.175,83.0100,14
53960175914063,14:59:20.175,83.0100,100
53960175914063,14:59:20.175,83.0100,86
53960175946301,14:59:20.175,83.0100,14
53962788476660,14:59:22.788,83.0000,170
53962788503799,14:59:22.788,83.0000,30
53962788602016,14:59:22.788,82.9900,100
53962791544418,14:59:22.791,82.9800,100
53962791567937,14:59:22.791,82.9800,77
53962798217736,14:59:22.798,82.9800,23
53975718059631,14:59:35.718,82.9800,78
53975718148462,14:59:35.718,82.9800,22
53976220671311,14:59:36.220,82.9800,200
53980528482638,14:59:40.528,83.0000,100
53980528482638,14:59:40.528,83.0000,100
53980531229649,14:59:40.531,82.9800,100
53980575993330,14:59:40.575,82.9600,100
53980575993330,14:59:40.575,82.9600,100
53992581812452,14:59:52.581,82.9600,100
53992584971956,14:59:52.584,82.9600,100
53992584996265,14:59:52.584,82.9600,89
53992799488498,14:59:52.799,82.9600,100
53992825129577,14:59:52.825,82.9400,2
54020863542083,15:00:20.863,82.9300,2
54020863542083,15:00:20.863,82.9300,100
54020863542083,15:00:20.863,82.9300,56
54020863547324,15:00:20.863,82.9300,44
54020863547324,15:00:20.863,82.9300,26
54020865096951,15:00:20.865,82.9200,2
54020865096951,15:00:20.865,82.9200,98
54020865124318,15:00:20.865,82.9200,1
54020865138214,15:00:20.865,82.9200,1
54020865646708,15:00:20.865,82.9100,100
54020899387086,15:00:20.899,82.9200,100
54021681872460,15:00:21.681,82.9000,2
54024741719163,15:00:24.741,82.8900,3
54032298391883,15:00:32.298,82.9200,100
54032299906687,15:00:32.299,82.8900,100
54034061207842,15:00:34.061,82.8900,100
54050086091421,15:00:50.086,82.8800,2
54050110311191,15:00:50.110,82.8600,2
54075839575165,15:01:15.839,82.8500,100
54075839619070,15:01:15.839,82.8500,100
54076466819433,15:01:16.466,82.8400,2
54076466819433,15:01:16.466,82.8400,8
54095600383602,15:01:35.600,82.8600,100
54095600515970,15:01:35.600,82.8700,100
54112223730533,15:01:52.223,82.8600,100
54112227539915,15:01:52.227,82.8600,100
54118228930390,15:01:58.228,82.8500,100
54128212991520,15:02:08.212,82.8400,123
54128212993653,15:02:08.212,82.8400,73
54128213001609,15:02:08.213,82.8400,4
54128213001609,15:02:08.213,82.8400,25
54186803388399,15:03:06.803,82.8300,2
54186803388399,15:03:06.803,82.8300,3
54186803388399,15:03:06.803,82.8300,75
54186803401191,15:03:06.803,82.8300,25
54186803401191,15:03:06.803,82.8300,4
54186803401191,15:03:06.803,82.8300,8
54186803413037,15:03:06.803,82.8300,73
54186803414360,15:03:06.803,82.8300,19
54186807687362,15:03:06.807,82.8200,2
54186807687362,15:03:06.807,82.8200,3
54186807712358,15:03:06.807,82.8200,80
54186807713724,15:03:06.807,82.8200,20
54186807779263,15:03:06.807,82.8100,100
54187799700884,15:03:07.799,82.8000,2
54187799700884,15:03:07.799,82.8000,8
54200896496548,15:03:20.896,82.7900,2
54200896496548,15:03:20.896,82.7900,8
54207100530628,15:03:27.100,82.7800,5
54207101428892,15:03:27.101,82.7700,100
54234027012063,15:03:54.027,82.7600,2
54234027012063,15:03:54.027,82.7600,8
54234027012063,15:03:54.027,82.7600,90
54245886841377,15:04:05.886,82.7800,100
54245887401897,15:04:05.887,82.7800,23
54255611395040,15:04:15.611,82.7700,21
54276796035858,15:04:36.796,82.7600,110
54276796035858,15:04:36.796,82.7600,100
54276796035858,15:04:36.796,82.7600,100
54277283933200,15:04:37.283,82.7500,2
54277283933200,15:04:37.283,82.7500,8
54277283933200,15:04:37.283,82.7400,90
54306478839458,15:05:06.478,82.7500,200
54306478867139,15:05:06.478,82.7500,100
54306480440132,15:05:06.480,82.7500,100
54306480440132,15:05:06.480,82.7500,100
54310550979208,15:05:10.550,82.7400,3
54310552677514,15:05:10.552,82.7400,82
54310552860395,15:05:10.552,82.7400,15
54310552860395,15:05:10.552,82.7400,85
54310552949812,15:05:10.552,82.7400,15
54310931538335,15:05:10.931,82.7300,100
54311157999829,15:05:11.157,82.7200,2
54311532511396,15:05:11.532,82.7100,2
54311532511396,15:05:11.532,82.7100,3
54311532511396,15:05:11.532,82.7100,95
54311535741133,15:05:11.535,82.7100,100
54352646720249,15:05:52.646,82.6900,5
54352646720249,15:05:52.646,82.6900,5
54352646720249,15:05:52.646,82.6900,100
54352646720249,15:05:52.646,82.6900,1
54352646720249,15:05:52.646,82.6900,4
54353646483739,15:05:53.646,82.6700,2
54353646483739,15:05:53.646,82.6700,18
54353646751603,15:05:53.646,82.6600,10
54421011719871,15:07:01.011,82.7000,100
54424289801146,15:07:04.289,82.6900,16
54429308274472,15:07:09.308,82.7100,67
54480394093798,15:08:00.394,82.7100,33
54480394093798,15:08:00.394,82.7100,100
54507049470383,15:08:27.049,82.7250,100
54514857826358,15:08:34.857,82.7000,100
54514858222441,15:08:34.858,82.7000,100
54514859360491,15:08:34.859,82.6900,100
54514859360491,15:08:34.859,82.6900,100
54514860475140,15:08:34.860,82.6900,100
54515183444903,15:08:35.183,82.6900,4
54515183515320,15:08:35.183,82.6800,22
54519897322779,15:08:39.897,82.6600,100
54545710988944,15:09:05.710,82.6400,10
54548380628718,15:09:08.380,82.6200,10
54552005424296,15:09:12.005,82.6100,10
54552093957200,15:09:12.093,82.6000,10
54560187533126,15:09:20.187,82.6300,100
54591735230719,15:09:51.735,82.6200,100
54597688697717,15:09:57.688,82.5900,20
54597688697717,15:09:57.688,82.5900,5
54597688697717,15:09:57.688,82.5800,10
54597688697717,15:09:57.688,82.5700,65
54600300071141,15:10:00.300,82.5700,35
54632562006987,15:10:32.562,82.5600,10
54632562006987,15:10:32.562,82.5600,23
54635423331801,15:10:35.423,82.5700,100
54635423331801,15:10:35.423,82.5700,100
54635423895419,15:10:35.423,82.5700,100
54635855122622,15:10:35.855,82.5600,11
54638604367875,15:10:38.604,82.5400,10
54638604993419,15:10:38.604,82.5300,2
54643463915526,15:10:43.463,82.5200,100
54667274185934,15:11:07.274,82.5000,10
54667274185934,15:11:07.274,82.5000,90
54667274749301,15:11:07.274,82.5000,110
54667274885884,15:11:07.274,82.4900,100
54667275284305,15:11:07.275,82.4800,100
54667275284305,15:11:07.275,82.4800,10
54667275284305,15:11:07.275,82.4800,12
54667275314107,15:11:07.275,82.4800,25
54688682457461,15:11:28.682,82.5000,100
54690052217927,15:11:30.052,82.5400,100
54690052217927,15:11:30.052,82.5400,100
54690052217927,15:11:30.052,82.5400,100
54690053029168,15:11:30.053,82.5400,100
54690053166847,15:11:30.053,82.5400,100
54690607736576,15:11:30.607,82.5300,100
54758277349494,15:12:38.277,82.5700,100
54762710828775,15:12:42.710,82.5900,54
54762710838626,15:12:42.710,82.5900,46
54762710838626,15:12:42.710,82.5900,100
54769862491889,15:12:49.862,82.5800,19
54783180843855,15:13:03.180,82.5600,100
54783187816026,15:13:03.187,82.5600,27
54783187816026,15:13:03.187,82.5600,73
54811550835928,15:13:31.550,82.5900,100
54811550890293,15:13:31.550,82.5900,100
54811550890293,15:13:31.550,82.6000,28
54811551508846,15:13:31.551,82.6000,87
54811551815329,15:13:31.551,82.6000,23
54811551886281,15:13:31.551,82.6000,77
54821664169899,15:13:41.664,82.5700,100
54855562944460,15:14:15.562,82.5600,50
54855562971795,15:14:15.562,82.5600,50
54909156400885,15:15:09.156,82.5800,100
54909156400885,15:15:09.156,82.5800,100
54909156431670,15:15:09.156,82.5800,58
54909156431670,15:15:09.156,82.5800,100
54948004188831,15:15:48.004,82.6000,100
54948148630912,15:15:48.148,82.6100,100
54948148630912,15:15:48.148,82.6100,8
54960520828707,15:16:00.520,82.5900,26
54960520828707,15:16:00.520,82.5900,200
54963190199161,15:16:03.190,82.5800,100
54963190202002,15:16:03.190,82.5800,100
54990903155601,15:16:30.903,82.5500,39
54990995653154,15:16:30.995,82.5400,10
54990996364201,15:16:30.996,82.5300,100
54991127149211,15:16:31.127,82.5300,10
54992325507577,15:16:32.325,82.5200,100
54999130979666,15:16:39.130,82.5100,10
55058391239437,15:17:38.391,82.5000,2
55058391239437,15:17:38.391,82.5000,100
55058391239437,15:17:38.391,82.5000,100
55058391488993,15:17:38.391,82.4900,37
55058391845940,15:17:38.391,82.4900,63
55058395054669,15:17:38.395,82.4800,23
55058395054669,15:17:38.395,82.4800,10
55058395054669,15:17:38.395,82.4800,1
55058399132502,15:17:38.399,82.4700,10
55058402536107,15:17:38.402,82.4600,10
55058985315109,15:17:38.985,82.4500,10
55058985315109,15:17:38.985,82.4500,71
55058985406253,15:17:38.985,82.4500,29
55065227808758,15:17:45.227,82.4400,100
55065355869436,15:17:45.355,82.4300,10
55067984386869,15:17:47.984,82.4200,10
55073307390309,15:17:53.307,82.4700,100
55073835766040,15:17:53.835,82.4600,100
55090313921657,15:18:10.313,82.4800,100
55090313951750,15:18:10.313,82.4800,38
55091203173894,15:18:11.203,82.4700,100
55138642102720,15:18:58.642,82.4900,100
55172535122444,15:19:32.535,82.4900,100
55173043593742,15:19:33.043,82.5100,9
55173044066228,15:19:33.044,82.5200,9
55202686777308,15:20:02.686,82.5600,41
55202686777308,15:20:02.686,82.5600,59
55202686805874,15:20:02.686,82.5600,41
55202689644726,15:20:02.689,82.5600,100
55203663281816,15:20:03.663,82.5600,25
55203670926431,15:20:03.670,82.5700,100
55217773241470,15:20:17.773,82.6200,46
55237519283533,15:20:37.519,82.6400,100
55237528872824,15:20:37.528,82.6600,44
55237531619057,15:20:37.531,82.6600,6
55237536517476,15:20:37.536,82.6600,6
55237536832774,15:20:37.536,82.6600,44
55254723461851,15:20:54.723,82.6900,100
55260252125614,15:21:00.252,82.6700,91
55260252482700,15:21:00.252,82.6700,9
55260252482700,15:21:00.252,82.6700,8
55260252482700,15:21:00.252,82.6700,18
55260252859564,15:21:00.252,82.6700,82
55260252859564,15:21:00.252,82.6700,36
55260255388588,15:21:00.255,82.6500,100
55264786577573,15:21:04.786,82.6500,100
55264786602501,15:21:04.786,82.6500,25
55264787128499,15:21:04.787,82.6500,66
55280756386253,15:21:20.756,82.6500,100
55280756386253,15:21:20.756,82.6500,100
55328801988561,15:22:08.801,82.6400,10
55328801988561,15:22:08.801,82.6300,90
55328802124539,15:22:08.802,82.6300,10
55328802124539,15:22:08.802,82.6300,197
55328802134245,15:22:08.802,82.6300,3
55329269742747,15:22:09.269,82.6100,3
55346507135011,15:22:26.507,82.6100,100
55347268076260,15:22:27.268,82.5900,10
55347268076260,15:22:27.268,82.5900,100
55355191730510,15:22:35.191,82.6100,15
55356171642402,15:22:36.171,82.5900,33
55370114465486,15:22:50.114,82.5800,10
55370114465486,15:22:50.114,82.5700,100
55370114465486,15:22:50.114,82.5700,10
55370114465486,15:22:50.114,82.5700,100
55370114465486,15:22:50.114,82.5700,180
55370114544016,15:22:50.114,82.5700,20
55376252561362,15:22:56.252,82.6000,100
55376258945594,15:22:56.258,82.6100,72
55376258945594,15:22:56.258,82.6100,28
55376258971699,15:22:56.258,82.6100,44
55376258971699,15:22:56.258,82.6100,74
55391860030571,15:23:11.860,82.5900,100
55391860040746,15:23:11.860,82.5900,73
55391860849009,15:23:11.860,82.5800,100
55405086792200,15:23:25.086,82.5700,100
55410939692543,15:23:30.939,82.5600,10
55410939692543,15:23:30.939,82.5500,90
55437376469897,15:23:57.376,82.6000,100
55437376469897,15:23:57.376,82.6000,100
55459864654228,15:24:19.864,82.6300,10
55469570433942,15:24:29.570,82.6200,100
55469570433942,15:24:29.570,82.6100,18
55469570642734,15:24:29.570,82.6100,82
55469570642734,15:24:29.570,82.6100,118
55503886106869,15:25:03.886,82.6400,72
55506855751848,15:25:06.855,82.6400,100
55509747851301,15:25:09.747,82.6500,99
55509748278694,15:25:09.748,82.6500,1
55514112184320,15:25:14.112,82.6600,100
55514995416923,15:25:14.995,82.6800,23
55517809054022,15:25:17.809,82.6600,100
55518023400562,15:25:18.023,82.6500,100
55518023400562,15:25:18.023,82.6500,82
55518023400562,15:25:18.023,82.6500,100
55518023400562,15:25:18.023,82.6500,18
55518023400562,15:25:18.023,82.6500,100
55519666018085,15:25:19.666,82.6300,200
55519666089391,15:25:19.666,82.6300,82
55540025063893,15:25:40.025,82.6200,100
55540025063893,15:25:40.025,82.6200,200
55540025311129,15:25:40.025,82.6100,7
55540025976333,15:25:40.025,82.6100,3
55540025976333,15:25:40.025,82.6100,10
55540027921153,15:25:40.027,82.6100,100
55547591022122,15:25:47.591,82.6000,5
55547591069153,15:25:47.591,82.6000,23
55572733528024,15:26:12.733,82.6100,45
55572733528024,15:26:12.733,82.6100,3
55572733547315,15:26:12.733,82.6100,73
55572733549196,15:26:12.733,82.6100,24
55625218404895,15:27:05.218,82.5900,12
55625218404895,15:27:05.218,82.5900,88
55638854228435,15:27:18.854,82.6200,20
55641975275982,15:27:21.975,82.5900,12
55641975275982,15:27:21.975,82.5900,12
55641975280402,15:27:21.975,82.5900,73
55641975285199,15:27:21.975,82.5900,15
55641975285199,15:27:21.975,82.5900,58
