timestamp,time,price,volume
34200588970339,09:30:00.588,52.8800,2112
34231352122128,09:30:31.352,53.2100,1
34605557139709,09:36:45.557,52.8900,11
34605854041164,09:36:45.854,52.4100,13
34795109745501,09:39:55.109,52.8500,100
34799949824391,09:39:59.949,52.8900,300
34799949824391,09:39:59.949,52.9000,69
34799949824391,09:39:59.949,52.9000,31
34799950165430,09:39:59.950,52.8900,300
34809588401598,09:40:09.588,52.9000,100
34809588462121,09:40:09.588,52.9000,100
34809588489081,09:40:09.588,52.9000,69
34809588489081,09:40:09.588,52.9000,31
34809588498480,09:40:09.588,52.9000,2
34809588498480,09:40:09.588,52.9000,98
34809588530056,09:40:09.588,52.9000,100
34809611325816,09:40:09.611,52.8750,30
34809611733484,09:40:09.611,52.9000,10
34809611733484,09:40:09.611,52.9000,5
34867267736077,09:41:07.267,52.8700,10
34867267742595,09:41:07.267,52.8600,100
34867267742595,09:41:07.267,52.8600,57
34867269171900,09:41:07.269,52.8500,100
34867270004546,09:41:07.270,52.7900,100
34885961465338,09:41:25.961,52.6600,200
34885967503113,09:41:25.967,52.6600,100
34885967503113,09:41:25.967,52.8700,100
34885977059332,09:41:25.977,52.8600,100
34885977059332,09:41:25.977,52.8600,100
34935400807271,09:42:15.400,52.5600,20
34960231858621,09:42:40.231,52.6500,3
35004941512730,09:43:24.941,52.7600,1
35144246050261,09:45:44.246,52.6500,100
35144246152226,09:45:44.246,52.6500,100
35161974063607,09:46:01.974,52.5200,100
35174477024824,09:46:14.477,52.5100,100
35206158191147,09:46:46.158,52.4400,100
35206158191147,09:46:46.158,52.4400,100
35227997173733,09:47:07.997,52.4600,100
35228085979666,09:47:08.085,52.4300,100
35228314911690,09:47:08.314,52.3800,67
35228314911690,09:47:08.314,52.3700,33
35282597540139,09:48:02.597,52.2700,100
35282597652666,09:48:02.597,52.2700,100
35603070633579,09:53:23.070,52.1000,122
35603622545088,09:53:23.622,52.0900,100
35604744510202,09:53:24.744,52.0050,100
35634417558823,09:53:54.417,51.8300,100
35635252704481,09:53:55.252,51.8300,100
35635252704481,09:53:55.252,51.8700,30
35635252704481,09:53:55.252,51.8900,100
36025935251182,10:00:25.935,51.8400,3
36025935251182,10:00:25.935,51.8400,3
36025936053350,10:00:25.936,51.8400,100
36033062314040,10:00:33.062,51.7600,1
36138393445986,10:02:18.393,51.7700,1
36160471266281,10:02:40.471,51.7700,9
36349273642054,10:05:49.273,51.7250,100
36349273642054,10:05:49.273,51.8500,60
36349273642054,10:05:49.273,51.8500,40
36358168326053,10:05:58.168,51.9100,60
36358169021648,10:05:58.169,51.9300,11
36358198681296,10:05:58.198,51.9500,89
36358198707062,10:05:58.198,51.9500,11
36363816787839,10:06:03.816,52.0300,100
36363816787839,10:06:03.816,52.0300,100
36363816787839,10:06:03.816,52.0300,13
36806722590301,10:13:26.722,52.2600,25
36966259549000,10:16:06.259,52.0000,90
36966259549000,10:16:06.259,52.0000,10
37084584174248,10:18:04.584,52.0000,45
37084584174248,10:18:04.584,52.0000,55
37100252034721,10:18:20.252,51.9800,100
37100252061721,10:18:20.252,51.9800,30
37370170180927,10:22:50.170,52.0500,100
37401078443958,10:23:21.078,51.9700,100
37569717291887,10:26:09.717,51.9700,100
37642432078639,10:27:22.432,51.9600,100
38167591217608,10:36:07.591,51.9700,100
38487009453792,10:41:27.009,52.1300,31
38487009453792,10:41:27.009,52.1300,18
39081217512992,10:51:21.217,52.4000,165
39081217512992,10:51:21.217,52.3900,35
39149761580503,10:52:29.761,52.3900,65
39149761580503,10:52:29.761,52.3900,35
39149761688637,10:52:29.761,52.3900,65
39149761688637,10:52:29.761,52.3900,30
39149762014634,10:52:29.762,52.3800,100
39149762014634,10:52:29.762,52.3800,100
39149762014634,10:52:29.762,52.3800,100
39149762014634,10:52:29.762,52.3800,100
39149762014634,10:52:29.762,52.3800,96
39149762203005,10:52:29.762,52.3800,4
39149762203005,10:52:29.762,52.3800,96
39149762249856,10:52:29.762,52.3800,4
39149762271567,10:52:29.762,52.3800,100
39149765667872,10:52:29.765,52.3700,100
39423964001008,10:57:03.964,52.3000,100
39565958427520,10:59:25.958,52.3800,100
39649452102140,11:00:49.452,52.3500,85
39649452102140,11:00:49.452,52.3300,15
39649452170313,11:00:49.452,52.3300,85
39649452170313,11:00:49.452,52.3200,15
39649453645590,11:00:49.453,52.3200,85
39961580424957,11:06:01.580,52.3700,100
39961582084791,11:06:01.582,52.3650,100
40288859974578,11:11:28.859,52.2700,100
40288859974578,11:11:28.859,52.2700,100
40288860002002,11:11:28.860,52.2700,100
40288860030603,11:11:28.860,52.2700,100
40296240008441,11:11:36.240,52.2200,65
40296240008441,11:11:36.240,52.1900,35
40459930209107,11:14:19.930,52.1700,10
40930119738713,11:22:10.119,52.1100,100
40930119777007,11:22:10.119,52.1100,100
41045997006943,11:24:05.997,52.0500,67
41045997035559,11:24:05.997,52.0500,9
41045997102676,11:24:05.997,52.0500,5
41245245845267,11:27:25.245,51.9800,100
41444532486914,11:30:44.532,51.9600,1
41444532505664,11:30:44.532,51.9300,14
41444532799456,11:30:44.532,51.9300,2
41515135794642,11:31:55.135,51.9200,100
41707388193335,11:35:07.388,52.0000,100
41707388193335,11:35:07.388,52.0000,100
41707388193335,11:35:07.388,52.0000,13
41707388193335,11:35:07.388,52.0000,60
41707388541565,11:35:07.388,52.0100,100
42034662219980,11:40:34.662,52.0900,100
42105236528989,11:41:45.236,52.1200,100
42105236573806,11:41:45.236,52.1200,100
42179912104173,11:42:59.912,52.2800,100
42432972381521,11:47:12.972,52.4200,1
42630042703867,11:50:30.042,52.4700,180
42630042703867,11:50:30.042,52.4300,100
42630042703867,11:50:30.042,52.4300,100
42630042703867,11:50:30.042,52.4300,30
42630042703867,11:50:30.042,52.4300,20
42630042871670,11:50:30.042,52.4300,80
42630042871670,11:50:30.042,52.4300,100
42630043386525,11:50:30.043,52.4300,1
42630043452773,11:50:30.043,52.4200,100
42749373852801,11:52:29.373,52.5200,5
42990031976699,11:56:30.031,52.3900,100
42990031980182,11:56:30.031,52.3800,39
42990032101151,11:56:30.032,52.3800,61
42990032101151,11:56:30.032,52.3800,39
42990032116556,11:56:30.032,52.3800,61
42990032165267,11:56:30.032,52.3800,100
42990032477346,11:56:30.032,52.3700,100
42990032504455,11:56:30.032,52.3700,36
42990032504455,11:56:30.032,52.3700,5
42992999937623,11:56:32.999,52.2900,100
43339122809704,12:02:19.122,52.3100,100
43748220195451,12:09:08.220,52.4200,80
43813439738671,12:10:13.439,52.3900,100
43928654576088,12:12:08.654,52.4500,100
44099162514740,12:14:59.162,52.4700,100
44237832576247,12:17:17.832,52.4700,100
44384133608119,12:19:44.133,52.6000,84
44384133746469,12:19:44.133,52.6000,16
44405788175415,12:20:05.788,52.6000,1
44802132213236,12:26:42.132,52.5600,100
44919256262057,12:28:39.256,52.5700,100
44940196607787,12:29:00.196,52.5600,100
45001414938197,12:30:01.414,52.6700,100
45001414938197,12:30:01.414,52.6800,49
45001427987995,12:30:01.427,52.5800,54
45202285467713,12:33:22.285,52.6700,5
45301226372814,12:35:01.226,52.5700,10
45301226372814,12:35:01.226,52.5700,30
45301226372814,12:35:01.226,52.5700,2
45301226372814,12:35:01.226,52.5500,58
45301226529274,12:35:01.226,52.5500,42
45301226529274,12:35:01.226,52.5500,100
45301226529274,12:35:01.226,52.5500,100
45301226913014,12:35:01.226,52.5400,85
45301227780427,12:35:01.227,52.5200,15
45301227941390,12:35:01.227,52.5200,15
45301227993543,12:35:01.227,52.5200,15
45301228061799,12:35:01.228,52.5200,15
45301228121151,12:35:01.228,52.5200,15
45301228147378,12:35:01.228,52.5200,15
45301228633535,12:35:01.228,52.5200,15
45301229426739,12:35:01.229,52.5200,5
45334234548877,12:35:34.234,52.4800,100
45710921003761,12:41:50.921,52.4800,100
45710923408970,12:41:50.923,52.4700,100
45710924110092,12:41:50.924,52.4600,66
45710924113923,12:41:50.924,52.4600,34
45710930135042,12:41:50.930,52.4300,65
45710936224548,12:41:50.936,52.4300,3
45711339817460,12:41:51.339,52.4300,32
46343476214202,12:52:23.476,52.6800,47
46419658955044,12:53:39.658,52.6350,100
46534419758929,12:55:34.419,52.5900,5
46534419758929,12:55:34.419,52.5900,100
46655072600927,12:57:35.072,52.6500,42
46806750734967,13:00:06.750,52.6800,1
46810483999161,13:00:10.483,52.7200,100
46865960105252,13:01:05.960,52.6300,5
46960217313015,13:02:40.217,52.6900,67
47014734047664,13:03:34.734,52.6300,100
47014734047664,13:03:34.734,52.6300,7
47014734538330,13:03:34.734,52.6000,100
47014734593064,13:03:34.734,52.6000,100
47014734631194,13:03:34.734,52.6000,100
47014735236621,13:03:34.735,52.5900,17
47265266765240,13:07:45.266,52.7000,49
47541087551029,13:12:21.087,52.7100,34
47541087665138,13:12:21.087,52.7100,66
47541087665138,13:12:21.087,52.7100,11
47541087665138,13:12:21.087,52.7100,51
47541087665138,13:12:21.087,52.7100,10
47541087665138,13:12:21.087,52.7100,10
47847313510279,13:17:27.313,52.6800,7
47854997732186,13:17:34.997,52.7100,100
47922553916065,13:18:42.553,52.6900,100
47922554139562,13:18:42.554,52.7300,40
47933698561910,13:18:53.698,52.7400,100
47933700229272,13:18:53.700,52.7700,5
47934199256210,13:18:54.199,52.7700,95
47940458433842,13:19:00.458,52.7300,70
47965129529845,13:19:25.129,52.7300,10
47965129555873,13:19:25.129,52.7300,120
47965155757048,13:19:25.155,52.7200,100
47965156261385,13:19:25.156,52.7200,5
47965156291822,13:19:25.156,52.7200,100
48045836339342,13:20:45.836,52.6800,10
48045964152323,13:20:45.964,52.6700,5
48045964152323,13:20:45.964,52.6700,95
48045964211603,13:20:45.964,52.6700,5
48045964211603,13:20:45.964,52.6700,95
48045964386030,13:20:45.964,52.6700,5
48045964386030,13:20:45.964,52.6700,5
48045964386030,13:20:45.964,52.6700,40
48045966211945,13:20:45.966,52.6700,60
48549857861206,13:29:09.857,52.6400,100
48549857861206,13:29:09.857,52.6400,190
48667326160581,13:31:07.326,52.7200,2
48744549585577,13:32:24.549,52.7300,51
48982937937171,13:36:22.937,52.6400,100
48982938119338,13:36:22.938,52.6300,5
48982938119338,13:36:22.938,52.6300,7
48982938119338,13:36:22.938,52.6300,30
48982938119338,13:36:22.938,52.6300,100
48982939094314,13:36:22.939,52.6200,100
48982944150783,13:36:22.944,52.6100,100
48982944283425,13:36:22.944,52.6100,125
48982944283425,13:36:22.944,52.6100,100
48982944559224,13:36:22.944,52.6100,4
48982944585680,13:36:22.944,52.6100,16
48992568218959,13:36:32.568,52.6900,28
48992571209095,13:36:32.571,52.6100,100
48992679303202,13:36:32.679,52.6000,24
48992679363145,13:36:32.679,52.5900,96
48992680379941,13:36:32.680,52.5800,28
48993691497779,13:36:33.691,52.5700,100
49009582956316,13:36:49.582,52.5600,10
49009583755647,13:36:49.583,52.5400,2
49009583755647,13:36:49.583,52.5400,8
49112669125672,13:38:32.669,52.5700,100
49359769347859,13:42:39.769,52.5700,20
49458654013958,13:44:18.654,52.5300,20
49458655099796,13:44:18.655,52.5200,10
49459328844817,13:44:19.328,52.5100,9
49459328920432,13:44:19.328,52.4900,1
49517028073197,13:45:17.028,52.4800,3
49517028073197,13:45:17.028,52.4800,2
49613410016909,13:46:53.410,52.5100,23
49650655048899,13:47:30.655,52.5600,34
50034261826586,13:53:54.261,52.5300,100
50157187366302,13:55:57.187,52.5200,100
50157187366302,13:55:57.187,52.5200,6
50157187366302,13:55:57.187,52.5200,100
50158086652025,13:55:58.086,52.4700,10
50158227491745,13:55:58.227,52.5200,100
50245125759993,13:57:25.125,52.5700,67
50245125881301,13:57:25.125,52.5700,33
50245125881301,13:57:25.125,52.5700,10
50245125881301,13:57:25.125,52.5700,10
50411975826913,14:00:11.975,52.7100,100
50475565948206,14:01:15.565,52.8400,100
50475566761876,14:01:15.566,52.8400,100
50581491303117,14:03:01.491,52.8100,100
50837335595942,14:07:17.335,53.1400,59
50837335595942,14:07:17.335,53.1400,5
50837336474491,14:07:17.336,53.1400,6
50919780671374,14:08:39.780,53.0500,5
50919781269908,14:08:39.781,53.0500,85
50919781269908,14:08:39.781,53.0500,15
50919781281878,14:08:39.781,53.0500,285
50919781281878,14:08:39.781,53.0400,100
50919781281878,14:08:39.781,53.0400,36
50919781281878,14:08:39.781,53.0400,15
50919781318975,14:08:39.781,53.0400,85
50919781318975,14:08:39.781,53.0400,15
50919781345056,14:08:39.781,53.0400,85
50919781345056,14:08:39.781,53.0400,15
50919781358012,14:08:39.781,53.0400,85
50919781358012,14:08:39.781,53.0400,15
50919781373227,14:08:39.781,53.0400,85
50919781514142,14:08:39.781,53.0400,150
50919782034516,14:08:39.782,53.0300,40
50919782063557,14:08:39.782,53.0300,60
51031004054767,14:10:31.004,52.9400,77
51031005476027,14:10:31.005,52.9300,1
51031034158185,14:10:31.034,52.9300,99
51082722705493,14:11:22.722,53.0400,100
51082722732773,14:11:22.722,53.0500,100
51082722823430,14:11:22.722,53.0000,2
51082723100568,14:11:22.723,53.0500,2
51092521365388,14:11:32.521,53.1400,2
51144635150936,14:12:24.635,53.1800,6
51145636410132,14:12:25.636,53.2000,2
51223631917973,14:13:43.631,53.2400,100
51223927190812,14:13:43.927,53.2800,100
51255627023113,14:14:15.627,53.2600,2
51300533057991,14:15:00.533,53.2000,81
51300533919613,14:15:00.533,53.1800,45
51300534174958,14:15:00.534,53.1800,2
51301200758888,14:15:01.200,53.1700,95
51324351948709,14:15:24.351,53.1500,100
51329415738489,14:15:29.415,53.1000,68
51385670419332,14:16:25.670,53.2200,100
51385670521110,14:16:25.670,53.2200,100
51406673372376,14:16:46.673,53.2400,2
51426638471611,14:17:06.638,53.2400,98
51438627553564,14:17:18.627,53.2500,2
51444467591205,14:17:24.467,53.2800,59
51499627849875,14:18:19.627,53.1800,2
51540972632301,14:19:00.972,53.0900,50
51560630964354,14:19:20.630,53.1600,2
51650633448332,14:20:50.633,53.2000,2
51655345603833,14:20:55.345,53.2000,100
51662846090984,14:21:02.846,53.2900,100
51677469190749,14:21:17.469,53.2300,100
51690361003149,14:21:30.361,53.2500,2
51690361036768,14:21:30.361,53.2500,1
51746701349461,14:22:26.701,53.2700,3
51811627733320,14:23:31.627,53.3000,10
51826037130593,14:23:46.037,53.3500,28
51826037130593,14:23:46.037,53.3500,72
51826038532920,14:23:46.038,53.3200,10
51826038989373,14:23:46.038,53.2900,3
51865627884005,14:24:25.627,53.2800,3
51883029686553,14:24:43.029,53.2400,4
51897462570855,14:24:57.462,53.2400,1
51898097586203,14:24:58.097,53.2300,25
51898098049593,14:24:58.098,53.2300,75
51912000097351,14:25:12.000,53.2200,9
51912000097351,14:25:12.000,53.2700,1
52016631337924,14:26:56.631,53.2100,2
52077630690794,14:27:57.630,53.2000,3
52108017488032,14:28:28.017,53.1500,3
52146130551560,14:29:06.130,53.2000,4
52197035497871,14:29:57.035,53.2100,2
52205781193444,14:30:05.781,53.1100,14
52228059752794,14:30:28.059,53.1700,2
52269577584408,14:31:09.577,53.2300,96
52342985435371,14:32:22.985,53.2200,63
52348013592196,14:32:28.013,53.2300,4
52391636490111,14:33:11.636,53.1300,29
52399278201368,14:33:19.278,53.0900,6
52404291725690,14:33:24.291,53.0500,100
52404361032288,14:33:24.361,53.1200,100
52404361032288,14:33:24.361,53.1400,100
52404361032288,14:33:24.361,53.1400,68
52404361032288,14:33:24.361,53.1400,32
52404361063897,14:33:24.361,53.1400,68
52404368031136,14:33:24.368,53.1700,100
52412335617811,14:33:32.335,53.2200,2
52412335650607,14:33:32.335,53.2200,3
52467988784194,14:34:27.988,53.1850,100
52490948705631,14:34:50.948,53.1750,193
52544020827166,14:35:44.020,53.2000,3
52544020858992,14:35:44.020,53.2000,97
52552605571881,14:35:52.605,53.2500,3
52552605571881,14:35:52.605,53.2600,12
52566832598065,14:36:06.832,53.1600,3
52566832598065,14:36:06.832,53.1600,33
52566832691222,14:36:06.832,53.1600,67
52566833432022,14:36:06.833,53.1500,100
52566833432022,14:36:06.833,53.1500,100
52566987444662,14:36:06.987,53.1400,61
52566987471586,14:36:06.987,53.1400,39
52609282488129,14:36:49.282,53.1300,62
52609283050855,14:36:49.283,53.1300,38
52609283107347,14:36:49.283,53.1300,38
52609283678170,14:36:49.283,53.1300,62
52609283678170,14:36:49.283,53.1000,38
52609494285911,14:36:49.494,53.1100,100
52645819078331,14:37:25.819,53.1700,100
52645819103363,14:37:25.819,53.1700,4
52661015478555,14:37:41.015,53.2500,2
52708009204080,14:38:28.009,53.2000,3
52729032687442,14:38:49.032,53.3000,2
52729674673855,14:38:49.674,53.3100,5
52729674673855,14:38:49.674,53.3100,12
52768009521266,14:39:28.009,53.2900,3
52888008454716,14:41:28.008,53.2600,2
52954516867582,14:42:34.516,53.2600,3
52995111989747,14:43:15.111,53.2100,3
52996016602475,14:43:16.016,53.2100,2
53008136444486,14:43:28.136,53.1900,12
53008136485099,14:43:28.136,53.2000,100
53010016118537,14:43:30.016,53.2500,3
53068011116563,14:44:28.011,53.2800,3
53128015621654,14:45:28.015,53.2700,3
53160522661979,14:46:00.522,53.2300,7
53248030660747,14:47:28.030,53.4000,3
53252519565865,14:47:32.519,53.3500,74
53252519643973,14:47:32.519,53.3500,26
53252519643973,14:47:32.519,53.3500,100
53315254212615,14:48:35.254,53.3300,100
53315254336256,14:48:35.254,53.3400,23
53315254395250,14:48:35.254,53.3400,77
53315256919418,14:48:35.256,53.3800,1
53315257286767,14:48:35.257,53.3800,99
53332814114181,14:48:52.814,53.4100,2
53368022747464,14:49:28.022,53.3900,3
53428060385215,14:50:28.060,53.3900,3
53429750944454,14:50:29.750,53.3100,13
53433284468690,14:50:33.284,53.4600,3
53488011053251,14:51:28.011,53.3700,3
53545829832514,14:52:25.829,53.4300,3
53545829832514,14:52:25.829,53.4300,30
53545829832514,14:52:25.829,53.4300,100
53545830998805,14:52:25.830,53.4200,100
53545834722332,14:52:25.834,53.3600,125
53553795044142,14:52:33.795,53.3500,100
53555792549058,14:52:35.792,53.3400,100
53555798578571,14:52:35.798,53.3100,100
53555798644039,14:52:35.798,53.3100,100
53555798974660,14:52:35.798,53.3000,100
53559606729463,14:52:39.606,53.4700,45
53608016866741,14:53:28.016,53.4100,3
53682031898030,14:54:42.031,53.4300,3
53704408714148,14:55:04.408,53.3800,8
53704408740457,14:55:04.408,53.3800,2
53791197223345,14:56:31.197,53.4300,100
53794008459136,14:56:34.008,53.4800,3
53861009230254,14:57:41.009,53.5000,5
53862091659718,14:57:42.091,53.4900,2
53912462574536,14:58:32.462,53.5600,100
53975608816521,14:59:35.608,53.6200,20
53975608816521,14:59:35.608,53.6200,80
53976017492363,14:59:36.017,53.5400,3
54028008939266,15:00:28.008,53.5100,3
54104056327858,15:01:44.056,53.5100,3
54155020738858,15:02:35.020,53.5200,3
54200856966394,15:03:20.856,53.4800,100
54200858272278,15:03:20.858,53.4700,100
54200858641030,15:03:20.858,53.4600,3
54200858662411,15:03:20.858,53.4600,37
54200858667045,15:03:20.858,53.4600,6
54200858716433,15:03:20.858,53.4600,54
54200858716433,15:03:20.858,53.4600,17
54200858730924,15:03:20.858,53.4600,74
54200858747461,15:03:20.858,53.4600,9
54200859056548,15:03:20.859,53.4300,38
54244742890360,15:04:04.742,53.3900,3
54288670460127,15:04:48.670,53.3300,11
54317269382060,15:05:17.269,53.3300,100
54329015987656,15:05:29.015,53.3600,2
54362561711566,15:06:02.561,53.3200,2
54362561757416,15:06:02.561,53.3200,7
54362562487801,15:06:02.562,53.2900,1
54450020607136,15:07:30.020,53.3500,3
54490494481166,15:08:10.494,53.3700,15
54490494536982,15:08:10.494,53.3800,100
54490495077209,15:08:10.495,53.3800,100
54508021788290,15:08:28.021,53.4000,3
54568020368553,15:09:28.020,53.3500,3
54600012020843,15:10:00.012,53.3100,100
54600012020843,15:10:00.012,53.3100,100
54600012046297,15:10:00.012,53.3100,100
54600012047614,15:10:00.012,53.3100,100
54600012274514,15:10:00.012,53.2800,90
54600260858098,15:10:00.260,53.2600,5
54600261291138,15:10:00.261,53.2500,65
54600261291138,15:10:00.261,53.2500,10
54600264247560,15:10:00.264,53.2600,6
54643582019745,15:10:43.582,53.2300,5
54643582532904,15:10:43.582,53.2100,2
54652591918037,15:10:52.591,53.2400,8
54688019807928,15:11:28.019,53.2400,3
54748028705022,15:12:28.028,53.2400,3
54808012728648,15:13:28.012,53.2600,3
54869015360308,15:14:29.015,53.2700,2
54926294053845,15:15:26.294,53.2700,12
54926875227061,15:15:26.875,53.2750,6
54926875426938,15:15:26.875,53.2750,6
54926875493060,15:15:26.875,53.2750,12
54926875530010,15:15:26.875,53.2750,12
54926875832837,15:15:26.875,53.2750,12
54926875897068,15:15:26.875,53.2750,12
54926875913069,15:15:26.875,53.2750,7
54926875913069,15:15:26.875,53.2800,5
54926875939544,15:15:26.875,53.2800,7
54929020078880,15:15:29.020,53.2900,2
54948021967395,15:15:48.021,53.3000,5
54988018117906,15:16:28.018,53.3200,3
55048015242296,15:17:28.015,53.2800,30
55048015242296,15:17:28.015,53.2800,100
55048015501146,15:17:28.015,53.2500,45
55048015654999,15:17:28.015,53.2500,55
55048020683534,15:17:28.020,53.2400,2
55048270519295,15:17:28.270,53.2400,98
55051469208902,15:17:31.469,53.2400,100
55051469208902,15:17:31.469,53.2600,2
55051469235638,15:17:31.469,53.2600,98
55051469235638,15:17:31.469,53.2600,2
55051470405814,15:17:31.470,53.2600,40
55056234087838,15:17:36.234,53.2800,100
55108009316457,15:18:28.009,53.2700,2
55154488470129,15:19:14.488,53.2400,13
55168011102649,15:19:28.011,53.2700,3
55200046386533,15:20:00.046,53.3050,95
55228015204310,15:20:28.015,53.3400,3
55288027505344,15:21:28.027,53.3500,2
55332411159914,15:22:12.411,53.3000,30
55332411159914,15:22:12.411,53.3000,30
55348013382986,15:22:28.013,53.3000,3
55387800551248,15:23:07.800,53.2700,11
55395624276966,15:23:15.624,53.2700,89
55395624276966,15:23:15.624,53.2700,11
55395624303304,15:23:15.624,53.2700,29
55463595384627,15:24:23.595,53.2600,11
55466034316159,15:24:26.034,53.2600,86
55466034316159,15:24:26.034,53.2700,11
55468027920182,15:24:28.027,53.2800,100
55468027920182,15:24:28.027,53.2800,100
55468064151873,15:24:28.064,53.3000,99
55469027565343,15:24:29.027,53.3000,1
55469593254932,15:24:29.593,53.3000,2
55530027580833,15:25:30.027,53.3300,2
55544632210781,15:25:44.632,53.3100,100
55544632210781,15:25:44.632,53.3100,30
55544632318861,15:25:44.632,53.3100,100
55544632318861,15:25:44.632,53.3000,100
55544632318861,15:25:44.632,53.3000,100
55544632355530,15:25:44.632,53.3000,100
55603080861250,15:26:43.080,53.3100,3
55648088901187,15:27:28.088,53.2900,95
55650068697374,15:27:30.068,53.2900,3
55650068796855,15:27:30.068,53.2800,10
55666085346587,15:27:46.085,53.2600,6
55672743592645,15:27:52.743,53.2900,100
55677025693309,15:27:57.025,53.3200,3
55677025722354,15:27:57.025,53.3200,3
55680780941927,15:28:00.780,53.3300,100
55752837081841,15:29:12.837,53.3200,5
55752837081841,15:29:12.837,53.3200,24
55752837081841,15:29:12.837,53.3200,71
55752837108775,15:29:12.837,53.3200,29
55752837108775,15:29:12.837,53.3200,100
55752837110960,15:29:12.837,53.3200,100
55768030483528,15:29:28.030,53.3100,86
55773885259793,15:29:33.885,53.2900,6
55825424686775,15:30:25.424,53.2400,5
55825424723597,15:30:25.424,53.2400,15
55825425597751,15:30:25.425,53.2300,20
55825425597751,15:30:25.425,53.2300,100
55825425718468,15:30:25.425,53.2200,2
55864385556569,15:31:04.385,53.2200,5
55889017075418,15:31:29.017,53.3100,2
55901037751122,15:31:41.037,53.3200,7
55901037751122,15:31:41.037,53.3200,12
55948028050821,15:32:28.028,53.3200,2
56008023696535,15:33:28.023,53.3200,3
56020751914719,15:33:40.751,53.3100,95
56020751914719,15:33:40.751,53.3200,5
56025853658116,15:33:45.853,53.3200,18
56031996088962,15:33:51.996,53.3100,11
56031996124226,15:33:51.996,53.3100,19
56031996124226,15:33:51.996,53.3100,74
56031997066057,15:33:51.997,53.2900,100
56031997066057,15:33:51.997,53.2900,17
56031997096833,15:33:51.997,53.2900,83
56031997096833,15:33:51.997,53.2900,40
56031997134148,15:33:51.997,53.2900,60
56034694556155,15:33:54.694,53.2700,100
56034694556155,15:33:54.694,53.2700,100
56034694556155,15:33:54.694,53.2700,100
56034694611303,15:33:54.694,53.2700,30
56034694611303,15:33:54.694,53.2700,100
56043224393531,15:34:03.224,53.2300,61
56060575005486,15:34:20.575,53.2300,39
56060575005486,15:34:20.575,53.2300,25
56060575506677,15:34:20.575,53.2100,20
56100273463399,15:35:00.273,53.2000,10
56101237523196,15:35:01.237,53.2200,80
56130012502350,15:35:30.012,53.2400,2
56133609336548,15:35:33.609,53.2400,42
56133609336548,15:35:33.609,53.2450,58
56136990412844,15:35:36.990,53.2300,14
56165304401424,15:36:05.304,53.2300,6
56165305755103,15:36:05.305,53.2300,80
56165305755103,15:36:05.305,53.2300,100
56165305755103,15:36:05.305,53.2300,20
56165305782325,15:36:05.305,53.2300,93
56173216117220,15:36:13.216,53.1900,10
56173216117220,15:36:13.216,53.1900,10
56173216117220,15:36:13.216,53.1900,40
56173216117220,15:36:13.216,53.1900,40
56173216169572,15:36:13.216,53.1800,2
56210042425735,15:36:50.042,53.1300,30
56210042425735,15:36:50.042,53.1200,2
56210042425735,15:36:50.042,53.1200,10
56220312510803,15:37:00.312,53.1100,5
56236978046186,15:37:16.978,53.1000,2
56237008376911,15:37:17.008,53.1000,48
56237008376911,15:37:17.008,53.1000,5
56237008520841,15:37:17.008,53.0900,2
56237008520841,15:37:17.008,53.0900,3
56237065892506,15:37:17.065,53.0900,42
56237065892506,15:37:17.065,53.1100,58
56237069232495,15:37:17.069,53.1100,42
56237069857727,15:37:17.069,53.1050,100
56243363098211,15:37:23.363,53.1200,17
56258258214093,15:37:38.258,53.1100,6
56279099582251,15:37:59.099,53.1000,100
56279099582251,15:37:59.099,53.1000,57
56279099594709,15:37:59.099,53.1000,43
56308301595749,15:38:28.301,53.0700,79
56308301595749,15:38:28.301,53.0700,21
56309781540833,15:38:29.781,53.0600,96
56309781803976,15:38:29.781,53.0600,4
56314738309251,15:38:34.738,53.0400,79
56319528333885,15:38:39.528,53.0450,15
56332514028426,15:38:52.514,53.0300,5
56332514028426,15:38:52.514,53.0200,95
56334970298424,15:38:54.970,53.0300,9
56340961389745,15:39:00.961,53.0200,5
56344332897456,15:39:04.332,53.0200,1
56357613874240,15:39:17.613,53.0400,100
56363227469683,15:39:23.227,53.0200,100
56363227541218,15:39:23.227,53.0200,20
56379761715499,15:39:39.761,53.0100,5
56380294262904,15:39:40.294,53.0100,21
56380294262904,15:39:40.294,53.0000,79
56380294657429,15:39:40.294,53.0000,2
56412166676267,15:40:12.166,53.0000,19
56412166676267,15:40:12.166,53.0000,10
56412511761317,15:40:12.511,52.9900,5
56412511788180,15:40:12.511,52.9900,34
56412511880728,15:40:12.511,52.9800,48
56412511969023,15:40:12.511,52.9800,52
56412992912645,15:40:12.992,52.9600,2
56412992937832,15:40:12.992,52.9600,98
56423565403028,15:40:23.565,52.9600,48
56429605265255,15:40:29.605,52.9400,100
56429605265255,15:40:29.605,52.9400,100
56429605265255,15:40:29.605,52.9400,100
56442901514781,15:40:42.901,52.9200,30
56442901515398,15:40:42.901,52.9200,30
56442901541447,15:40:42.901,52.9200,40
56442901542156,15:40:42.901,52.9800,38
56442901547813,15:40:42.901,52.9800,62
56442902012968,15:40:42.902,52.9800,200
56442902027726,15:40:42.902,52.9800,100
56442902027726,15:40:42.902,52.9800,100
56447693714890,15:40:47.693,52.9850,100
56450718361730,15:40:50.718,52.9600,100
56461115704151,15:41:01.115,52.9700,5
56490891713913,15:41:30.891,52.9300,100
56490891713913,15:41:30.891,52.9300,100
56490891713913,15:41:30.891,52.9300,100
56490891763842,15:41:30.891,52.9200,10
56490923980015,15:41:30.923,52.9100,10
56491039170602,15:41:31.039,52.9000,67
56491039170602,15:41:31.039,52.9000,7
56536532656947,15:42:16.532,52.9600,100
56549402392933,15:42:29.402,52.9500,2
56549402394660,15:42:29.402,52.9200,96
56549402400613,15:42:29.402,52.9200,4
56549402497993,15:42:29.402,52.9100,96
56549402505819,15:42:29.402,52.9100,4
56574307512534,15:42:54.307,52.9100,6
56581804326650,15:43:01.804,52.9600,50
56581804405510,15:43:01.804,52.9600,40
56581804406085,15:43:01.804,52.9600,10
56581805129133,15:43:01.805,52.9600,77
56581805197298,15:43:01.805,52.9600,23
56608062413898,15:43:28.062,52.9600,3
56641014574343,15:44:01.014,53.0300,100
56641014987511,15:44:01.014,53.0300,77
56641015018663,15:44:01.015,53.0300,23
56645364435307,15:44:05.364,53.0300,100
56645364435307,15:44:05.364,53.0300,29
56645364516418,15:44:05.364,53.0300,71
56645364516418,15:44:05.364,53.0300,29
56645364528383,15:44:05.364,53.0300,50
56645364551439,15:44:05.364,53.0300,21
56728171060829,15:45:28.171,53.0600,3
56779147313550,15:46:19.147,53.0600,50
56779147322393,15:46:19.147,53.0600,50
56779147322393,15:46:19.147,53.0600,51
56779147329596,15:46:19.147,53.0600,112
56779147341542,15:46:19.147,53.0600,37
56779147341542,15:46:19.147,53.0600,100
56779147341542,15:46:19.147,53.0600,23
56779147353063,15:46:19.147,53.0600,49
56779147364117,15:46:19.147,53.0600,28
56815101938510,15:46:55.101,53.0400,5
56830147690589,15:47:10.147,53.0400,25
56833741363637,15:47:13.741,53.0700,100
56873583523517,15:47:53.583,53.0500,6
56887036476234,15:48:07.036,53.0900,100
56887036827381,15:48:07.036,53.1200,60
56887036991219,15:48:07.036,53.1200,39
56887037077564,15:48:07.037,53.1200,1
56887037077564,15:48:07.037,53.1200,1
56910036142983,15:48:30.036,53.1400,3
56910036346301,15:48:30.036,53.1200,59
56971190817565,15:49:31.190,53.1300,2
56996669740523,15:49:56.669,53.1400,100
56996669780011,15:49:56.669,53.1400,85
56996669976837,15:49:56.669,53.1400,15
56996669976837,15:49:56.669,53.1400,83
57010386398272,15:50:10.386,53.1400,3
57010389452498,15:50:10.389,53.1400,3
57023208718870,15:50:23.208,53.1400,11
57023208718870,15:50:23.208,53.1400,79
57033705402667,15:50:33.705,53.1400,34
57033705919732,15:50:33.705,53.1400,66
57033705919732,15:50:33.705,53.1400,21
57033705919732,15:50:33.705,53.1400,100
57034053754831,15:50:34.053,53.1600,3
57034054141286,15:50:34.054,53.1400,200
57034054141286,15:50:34.054,53.1400,64
57038018558603,15:50:38.018,53.1300,100
57038018558603,15:50:38.018,53.1300,100
57038018585156,15:50:38.018,53.1300,100
57050785344750,15:50:50.785,53.1300,5
57067694754222,15:51:07.694,53.1000,44
57067695065300,15:51:07.695,53.1000,50
57067695094632,15:51:07.695,53.1000,6
57067695094632,15:51:07.695,53.1000,100
57067695271220,15:51:07.695,53.0900,100
57067695271220,15:51:07.695,53.0900,6
57121554797950,15:52:01.554,53.1200,58
57121554797950,15:52:01.554,53.1200,100
57121554797950,15:52:01.554,53.1200,100
57121554797950,15:52:01.554,53.1200,100
57121554797950,15:52:01.554,53.1200,16
57140294839450,15:52:20.294,53.0900,29
57140294859556,15:52:20.294,53.0900,22
57140294863599,15:52:20.294,53.0900,49
57140294863599,15:52:20.294,53.0900,10
57140294887166,15:52:20.294,53.0900,13
57140294888397,15:52:20.294,53.0900,77
57140295267525,15:52:20.295,53.0900,20
57150750853724,15:52:30.750,53.0900,20
57186256251290,15:53:06.256,53.0600,10
57204002669561,15:53:24.002,53.0700,100
57204002669561,15:53:24.002,53.0600,100
57231126583639,15:53:51.126,53.0700,100
57231126583639,15:53:51.126,53.0700,20
57231126593018,15:53:51.126,53.0700,3
57231126619579,15:53:51.126,53.0700,49
57231126651246,15:53:51.126,53.0700,28
57231126651246,15:53:51.126,53.0700,100
57231126651246,15:53:51.126,53.0700,8
57231126906461,15:53:51.126,53.0800,50
57231127400061,15:53:51.127,53.0800,50
57231127490164,15:53:51.127,53.0800,100
57231129304768,15:53:51.129,53.0800,100
57256548718393,15:54:16.548,53.0800,99
57256548736281,15:54:16.548,53.0800,1
57256548736281,15:54:16.548,53.0800,83
57256548763141,15:54:16.548,53.0800,17
57256549771481,15:54:16.549,53.0700,100
57256560498886,15:54:16.560,53.0800,100
57296109115386,15:54:56.109,53.0800,50
57296607369230,15:54:56.607,53.0800,50
57296607369230,15:54:56.607,53.0800,6
57296607374259,15:54:56.607,53.0900,25
57296607379301,15:54:56.607,53.0900,50
57296607453159,15:54:56.607,53.0900,61
57300045084900,15:55:00.045,53.1000,100
57302634276205,15:55:02.634,53.1500,100
57303088123600,15:55:03.088,53.1400,100
57305699536995,15:55:05.699,53.1500,100
57311931552539,15:55:11.931,53.1500,21
57314204928182,15:55:14.204,53.1600,100
57321836992219,15:55:21.836,53.1700,100
57341621963751,15:55:41.621,53.1800,100
57349407314571,15:55:49.407,53.1900,4
57349407314571,15:55:49.407,53.1900,21
57371170447475,15:56:11.170,53.2200,100
57390261485841,15:56:30.261,53.2200,2
57392417796216,15:56:32.417,53.2200,1
57392417796216,15:56:32.417,53.2300,99
57405109414032,15:56:45.109,53.2300,1
57405109414032,15:56:45.109,53.2300,73
57410256748999,15:56:50.256,53.2300,21
57410256748999,15:56:50.256,53.2300,3
57418460347790,15:56:58.460,53.2400,100
57419942816993,15:56:59.942,53.2200,80
57419942917517,15:56:59.942,53.2200,38
57419942917517,15:56:59.942,53.2200,22
57419942917517,15:56:59.942,53.2200,5
57419943190581,15:56:59.943,53.2200,95
57419943190581,15:56:59.943,53.2200,76
57419943227499,15:56:59.943,53.2200,16
57419943259664,15:56:59.943,53.2200,5
57419943259664,15:56:59.943,53.2200,2
57419943259664,15:56:59.943,53.2200,6
57419943290087,15:56:59.943,53.2200,67
57419943290087,15:56:59.943,53.2200,67
57419943422512,15:56:59.943,53.2100,37
57419943518665,15:56:59.943,53.2100,63
57419943518665,15:56:59.943,53.2100,24
57419943716065,15:56:59.943,53.2100,26
57420070118281,15:57:00.070,53.2100,32
57428201637075,15:57:08.201,53.2200,100
57444629853481,15:57:24.629,53.2100,80
57444629878438,15:57:24.629,53.2100,1
57444631065291,15:57:24.631,53.2100,19
57444631065291,15:57:24.631,53.2100,81
57458243213154,15:57:38.243,53.2100,92
57458243213154,15:57:38.243,53.2100,100
57458243213154,15:57:38.243,53.2100,4
57458243272604,15:57:38.243,53.2100,20
57458243375529,15:57:38.243,53.2100,81
57458243375529,15:57:38.243,53.2100,9
57458244327472,15:57:38.244,53.2100,91
57458244327472,15:57:38.244,53.2100,100
57458244327472,15:57:38.244,53.2100,35
57458244327472,15:57:38.244,53.2100,36
57458244327472,15:57:38.244,53.2100,38
57458244360841,15:57:38.244,53.2100,62
57458244370622,15:57:38.244,53.2100,62
57458244377769,15:57:38.244,53.2100,38
57458244377769,15:57:38.244,53.2000,49
57458244403577,15:57:38.244,53.2000,50
57468788773163,15:57:48.788,53.2000,55
57468788773163,15:57:48.788,53.2000,100
57468788881408,15:57:48.788,53.2000,100
57470245342873,15:57:50.245,53.1800,7
57483452125995,15:58:03.452,53.2100,76
57487802403210,15:58:07.802,53.2100,11
57487802403210,15:58:07.802,53.2100,89
57487802446351,15:58:07.802,53.2100,11
57487802493291,15:58:07.802,53.2100,88
57487803966509,15:58:07.803,53.2100,12
57487803966509,15:58:07.803,53.2100,12
57502871673532,15:58:22.871,53.2000,191
57502871673532,15:58:22.871,53.2000,105
57502871673532,15:58:22.871,53.2000,100
57502871673532,15:58:22.871,53.2000,65
57502871673532,15:58:22.871,53.2000,88
57502871673532,15:58:22.871,53.2000,100
57502871723458,15:58:22.871,53.2000,100
57510317825089,15:58:30.317,53.2100,12
57510317825089,15:58:30.317,53.2100,12
57510317825089,15:58:30.317,53.2100,89
57510317947592,15:58:30.317,53.2100,49
57514234674878,15:58:34.234,53.2100,10
57518357602935,15:58:38.357,53.2300,100
57520026622425,15:58:40.026,53.2300,10
57537875600587,15:58:57.875,53.2300,6
57537875600587,15:58:57.875,53.2300,94
57538085770077,15:58:58.085,53.2300,6
57545908041379,15:59:05.908,53.2700,100
57548821686393,15:59:08.821,53.2600,191
57548821686393,15:59:08.821,53.2600,12
57548821686393,15:59:08.821,53.2600,37
57548821781338,15:59:08.821,53.2700,12
57548821781338,15:59:08.821,53.2600,110
57548821784224,15:59:08.821,53.2600,8
57548823429402,15:59:08.823,53.2600,48
57548823457858,15:59:08.823,53.2600,1
57548823457858,15:59:08.823,53.2600,105
57548823457858,15:59:08.823,53.2600,95
57551257397176,15:59:11.257,53.2600,12
57551260538983,15:59:11.260,53.2600,100
57552688307177,15:59:12.688,53.2500,100
57552688307177,15:59:12.688,53.2500,34
57552688345401,15:59:12.688,53.2500,66
57552688345401,15:59:12.688,53.2500,100
57552688345401,15:59:12.688,53.2500,14
57552688345401,15:59:12.688,53.2500,4
57552688345401,15:59:12.688,53.2500,191
57552688345401,15:59:12.688,53.2500,164
57552688379554,15:59:12.688,53.2500,40
57552688379554,15:59:12.688,53.2500,105
57553075654935,15:59:13.075,53.2300,36
57559118264522,15:59:19.118,53.2700,10
57567030062287,15:59:27.030,53.2800,10
57569903341464,15:59:29.903,53.2700,5
57580098476491,15:59:40.098,53.2800,33
57590787742537,15:59:50.787,53.3100,3
57594120568163,15:59:54.120,53.3100,5
57595059311366,15:59:55.059,53.3100,66
57595081404647,15:59:55.081,53.3100,4
57595874991371,15:59:55.874,53.3100,22
57595874991371,15:59:55.874,53.3100,78
57595875128732,15:59:55.875,53.3100,14
57595875154094,15:59:55.875,53.3100,9
57597735254024,15:59:57.735,53.3000,25
57598001878511,15:59:58.001,53.3100,100
57600262366242,16:00:00.262,53.3100,22188
