timestamp,time,price,volume
34200717724950,09:30:00.717,16.7800,212
35221013154488,09:47:01.013,16.8500,17
35277053805459,09:47:57.053,16.8700,10
35335092891174,09:48:55.092,16.8700,6
35337107129732,09:48:57.107,16.8700,23
35394138552582,09:49:54.138,16.8700,18
35397152764907,09:49:57.152,16.8700,12
35457187924843,09:50:57.187,16.8700,21
35463205896896,09:51:03.205,16.8700,1
35521262923387,09:52:01.262,16.8700,16
35612344509438,09:53:32.344,16.8700,1
35760131343542,09:56:00.131,16.8700,6
35760131343542,09:56:00.131,16.8700,12
35764122420040,09:56:04.122,16.8800,100
35764122420040,09:56:04.122,16.8800,10
35764122520631,09:56:04.122,16.8800,52
35815673189605,09:56:55.673,16.8000,31
35831375915154,09:57:11.375,16.8900,100
35831375915154,09:57:11.375,16.8900,100
35831375915154,09:57:11.375,16.8900,100
36244280261506,10:04:04.280,16.7900,80
36244280290239,10:04:04.280,16.9200,100
36806856300904,10:13:26.856,16.9400,6
37173127219027,10:19:33.127,16.9400,100
38078486814960,10:34:38.486,17.0400,50
38078487594088,10:34:38.487,17.0400,50
38078487594088,10:34:38.487,17.0500,50
38078487620482,10:34:38.487,17.0500,50
38078487968683,10:34:38.487,17.0900,11
38892241418498,10:48:12.241,17.1900,10
38892241418498,10:48:12.241,17.2100,1
38993051177872,10:49:53.051,17.1200,100
38993051177872,10:49:53.051,17.1100,100
38993051648822,10:49:53.051,17.0900,4
38993070144497,10:49:53.070,17.0900,500
38993070193458,10:49:53.070,17.0900,100
38993070250722,10:49:53.070,17.0900,100
38993070282759,10:49:53.070,17.0900,75
38993070288233,10:49:53.070,17.0900,50
38993070301835,10:49:53.070,17.0900,24
38993070581289,10:49:53.070,17.0900,122
39656899989942,11:00:56.899,17.0700,3
39657045164393,11:00:57.045,17.0500,1
40495494750139,11:14:55.494,17.0300,31
40557256463486,11:15:57.256,17.0400,58
40607399982201,11:16:47.399,17.0800,100
40607399982201,11:16:47.399,17.0500,100
40607400492713,11:16:47.400,17.0200,10
40607400518725,11:16:47.400,17.0200,90
40615053092235,11:16:55.053,17.0100,10
40977685851645,11:22:57.685,17.0000,84
40977685876617,11:22:57.685,17.0000,716
40977685934135,11:22:57.685,17.0000,100
40977686363410,11:22:57.686,16.9900,1
41006519815075,11:23:26.519,16.9750,100
41035752171735,11:23:55.752,16.9400,56
41035752258865,11:23:55.752,16.9700,100
41040380325303,11:24:00.380,17.0000,99
41040380333302,11:24:00.380,17.0000,100
41040380372545,11:24:00.380,17.0000,201
41042757046000,11:24:02.757,16.9300,1
41042757116273,11:24:02.757,16.9300,99
41042757116273,11:24:02.757,16.9200,1
41042757141055,11:24:02.757,16.9300,99
41042757471361,11:24:02.757,16.9200,3
41043388051444,11:24:03.388,16.9900,100
41625455126468,11:33:45.455,17.0000,100
42104313277715,11:41:44.313,17.0500,7
43320137374027,12:02:00.137,16.9400,1
43320137374027,12:02:00.137,16.9400,100
43320142886925,12:02:00.142,16.9400,1
44242956502667,12:17:22.956,16.8400,100
44243028447362,12:17:23.028,16.8500,100
44243028447362,12:17:23.028,16.8500,100
45408778741994,12:36:48.778,16.9350,100
45409924785909,12:36:49.924,16.9100,100
45409924785909,12:36:49.924,16.9100,100
45421940801180,12:37:01.940,16.9100,100
45421941339633,12:37:01.941,16.9300,100
45489850194735,12:38:09.850,16.8900,100
45523573805733,12:38:43.573,16.9000,100
45523574311920,12:38:43.574,16.9100,100
45523575219669,12:38:43.575,16.9200,100
45613373041540,12:40:13.373,16.9000,200
45613373049479,12:40:13.373,16.9000,100
45613373068762,12:40:13.373,16.9000,200
45613373068762,12:40:13.373,16.9000,100
45613373068762,12:40:13.373,16.9000,100
45613373103313,12:40:13.373,16.9000,400
45636275415627,12:40:36.275,16.9000,100
45697225960002,12:41:37.225,16.9800,200
45697225967340,12:41:37.225,16.9800,100
45697225985384,12:41:37.225,16.9800,600
45697225985384,12:41:37.225,16.9800,100
45697225985384,12:41:37.225,16.9800,100
45697226023054,12:41:37.226,16.9800,400
45826355453266,12:43:46.355,16.9900,1
45826355453266,12:43:46.355,16.9900,1
45826357741399,12:43:46.357,16.9800,100
45826358307381,12:43:46.358,16.9400,1
45913943271821,12:45:13.943,16.9500,100
46066942002732,12:47:46.942,16.9100,100
46066952364873,12:47:46.952,16.9000,100
46131628610823,12:48:51.628,16.8700,100
46131630010049,12:48:51.630,16.8600,100
47876054685676,13:17:56.054,16.8300,1
47884854837163,13:18:04.854,16.8200,99
47884856914526,13:18:04.856,16.8200,1
47887907131946,13:18:07.907,16.8300,99
48147514025147,13:22:27.514,16.8400,100
48396109012758,13:26:36.109,16.8100,100
48487439925177,13:28:07.439,16.8300,100
48487439971100,13:28:07.439,16.8300,100
48487439971100,13:28:07.439,16.8300,100
48487439971100,13:28:07.439,16.8300,100
48500051107540,13:28:20.051,16.8300,100
49334356744106,13:42:14.356,16.8900,100
50410021631642,14:00:10.021,16.9300,41
50410021631642,14:00:10.021,16.9300,12
50410021631642,14:00:10.021,16.9300,47
50410021673782,14:00:10.021,16.9300,40
50410021693330,14:00:10.021,16.9300,13
50574705966285,14:02:54.705,16.9900,5
50574705966285,14:02:54.705,16.9900,6
50823509742868,14:07:03.509,17.0000,100
50823509742868,14:07:03.509,17.0000,100
50823509785145,14:07:03.509,16.9900,1
50856794840751,14:07:36.794,17.0700,27
51214789233815,14:13:34.789,16.9700,100
51214789235014,14:13:34.789,16.9700,157
51214789257818,14:13:34.789,16.9700,43
51297702341536,14:14:57.702,16.9900,24
51297702366923,14:14:57.702,16.9900,76
51297702366923,14:14:57.702,16.9900,100
51297702366923,14:14:57.702,16.9900,1
51297703337695,14:14:57.703,16.9800,100
51363248186940,14:16:03.248,17.0000,100
51363248186940,14:16:03.248,17.0000,100
51622925919247,14:20:22.925,17.0100,100
51622927372950,14:20:22.927,17.0100,1
51622953446301,14:20:22.953,17.0100,99
52096940536237,14:28:16.940,16.9600,8
52096940569763,14:28:16.940,16.9600,92
52451484867719,14:34:11.484,16.9400,50
52451485520035,14:34:11.485,16.9400,50
52451492125300,14:34:11.492,16.9300,50
52451492153526,14:34:11.492,16.9300,50
52451492153526,14:34:11.492,16.9300,100
52585339699349,14:36:25.339,16.8600,1
52585339711991,14:36:25.339,16.8600,99
52789642203306,14:39:49.642,16.9500,300
52789642240103,14:39:49.642,16.9500,14
52789642243823,14:39:49.642,16.9500,186
52789642243823,14:39:49.642,16.9500,100
52789642243823,14:39:49.642,16.9500,14
52789642620804,14:39:49.642,16.9500,1
52789642825635,14:39:49.642,16.9500,99
52789666330267,14:39:49.666,16.9500,400
52937635072126,14:42:17.635,16.9500,100
52937635097756,14:42:17.635,16.9500,400
52937635153598,14:42:17.635,16.9500,400
52937635208540,14:42:17.635,16.9500,100
53037282619373,14:43:57.282,16.9500,14
53118769141670,14:45:18.769,16.9600,100
53118769141670,14:45:18.769,16.9500,400
53118774529385,14:45:18.774,16.9500,86
53118774529385,14:45:18.774,16.9500,100
53118774529385,14:45:18.774,16.9500,500
53118774529385,14:45:18.774,16.9500,14
53118783245215,14:45:18.783,16.9500,500
53118797395565,14:45:18.797,16.9500,500
53118797684474,14:45:18.797,16.9500,500
53118798249545,14:45:18.798,16.9500,500
53118804801882,14:45:18.804,16.9500,300
53121328089989,14:45:21.328,16.9900,100
53185313932020,14:46:25.313,16.9500,200
53185313932020,14:46:25.313,16.9500,100
53185324223580,14:46:25.324,16.9500,500
53185333410726,14:46:25.333,16.9500,500
53185342102684,14:46:25.342,16.9500,500
53185355614508,14:46:25.355,16.9500,500
53185359114067,14:46:25.359,16.9500,500
53185367399252,14:46:25.367,16.9500,200
53187860316031,14:46:27.860,17.0200,300
53433270038785,14:50:33.270,16.9900,1
53433270038785,14:50:33.270,16.9900,1
53483440023892,14:51:23.440,17.0200,90
53483440053067,14:51:23.440,17.0200,10
53483440053067,14:51:23.440,17.0200,90
53483440063130,14:51:23.440,17.0200,100
53483440091636,14:51:23.440,17.0200,10
53483440114041,14:51:23.440,17.0200,100
53483440349440,14:51:23.440,17.0200,100
53483440820311,14:51:23.440,17.0300,100
53483440906479,14:51:23.440,17.0300,100
53483440990065,14:51:23.440,17.0300,100
53483441065453,14:51:23.441,17.0300,100
53483441148466,14:51:23.441,17.0300,100
53483441202617,14:51:23.441,17.0300,40
53660246825297,14:54:20.246,17.0200,100
53825002583949,14:57:05.002,17.0200,100
53825221427084,14:57:05.221,17.0200,100
53860229121536,14:57:40.229,17.0200,100
53971908442117,14:59:31.908,17.0200,7
54073161711592,15:01:13.161,17.0200,293
54073161711592,15:01:13.161,17.0200,7
54166176371385,15:02:46.176,17.0200,100
54288561116196,15:04:48.561,17.0200,100
54288561144970,15:04:48.561,17.0200,200
54288561178243,15:04:48.561,17.0200,200
54288562248965,15:04:48.562,17.0200,2
54288586477530,15:04:48.586,17.0200,100
54330098974024,15:05:30.098,17.0200,100
54450254129825,15:07:30.254,17.0200,98
54450254129825,15:07:30.254,17.0200,2
54451256647190,15:07:31.256,17.0200,100
54451256647190,15:07:31.256,17.0200,100
54512464586403,15:08:32.464,17.0200,100
54521495580196,15:08:41.495,17.0200,100
54570429642241,15:09:30.429,17.0200,1
54667737737933,15:11:07.737,17.0200,100
54667737737933,15:11:07.737,17.0100,110
54667738223319,15:11:07.738,17.0100,90
54667738223319,15:11:07.738,17.0100,1
54667738223319,15:11:07.738,17.0100,1
54667738223319,15:11:07.738,17.0100,3
54667738223319,15:11:07.738,17.0100,1
54667738223319,15:11:07.738,17.0100,1
54667738223319,15:11:07.738,17.0100,1
54667738223319,15:11:07.738,17.0100,1
54667738223319,15:11:07.738,17.0100,1
54667750284236,15:11:07.750,17.0000,100
54667787952286,15:11:07.787,16.9800,100
54671165782934,15:11:11.165,16.9800,100
54704889049992,15:11:44.889,16.9800,100
55876298607541,15:31:16.298,17.0200,190
55876298613565,15:31:16.298,17.0200,100
55899028582424,15:31:39.028,17.0200,60
55918507805175,15:31:58.507,17.0150,100
55918507805175,15:31:58.507,17.0000,5
55918507848962,15:31:58.507,17.0150,100
55918507848962,15:31:58.507,17.0000,5
55918507898311,15:31:58.507,17.0000,90
55918507898311,15:31:58.507,17.0000,5
55918507937823,15:31:58.507,16.9900,1
55918507937823,15:31:58.507,16.9900,1
55929050929378,15:32:09.050,17.0200,15
55929053975506,15:32:09.053,17.0200,100
55929053975506,15:32:09.053,17.0200,335
55929053975506,15:32:09.053,17.0200,200
55930090412449,15:32:10.090,17.0200,100
55937412545208,15:32:17.412,17.0200,100
55937920324197,15:32:17.920,17.0200,200
55938921795540,15:32:18.921,17.0200,200
55939923657048,15:32:19.923,17.0200,100
55940925691620,15:32:20.925,17.0200,100
55947049238932,15:32:27.049,17.0200,215
55964796718935,15:32:44.796,17.0200,85
55965800819615,15:32:45.800,17.0200,300
55966802675407,15:32:46.802,17.0200,200
55967804736285,15:32:47.804,17.0200,100
55968806653895,15:32:48.806,17.0200,100
55984354854370,15:33:04.354,17.0200,200
55985356660674,15:33:05.356,17.0200,200
55986358263841,15:33:06.358,17.0200,100
55996637765806,15:33:16.637,17.0200,200
55997639757927,15:33:17.639,17.0200,200
55998641384334,15:33:18.641,17.0200,100
56048669444184,15:34:08.669,17.0200,100
56095203353695,15:34:55.203,17.0200,100
56095203847292,15:34:55.203,17.0200,100
56095203957739,15:34:55.203,17.0200,100
56095204291616,15:34:55.204,17.0200,100
56180784739555,15:36:20.784,17.0200,400
56181786716795,15:36:21.786,17.0200,300
56182788717843,15:36:22.788,17.0200,15
56375203235638,15:39:35.203,16.9900,100
56375536410412,15:39:35.536,16.9700,100
56375536410412,15:39:35.536,16.9700,14
56375536410412,15:39:35.536,16.9700,86
56375536688697,15:39:35.536,16.9700,14
56375537023738,15:39:35.537,16.9500,100
56375537301781,15:39:35.537,16.9500,200
56375537301781,15:39:35.537,16.9500,100
56375539071706,15:39:35.539,16.9500,179
56395122983457,15:39:55.122,16.9800,100
56414213644497,15:40:14.213,16.9500,115
56414215666825,15:40:14.215,16.9500,206
56414215666825,15:40:14.215,16.9500,100
56425688637240,15:40:25.688,16.9700,1
56428535309966,15:40:28.535,16.9700,86
56428535314432,15:40:28.535,16.9700,13
56507087211823,15:41:47.087,16.9600,100
56507087211823,15:41:47.087,16.9500,400
56507087291738,15:41:47.087,16.9500,100
56507087291738,15:41:47.087,16.9500,100
56507125343950,15:41:47.125,16.9500,200
56507125407858,15:41:47.125,16.9500,100
56507125471798,15:41:47.125,16.9500,100
56507145513078,15:41:47.145,16.9500,18
56520109832995,15:42:00.109,16.9700,100
56531529169509,15:42:11.529,16.9700,100
56531559615619,15:42:11.559,16.9800,100
56722349280557,15:45:22.349,16.9500,23
56722349726976,15:45:22.349,16.9650,100
56722349726976,15:45:22.349,16.9500,59
56722349726976,15:45:22.349,16.9500,241
56722350740528,15:45:22.350,16.9500,259
56722350740528,15:45:22.350,16.9500,41
56722350743545,15:45:22.350,16.9500,59
56722350743545,15:45:22.350,16.9500,113
56722350822461,15:45:22.350,16.9500,2
56727938994612,15:45:27.938,16.9600,100
56727938994612,15:45:27.938,16.9600,100
56727939311105,15:45:27.939,16.9700,100
56810791170434,15:46:50.791,16.9600,100
56810791218419,15:46:50.791,16.9500,100
56810791221627,15:46:50.791,16.9500,100
56810791587040,15:46:50.791,16.9500,100
56812424628251,15:46:52.424,16.9600,100
56855112380913,15:47:35.112,16.9500,300
56855112380913,15:47:35.112,16.9500,100
56992242962519,15:49:52.242,16.9600,100
56992243016942,15:49:52.243,16.9600,100
57084019322467,15:51:24.019,16.9600,100
57124630258044,15:52:04.630,16.9500,300
57124630258044,15:52:04.630,16.9500,100
57124631429385,15:52:04.631,16.9500,200
57124631474068,15:52:04.631,16.9500,100
57124631552846,15:52:04.631,16.9500,100
57124631675579,15:52:04.631,16.9500,200
57134715153488,15:52:14.715,16.9600,100
57134744520763,15:52:14.744,16.9600,100
57212372433502,15:53:32.372,16.9500,143
57212372442907,15:53:32.372,16.9500,29
57212372449631,15:53:32.372,16.9500,128
57212372449631,15:53:32.372,16.9500,29
57279312358614,15:54:39.312,16.9400,100
57279313383583,15:54:39.313,16.9500,100
57402053759562,15:56:42.053,16.9400,45
57507329136371,15:58:27.329,16.9200,97
57507329161599,15:58:27.329,16.9200,3
57507329161599,15:58:27.329,16.9200,100
57507329161599,15:58:27.329,16.9200,21
57507329183280,15:58:27.329,16.9200,29
57522969352118,15:58:42.969,16.9200,29
57546442868952,15:59:06.442,16.9000,100
57546442868952,15:59:06.442,16.9000,100
57546442868952,15:59:06.442,16.9000,21
57546442868952,15:59:06.442,16.9000,50
57546443721383,15:59:06.443,16.8800,63
57550978262993,15:59:10.978,16.9000,21
57551090147194,15:59:11.090,16.9000,21
57567029704424,15:59:27.029,16.9000,100
57571498695617,15:59:31.498,16.8800,37
57571498695617,15:59:31.498,16.8800,28
57575495325204,15:59:35.495,16.8800,2
57575495538287,15:59:35.495,16.8800,70
57575495538287,15:59:35.495,16.8800,100
57575495547133,15:59:35.495,16.8900,15
57575495547133,15:59:35.495,16.8900,100
57579980678836,15:59:39.980,16.8700,30
57590403892400,15:59:50.403,16.8900,56
57590403892400,15:59:50.403,16.9000,94
57590441262182,15:59:50.441,16.8700,37
57598700651647,15:59:58.700,16.9000,100
57600542969925,16:00:00.542,16.8900,5479
