timestamp,time,price,volume
33236842083370,09:13:56.842,24.4200,1000
34200246646303,09:30:00.246,0.0000,0
34211264656640,09:30:11.264,24.3800,100
34211352904830,09:30:11.352,24.3700,100
34211516825987,09:30:11.516,24.3700,100
34211516825987,09:30:11.516,24.3700,100
34213366334716,09:30:13.366,24.3700,100
34215994256863,09:30:15.994,24.3700,100
34215994256863,09:30:15.994,24.3700,61
34215994317750,09:30:15.994,24.3700,39
34215996064023,09:30:15.996,24.3700,100
34215996064023,09:30:15.996,24.3700,100
34215996064023,09:30:15.996,24.3700,100
34233944449799,09:30:33.944,24.3700,100
34244662392151,09:30:44.662,24.4000,100
34244662392151,09:30:44.662,24.4000,100
34244662392151,09:30:44.662,24.4000,400
34246932922811,09:30:46.932,24.3800,100
34247533140665,09:30:47.533,24.3700,100
34249550893535,09:30:49.550,24.3500,100
34249555707938,09:30:49.555,24.3500,100
34249563764910,09:30:49.563,24.3600,100
34258430507711,09:30:58.430,24.2900,97
34258430532367,09:30:58.430,24.2900,3
34258430533618,09:30:58.430,24.2900,3
34258438058518,09:30:58.438,24.3000,100
34260888645478,09:31:00.888,24.2800,100
34261653108402,09:31:01.653,24.2700,28
34261653138290,09:31:01.653,24.2700,72
34263669867408,09:31:03.669,24.2400,100
34279405175268,09:31:19.405,24.2600,100
34279405175268,09:31:19.405,24.2700,100
34279405175268,09:31:19.405,24.2700,100
34279406635802,09:31:19.406,24.2700,100
34279409148070,09:31:19.409,24.2700,100
34279428710085,09:31:19.428,24.2800,100
34279428710085,09:31:19.428,24.2800,100
34279428768186,09:31:19.428,24.2800,100
34297441376579,09:31:37.441,24.2900,100
34297441376579,09:31:37.441,24.2800,200
34297441466934,09:31:37.441,24.2800,800
34298429261683,09:31:38.429,24.2600,100
34298429261683,09:31:38.429,24.2600,100
34298429404742,09:31:38.429,24.2700,100
34298429404742,09:31:38.429,24.2700,100
34298429404742,09:31:38.429,24.2700,100
34298429404742,09:31:38.429,24.2700,100
34298429765413,09:31:38.429,24.2700,100
34298429765413,09:31:38.429,24.2700,100
34298429765413,09:31:38.429,24.2700,100
34298429765413,09:31:38.429,24.2700,15
34298429930385,09:31:38.429,24.2600,100
34303535726055,09:31:43.535,24.2500,100
34303542966913,09:31:43.542,24.2500,100
34303542966913,09:31:43.542,24.2500,100
34305384201308,09:31:45.384,24.2500,100
34310344484355,09:31:50.344,24.2600,100
34310344484355,09:31:50.344,24.2600,600
34310348349469,09:31:50.348,24.2700,100
34310348349469,09:31:50.348,24.2700,100
34310348349469,09:31:50.348,24.2700,200
34310348349469,09:31:50.348,24.2700,200
34310348424432,09:31:50.348,24.2700,100
34310348424432,09:31:50.348,24.2700,100
34310355012181,09:31:50.355,24.2800,100
34310357243595,09:31:50.357,24.2900,100
34310362375003,09:31:50.362,24.3000,800
34310362836660,09:31:50.362,24.3000,100
34310364809774,09:31:50.364,24.2900,100
34310369350421,09:31:50.369,24.2900,100
34310369416781,09:31:50.369,24.2900,100
34310379152244,09:31:50.379,24.2900,100
34310379152244,09:31:50.379,24.2900,100
34310379152244,09:31:50.379,24.2900,100
34310381691741,09:31:50.381,24.2900,100
34310381799231,09:31:50.381,24.3000,300
34310381819450,09:31:50.381,24.3000,337
34310382034296,09:31:50.382,24.3000,763
34310382034296,09:31:50.382,24.3000,100
34310383851065,09:31:50.383,24.3100,100
34310390763024,09:31:50.390,24.3100,100
34310390763024,09:31:50.390,24.3100,100
34310390763024,09:31:50.390,24.3100,100
34310390763024,09:31:50.390,24.3100,231
34310393895252,09:31:50.393,24.3000,100
34310393895252,09:31:50.393,24.3000,100
34310393895252,09:31:50.393,24.3000,100
34310393895252,09:31:50.393,24.3000,100
34310393895252,09:31:50.393,24.3000,100
34310394429767,09:31:50.394,24.3000,100
34310405209358,09:31:50.405,24.3000,15
34310405209358,09:31:50.405,24.3000,100
34310405896306,09:31:50.405,24.2900,100
34310406013382,09:31:50.406,24.2900,100
34310406013382,09:31:50.406,24.2900,100
34310406662590,09:31:50.406,24.2900,100
34310410578602,09:31:50.410,24.2900,100
34310412703829,09:31:50.412,24.2900,100
34310412703829,09:31:50.412,24.2900,100
34310592389241,09:31:50.592,24.2900,100
34310632671210,09:31:50.632,24.2800,100
34310632671210,09:31:50.632,24.2800,400
34310640811804,09:31:50.640,24.2800,400
34313117671465,09:31:53.117,24.2800,100
34313117671465,09:31:53.117,24.2800,1000
34326719199866,09:32:06.719,24.2900,169
34326719203534,09:32:06.719,24.2900,31
34326719250360,09:32:06.719,24.3000,200
34326719250360,09:32:06.719,24.3000,55
34326719254328,09:32:06.719,24.3000,275
34326719276113,09:32:06.719,24.3000,70
34326723832765,09:32:06.723,24.2900,100
34329440753067,09:32:09.440,24.2800,100
34330717149905,09:32:10.717,24.2900,100
34330718587992,09:32:10.718,24.2900,100
34333377328341,09:32:13.377,24.3000,100
34333377354610,09:32:13.377,24.3000,200
34333378462449,09:32:13.378,24.3200,300
34344172691342,09:32:24.172,24.3400,100
34356941610463,09:32:36.941,24.3500,200
34356943894561,09:32:36.943,24.3500,100
34356943894561,09:32:36.943,24.3500,100
34356943894561,09:32:36.943,24.3500,431
34356943897162,09:32:36.943,24.3500,275
34356944473851,09:32:36.944,24.3500,55
34359432306204,09:32:39.432,24.3500,300
34359432518486,09:32:39.432,24.3500,939
34359432549123,09:32:39.432,24.3500,100
34359432552305,09:32:39.432,24.3500,100
34359802491599,09:32:39.802,24.3500,100
34361447492706,09:32:41.447,24.3600,100
34361447492706,09:32:41.447,24.3600,200
34361447694398,09:32:41.447,24.3600,100
34361447694398,09:32:41.447,24.3600,100
34361452762190,09:32:41.452,24.3600,182
34361452791402,09:32:41.452,24.3600,18
34362583116792,09:32:42.583,24.3700,100
34372874383578,09:32:52.874,24.3600,100
34373610580867,09:32:53.610,24.3600,200
34373610580867,09:32:53.610,24.3600,400
34373610710905,09:32:53.610,24.3600,100
34378830020349,09:32:58.830,24.3900,500
34378830020349,09:32:58.830,24.3900,100
34380739978824,09:33:00.739,24.4000,100
34380741697222,09:33:00.741,24.4100,100
34380743012767,09:33:00.743,24.4300,100
34380743012767,09:33:00.743,24.4300,22
34393001266902,09:33:13.001,24.4100,100
34393001290685,09:33:13.001,24.4100,600
34393815303137,09:33:13.815,24.4000,100
34393815303137,09:33:13.815,24.4000,100
34393816846679,09:33:13.816,24.3900,100
34393837397160,09:33:13.837,24.4000,100
34393837397160,09:33:13.837,24.4000,100
34395816435174,09:33:15.816,24.4100,100
34408944670331,09:33:28.944,24.4400,100
34408944670331,09:33:28.944,24.4400,100
34408947532060,09:33:28.947,24.4200,100
34410979410034,09:33:30.979,24.4500,203
34425856119547,09:33:45.856,24.4500,300
34425856504714,09:33:45.856,24.4500,8597
34425856504714,09:33:45.856,24.4500,100
34425856504714,09:33:45.856,24.4500,5000
34425856551402,09:33:45.856,24.4500,4600
34425856999346,09:33:45.856,24.4600,900
34429194728980,09:33:49.194,24.4600,100
34429194728980,09:33:49.194,24.4600,100
34430642044965,09:33:50.642,24.4600,100
34437384446574,09:33:57.384,24.4700,100
34450023287205,09:34:10.023,24.4600,100
34450023312412,09:34:10.023,24.4600,100
34463979278019,09:34:23.979,24.4000,13
34463979281654,09:34:23.979,24.4000,87
34463979281654,09:34:23.979,24.4000,100
34463979281654,09:34:23.979,24.4000,13
34463979494697,09:34:23.979,24.4000,200
34480489645790,09:34:40.489,24.4300,200
34480489645790,09:34:40.489,24.4300,100
34480490962706,09:34:40.490,24.4400,100
34480491320032,09:34:40.491,24.4400,700
34480495784496,09:34:40.495,24.4400,100
34480495914462,09:34:40.495,24.4300,100
34480496605025,09:34:40.496,24.4200,100
34480496676577,09:34:40.496,24.4200,100
34480503497070,09:34:40.503,24.4200,100
34480503942560,09:34:40.503,24.4200,100
34480503969903,09:34:40.503,24.4200,100
34480504387965,09:34:40.504,24.4200,100
34480505326120,09:34:40.505,24.4300,100
34494615402848,09:34:54.615,24.4700,100
34494639461181,09:34:54.639,24.4800,100
34497196260771,09:34:57.196,24.4800,100
34551343657614,09:35:51.343,24.4600,100
34552674974778,09:35:52.674,24.4600,100
34560547230244,09:36:00.547,24.4500,100
34560547640123,09:36:00.547,24.4500,100
34560547641489,09:36:00.547,24.4500,100
34560548840826,09:36:00.548,24.4500,100
34560553705150,09:36:00.553,24.4500,100
34560603680010,09:36:00.603,24.4700,100
34560609484847,09:36:00.609,24.4800,100
34590617239782,09:36:30.617,24.4900,100
34591450498093,09:36:31.450,24.4700,100
34591450576744,09:36:31.450,24.4800,100
34591451193092,09:36:31.451,24.4800,100
34591451193092,09:36:31.451,24.4800,100
34592225318146,09:36:32.225,24.4700,100
34593867915533,09:36:33.867,24.4600,100
34615024025241,09:36:55.024,24.4600,100
34618368828843,09:36:58.368,24.4700,100
34628989133803,09:37:08.989,24.4700,100
34628989133803,09:37:08.989,24.4700,100
34628989133803,09:37:08.989,24.4700,100
34632988481845,09:37:12.988,24.4800,100
34632988481845,09:37:12.988,24.4800,100
34632988901518,09:37:12.988,24.4800,100
34632993751670,09:37:12.993,24.4800,100
34632993934842,09:37:12.993,24.4900,200
34632994225187,09:37:12.994,24.4900,100
34632995837637,09:37:12.995,24.4900,100
34632995837637,09:37:12.995,24.4900,100
34633079117333,09:37:13.079,24.4900,100
34635589730310,09:37:15.589,24.4900,100
34635589730310,09:37:15.589,24.5000,500
34635589730310,09:37:15.589,24.5000,200
34635589730310,09:37:15.589,24.5000,73
34635589730310,09:37:15.589,24.5000,100
34635589757534,09:37:15.589,24.5000,100
34635589757534,09:37:15.589,24.5000,873
34635589864011,09:37:15.589,24.5000,100
34635590150680,09:37:15.590,24.5000,22
34635590241989,09:37:15.590,24.5000,78
34635590241989,09:37:15.590,24.5000,100
34635591766415,09:37:15.591,24.5000,100
34635623863278,09:37:15.623,24.5000,100
34635642429758,09:37:15.642,24.5000,100
34635642429758,09:37:15.642,24.5000,100
34641271791614,09:37:21.271,24.5000,300
34641271791614,09:37:21.271,24.5000,200
34641271791614,09:37:21.271,24.5000,100
34641320710533,09:37:21.320,24.5000,100
34641329606200,09:37:21.329,24.5000,100
34641330271617,09:37:21.330,24.4900,100
34669619223237,09:37:49.619,24.4900,100
34709032298209,09:38:29.032,24.4900,100
34709039800349,09:38:29.039,24.4900,100
34709094078280,09:38:29.094,24.5000,200
34709142578402,09:38:29.142,24.5100,200
34709151721285,09:38:29.151,24.5200,100
34737852463844,09:38:57.852,24.5600,82
34737852728647,09:38:57.852,24.5600,18
34737852728647,09:38:57.852,24.5600,82
34737853546363,09:38:57.853,24.5600,18
34741332371664,09:39:01.332,24.5700,100
34741342744204,09:39:01.342,24.5800,100
34741342744204,09:39:01.342,24.5800,100
34742429125915,09:39:02.429,24.5800,100
34743857289661,09:39:03.857,24.5900,100
34757952738940,09:39:17.952,24.5900,100
34757953127581,09:39:17.953,24.5900,4800
34757962963254,09:39:17.962,24.6000,100
34757963170225,09:39:17.963,24.6000,100
34757963186686,09:39:17.963,24.6000,100
34761899804032,09:39:21.899,24.6000,100
34761899804032,09:39:21.899,24.6000,100
34773545280395,09:39:33.545,24.6100,100
34773555209905,09:39:33.555,24.6100,100
34775879068582,09:39:35.879,24.5900,100
34794643458286,09:39:54.643,24.6000,100
34795022487949,09:39:55.022,24.5900,100
34795022812294,09:39:55.022,24.5900,100
34795022812294,09:39:55.022,24.5900,100
34795022820064,09:39:55.022,24.5900,200
34795037301244,09:39:55.037,24.5900,100
34795037617599,09:39:55.037,24.5900,100
34795043385001,09:39:55.043,24.5900,100
34795068026770,09:39:55.068,24.5900,100
34804594339004,09:40:04.594,24.6000,100
34804596102968,09:40:04.596,24.6100,200
34804629924374,09:40:04.629,24.6100,100
34804629924374,09:40:04.629,24.6100,100
34804645246452,09:40:04.645,24.6100,100
34804645246452,09:40:04.645,24.6100,100
34811203504258,09:40:11.203,24.6100,100
34826377234337,09:40:26.377,24.6100,100
34827363159082,09:40:27.363,24.6100,100
34830403636929,09:40:30.403,24.6100,100
34832433291053,09:40:32.433,24.6000,900
34832433311701,09:40:32.433,24.6000,300
34832433427053,09:40:32.433,24.6000,100
34832433427053,09:40:32.433,24.6000,100
34832442110878,09:40:32.442,24.6000,200
34832442188996,09:40:32.442,24.6000,45
34832442214291,09:40:32.442,24.6000,50
34832442237921,09:40:32.442,24.6000,5
34832457179876,09:40:32.457,24.6100,100
34832457179876,09:40:32.457,24.6100,100
34832757775310,09:40:32.757,24.6100,100
34857088791237,09:40:57.088,24.6300,100
34859161765046,09:40:59.161,24.6400,100
34860794007684,09:41:00.794,24.6400,100
34860794007684,09:41:00.794,24.6400,100
34860794007684,09:41:00.794,24.6400,100
34860794794982,09:41:00.794,24.6400,100
34860794875737,09:41:00.794,24.6400,100
34860795017849,09:41:00.795,24.6400,300
34860795017849,09:41:00.795,24.6400,100
34860795472011,09:41:00.795,24.6400,100
34860795472011,09:41:00.795,24.6400,100
34860804227313,09:41:00.804,24.6300,200
34860857750009,09:41:00.857,24.6400,100
34866589071792,09:41:06.589,24.6200,600
34866613962471,09:41:06.613,24.6200,100
34870028354724,09:41:10.028,24.6300,100
34870028773466,09:41:10.028,24.6300,100
34870033501853,09:41:10.033,24.6100,172
34888522479452,09:41:28.522,24.5900,38
34888522479452,09:41:28.522,24.5900,100
34888522794764,09:41:28.522,24.5900,100
34891365543544,09:41:31.365,24.5800,100
34891365543544,09:41:31.365,24.5800,100
34905269787949,09:41:45.269,24.5600,300
34907597492983,09:41:47.597,24.5500,1
34907597492983,09:41:47.597,24.5500,100
34918665875771,09:41:58.665,24.5200,100
34929705774460,09:42:09.705,24.5100,100
34929705774460,09:42:09.705,24.5100,100
34938784419516,09:42:18.784,24.4800,100
34940526670714,09:42:20.526,24.4700,100
34943449914385,09:42:23.449,24.4400,100
34944727930493,09:42:24.727,24.4400,121
34944727956921,09:42:24.727,24.4400,21
34944728157990,09:42:24.728,24.4400,11
34999165087647,09:43:19.165,24.4400,100
35000371950209,09:43:20.371,24.4500,100
35000371990858,09:43:20.371,24.4500,20
35000371992622,09:43:20.371,24.4500,80
35016729382219,09:43:36.729,24.4800,100
35016741705980,09:43:36.741,24.4700,100
35016741794748,09:43:36.741,24.4600,100
35016741794748,09:43:36.741,24.4600,5
35052169550818,09:44:12.169,24.4500,100
35101995537913,09:45:01.995,24.4600,100
35102618767032,09:45:02.618,24.4700,100
35102618807600,09:45:02.618,24.4700,50
35117293954539,09:45:17.293,24.4700,15
35123204339439,09:45:23.204,24.4600,100
35123204339439,09:45:23.204,24.4600,100
35123226812825,09:45:23.226,24.4700,100
35151334360433,09:45:51.334,24.4400,100
35151334395819,09:45:51.334,24.4400,100
35151334395819,09:45:51.334,24.4400,100
35151988690281,09:45:51.988,24.4300,200
35151988714074,09:45:51.988,24.4300,3300
35151988714628,09:45:51.988,24.4300,5
35151988888727,09:45:51.988,24.4300,50
35151989081548,09:45:51.989,24.4300,500
35152640731997,09:45:52.640,24.4300,700
35152640760846,09:45:52.640,24.4300,100
35152640760846,09:45:52.640,24.4300,100
35153026701301,09:45:53.026,24.4300,100
35153297461020,09:45:53.297,24.4300,200
35153298059751,09:45:53.298,24.4300,200
35153298900956,09:45:53.298,24.4300,3000
35153298900956,09:45:53.298,24.4300,200
35153949510231,09:45:53.949,24.4300,500
35153949588472,09:45:53.949,24.4300,3000
35153949588472,09:45:53.949,24.4300,100
35153949588472,09:45:53.949,24.4300,100
35153949588472,09:45:53.949,24.4300,300
35153949588472,09:45:53.949,24.4300,100
35154603867705,09:45:54.603,24.4200,4
35154603867705,09:45:54.603,24.4200,100
35154603867705,09:45:54.603,24.4200,496
35155181676541,09:45:55.181,24.4300,100
35155258182022,09:45:55.258,24.4200,100
35156422533186,09:45:56.422,24.4200,100
35156422577424,09:45:56.422,24.4200,2249
35156563956124,09:45:56.563,24.4100,100
35158025573777,09:45:58.025,24.4200,100
35161010073690,09:46:01.010,24.4100,100
35171861015282,09:46:11.861,24.4100,100
35171865504082,09:46:11.865,24.4100,20
35177213821660,09:46:17.213,24.4000,17
35177213827857,09:46:17.213,24.4000,3
35177218836555,09:46:17.218,24.4000,100
35177403613993,09:46:17.403,24.4000,9
35177403619572,09:46:17.403,24.4000,27
35178524637688,09:46:18.524,24.3900,100
35178524671509,09:46:18.524,24.3900,100
35180560951405,09:46:20.560,24.3800,9
35180560976881,09:46:20.560,24.3800,91
35180944595197,09:46:20.944,24.3600,100
35181229312355,09:46:21.229,24.3500,100
35181229327670,09:46:21.229,24.3500,7
35181229367208,09:46:21.229,24.3500,200
35181230039898,09:46:21.230,24.3500,136
35181230039898,09:46:21.230,24.3500,100
35181230039898,09:46:21.230,24.3500,100
35181230039898,09:46:21.230,24.3500,64
35181234367366,09:46:21.234,24.3500,100
35181263338657,09:46:21.263,24.3600,100
35181335172585,09:46:21.335,24.3600,100
35181335183719,09:46:21.335,24.3600,100
35181447496048,09:46:21.447,24.3700,100
35181447496048,09:46:21.447,24.3700,100
35181447496048,09:46:21.447,24.3700,100
35181898857386,09:46:21.898,24.3600,100
35181898857386,09:46:21.898,24.3600,100
35181898857386,09:46:21.898,24.3600,100
35181970663529,09:46:21.970,24.3600,100
35181970663529,09:46:21.970,24.3600,100
35181970663529,09:46:21.970,24.3600,100
35188051860394,09:46:28.051,24.3400,100
35188051902466,09:46:28.051,24.3400,93
35188053491293,09:46:28.053,24.3400,7
35192638958628,09:46:32.638,24.3600,100
35192642753065,09:46:32.642,24.3700,100
35192645817407,09:46:32.645,24.3900,100
35192645914215,09:46:32.645,24.3900,100
35192646575459,09:46:32.646,24.3900,77
35192648133140,09:46:32.648,24.3900,77
35192653351649,09:46:32.653,24.3900,23
35205941802324,09:46:45.941,24.3900,100
35215286243538,09:46:55.286,24.3900,5
35215286256232,09:46:55.286,24.3900,72
35215286256232,09:46:55.286,24.3900,100
35215286256232,09:46:55.286,24.3900,300
35220094874249,09:47:00.094,24.4000,100
35220095251485,09:47:00.095,24.4000,8
35220420923060,09:47:00.420,24.4000,100
35220420923060,09:47:00.420,24.4000,100
35220420923060,09:47:00.420,24.4000,100
35220423455485,09:47:00.423,24.4100,200
35220423455485,09:47:00.423,24.4100,100
35220431987439,09:47:00.431,24.4200,300
35220434090373,09:47:00.434,24.4200,300
35224553619737,09:47:04.553,24.4200,6
35224553637711,09:47:04.553,24.4200,78
35224553659923,09:47:04.553,24.4200,300
35224553665187,09:47:04.553,24.4200,1316
35224553665187,09:47:04.553,24.4200,100
35224553665187,09:47:04.553,24.4200,378
35224553695159,09:47:04.553,24.4200,275
35224553821694,09:47:04.553,24.4200,100
35233046532457,09:47:13.046,24.4100,100
35233046532457,09:47:13.046,24.4100,186
35234465521611,09:47:14.465,24.4100,614
35235451413940,09:47:15.451,24.4100,16
35235451413940,09:47:15.451,24.4000,84
35235458717564,09:47:15.458,24.4100,100
35235458724577,09:47:15.458,24.4100,100
35235458724577,09:47:15.458,24.4100,100
35235459638245,09:47:15.459,24.4200,100
35235516893567,09:47:15.516,24.4200,36
35235516940731,09:47:15.516,24.4200,1011
35235524917378,09:47:15.524,24.4300,100
35253964745472,09:47:33.964,24.4100,100
35253964943225,09:47:33.964,24.4100,100
35253964943225,09:47:33.964,24.4100,100
35254617053624,09:47:34.617,24.4100,100
35263548865262,09:47:43.548,24.4100,200
35263548865262,09:47:43.548,24.4100,100
35288070367072,09:48:08.070,24.4200,100
35288953722109,09:48:08.953,24.4200,100
35288980228609,09:48:08.980,24.4200,100
35303301308220,09:48:23.301,24.4200,100
35303301308220,09:48:23.301,24.4200,100
35313918848070,09:48:33.918,24.4100,100
35313918848070,09:48:33.918,24.4100,100
35313918879540,09:48:33.918,24.4100,60
35314026090883,09:48:34.026,24.4100,100
35314026090883,09:48:34.026,24.4100,100
35319625398148,09:48:39.625,24.4100,100
35322792116599,09:48:42.792,24.4100,100
35324022653586,09:48:44.022,24.4100,100
35324658037244,09:48:44.658,24.4000,95
35324658037244,09:48:44.658,24.4000,5
35324658460777,09:48:44.658,24.4000,179
35325409714505,09:48:45.409,24.4000,100
35329962792697,09:48:49.962,24.4100,100
35329962792697,09:48:49.962,24.4100,100
35329962792697,09:48:49.962,24.4100,100
35329967858413,09:48:49.967,24.4100,100
35331956493821,09:48:51.956,24.3900,100
35331956493821,09:48:51.956,24.3900,300
35336857954720,09:48:56.857,24.3700,100
35336861842122,09:48:56.861,24.3700,100
35336861842122,09:48:56.861,24.3700,100
35336980148300,09:48:56.980,24.3700,4
35347049474302,09:49:07.049,24.3800,100
35367608820461,09:49:27.608,24.4200,100
35367608820461,09:49:27.608,24.4200,100
35371660728509,09:49:31.660,24.4200,100
35379876240644,09:49:39.876,24.4100,100
35392409772992,09:49:52.409,24.4100,100
35400910097946,09:50:00.910,24.4200,100
35402283746605,09:50:02.283,24.4200,100
35414388070443,09:50:14.388,24.4100,200
35421925836392,09:50:21.925,24.4200,100
35421925836392,09:50:21.925,24.4200,100
35435340449689,09:50:35.340,24.4400,500
35435340449689,09:50:35.340,24.4400,100
35435341489119,09:50:35.341,24.4400,94
35451986746108,09:50:51.986,24.4200,100
35468608325721,09:51:08.608,24.4400,100
35472474959960,09:51:12.474,24.4600,200
35472475173408,09:51:12.475,24.4600,800
35472475173408,09:51:12.475,24.4600,100
35472475173408,09:51:12.475,24.4600,100
35472977070414,09:51:12.977,24.4700,5000
35479420968942,09:51:19.420,24.4600,100
35480829455031,09:51:20.829,24.4600,300
35482945502312,09:51:22.945,24.4600,100
35482984445253,09:51:22.984,24.4600,100
35482984472340,09:51:22.984,24.4600,100
35482984472340,09:51:22.984,24.4600,100
35484639862081,09:51:24.639,24.4500,100
35484639862081,09:51:24.639,24.4500,100
35488562935198,09:51:28.562,24.4600,200
35488562935198,09:51:28.562,24.4600,100
35491467962380,09:51:31.467,24.4600,700
35491472860188,09:51:31.472,24.4500,100
35491474557866,09:51:31.474,24.4600,100
35501414023961,09:51:41.414,24.4600,100
35511804989312,09:51:51.804,24.4700,1200
35511805018294,09:51:51.805,24.4700,3800
35511805018294,09:51:51.805,24.4700,100
35511805125521,09:51:51.805,24.4700,100
35511805370849,09:51:51.805,24.4700,3000
35512706848829,09:51:52.706,24.4700,100
35512707495851,09:51:52.707,24.4600,600
35514802911422,09:51:54.802,24.4500,200
35516034888880,09:51:56.034,24.4400,100
35518166268591,09:51:58.166,24.4300,100
35519448872737,09:51:59.448,24.4300,100
35519450907664,09:51:59.450,24.4200,100
35519450907664,09:51:59.450,24.4200,100
35520298623350,09:52:00.298,24.4300,100
35527801194987,09:52:07.801,24.4300,100
35527801835540,09:52:07.801,24.4300,100
35531316116660,09:52:11.316,24.4500,100
35542721417506,09:52:22.721,24.4100,100
35542721417506,09:52:22.721,24.4100,100
35554788291814,09:52:34.788,24.4100,100
35554791323344,09:52:34.791,24.4200,100
35554793793833,09:52:34.793,24.4200,100
35573809676902,09:52:53.809,24.4300,500
35573809706840,09:52:53.809,24.4300,200
35573809706840,09:52:53.809,24.4300,100
35574566226843,09:52:54.566,24.4500,100
35575897302239,09:52:55.897,24.4600,66
35575897739147,09:52:55.897,24.4600,34
35584366973474,09:53:04.366,24.4900,100
35584366973474,09:53:04.366,24.4900,100
35584366973474,09:53:04.366,24.4900,100
35585815554664,09:53:05.815,24.5000,99
35585904264105,09:53:05.904,24.5100,100
35585904264105,09:53:05.904,24.5100,100
35585904264105,09:53:05.904,24.5100,400
35585904727892,09:53:05.904,24.5100,100
35585904864604,09:53:05.904,24.5100,100
35586659261825,09:53:06.659,24.5000,100
35586659261825,09:53:06.659,24.5000,72
35586661081062,09:53:06.661,24.5100,100
35586661081062,09:53:06.661,24.5100,100
35586916779259,09:53:06.916,24.5200,100
35586916779259,09:53:06.916,24.5200,100
35586916779259,09:53:06.916,24.5200,100
35586918852407,09:53:06.918,24.5300,200
35586918852407,09:53:06.918,24.5300,100
35586920129963,09:53:06.920,24.5300,100
35586920129963,09:53:06.920,24.5300,100
35586920129963,09:53:06.920,24.5300,300
35586926527937,09:53:06.926,24.5300,100
35587724588273,09:53:07.724,24.5300,100
35587724588273,09:53:07.724,24.5300,100
35587949132926,09:53:07.949,24.5400,200
35587949132926,09:53:07.949,24.5400,100
35587949687831,09:53:07.949,24.5400,100
35587949687831,09:53:07.949,24.5400,100
35587949687831,09:53:07.949,24.5400,100
35587952841886,09:53:07.952,24.5400,100
35589131235616,09:53:09.131,24.5400,100
35589159311264,09:53:09.159,24.5400,100
35589159311264,09:53:09.159,24.5400,100
35590045054364,09:53:10.045,24.5300,40
35590045097142,09:53:10.045,24.5300,60
35590211102469,09:53:10.211,24.5400,100
35590387396589,09:53:10.387,24.5500,100
35590390121451,09:53:10.390,24.5600,100
35590394744092,09:53:10.394,24.5600,100
35591132167778,09:53:11.132,24.5500,100
35591432535615,09:53:11.432,24.5600,100
35591581937175,09:53:11.581,24.5600,100
35591582038661,09:53:11.582,24.5600,100
35591582038661,09:53:11.582,24.5600,100
35591582038661,09:53:11.582,24.5600,100
35591582390162,09:53:11.582,24.5600,88
35591582425670,09:53:11.582,24.5600,12
35591584174544,09:53:11.584,24.5600,100
35591584174544,09:53:11.584,24.5600,200
35591599965595,09:53:11.599,24.5700,100
35591601973943,09:53:11.601,24.5700,100
35591601973943,09:53:11.601,24.5700,100
35591608526654,09:53:11.608,24.5700,100
35592362567330,09:53:12.362,24.5800,100
35592362567330,09:53:12.362,24.5800,100
35592362567330,09:53:12.362,24.5800,100
35592362567330,09:53:12.362,24.5800,100
35592362567330,09:53:12.362,24.5800,100
35592381463886,09:53:12.381,24.5900,100
35592382086344,09:53:12.382,24.5900,100
35593776660160,09:53:13.776,24.5500,100
35593776660160,09:53:13.776,24.5500,100
35593776660160,09:53:13.776,24.5500,100
35593778265632,09:53:13.778,24.5500,100
35593778265632,09:53:13.778,24.5500,100
35593778265632,09:53:13.778,24.5500,100
35593780491190,09:53:13.780,24.5400,100
35593780491190,09:53:13.780,24.5400,100
35593781260964,09:53:13.781,24.5400,100
35593840481867,09:53:13.840,24.5200,100
35593840481867,09:53:13.840,24.5200,100
35593841072328,09:53:13.841,24.5200,100
35593841072328,09:53:13.841,24.5300,100
35593841072328,09:53:13.841,24.5300,100
35593841072328,09:53:13.841,24.5300,100
35593841811575,09:53:13.841,24.5200,100
35593841811575,09:53:13.841,24.5200,100
35593841811575,09:53:13.841,24.5200,400
35593841811575,09:53:13.841,24.5200,22
35593843622609,09:53:13.843,24.5100,100
35593843622609,09:53:13.843,24.5100,400
35593843622609,09:53:13.843,24.5100,100
35593843622609,09:53:13.843,24.5100,100
35593843622609,09:53:13.843,24.5100,200
35593843622609,09:53:13.843,24.5100,200
35593845557851,09:53:13.845,24.5100,100
35593845557851,09:53:13.845,24.5100,100
35593845557851,09:53:13.845,24.5100,100
35593846825330,09:53:13.846,24.5100,100
35593846960524,09:53:13.846,24.5200,100
35593847359608,09:53:13.847,24.5100,100
35593847359608,09:53:13.847,24.5100,100
35593847359608,09:53:13.847,24.5100,100
35593847359608,09:53:13.847,24.5100,100
35593847359608,09:53:13.847,24.5000,100
35593847359608,09:53:13.847,24.5000,100
35593847359608,09:53:13.847,24.5000,100
35593847359608,09:53:13.847,24.5000,100
35593847359608,09:53:13.847,24.5000,200
35593847475108,09:53:13.847,24.5100,100
35593848800794,09:53:13.848,24.5100,100
35593848800794,09:53:13.848,24.5100,100
35593848800794,09:53:13.848,24.5100,39
35593848800794,09:53:13.848,24.5100,61
35593849806926,09:53:13.849,24.4900,100
35593849806926,09:53:13.849,24.4900,400
35593849806926,09:53:13.849,24.4900,100
35593849806926,09:53:13.849,24.4900,100
35593849806926,09:53:13.849,24.4900,200
35593849806926,09:53:13.849,24.4900,200
35593850226530,09:53:13.850,24.5000,100
35593850226530,09:53:13.850,24.5000,100
35593850569346,09:53:13.850,24.5000,100
35593851680682,09:53:13.851,24.4800,100
35593851680682,09:53:13.851,24.4800,100
35593851680682,09:53:13.851,24.4800,100
35593851680682,09:53:13.851,24.4800,100
35593851680682,09:53:13.851,24.4800,400
35593851680682,09:53:13.851,24.4800,200
35593851680682,09:53:13.851,24.4800,200
35593853564388,09:53:13.853,24.5000,100
35593853564388,09:53:13.853,24.5000,30
35593856939093,09:53:13.856,24.4800,100
35593856939093,09:53:13.856,24.4800,100
35593857017798,09:53:13.857,24.4900,5
35593858830094,09:53:13.858,24.4800,5
35593858830094,09:53:13.858,24.4800,100
35593858830094,09:53:13.858,24.4800,400
35593858830094,09:53:13.858,24.4800,100
35593892695486,09:53:13.892,24.4800,100
35593892695486,09:53:13.892,24.4800,100
35593960492661,09:53:13.960,24.4900,100
35593965780912,09:53:13.965,24.5000,100
35593965818636,09:53:13.965,24.5000,100
35593975490067,09:53:13.975,24.5000,100
35593975490067,09:53:13.975,24.5000,100
35593976079847,09:53:13.976,24.4900,100
35593976079847,09:53:13.976,24.4900,100
35593977605575,09:53:13.977,24.4900,100
35593977669843,09:53:13.977,24.4800,100
35593977669843,09:53:13.977,24.4800,100
35593977669843,09:53:13.977,24.4800,100
35593977669843,09:53:13.977,24.4800,100
35593977669843,09:53:13.977,24.4800,100
35593978207141,09:53:13.978,24.4800,300
35594437177440,09:53:14.437,24.5000,100
35596459807974,09:53:16.459,24.5000,100
35596467190482,09:53:16.467,24.4900,100
35596757031918,09:53:16.757,24.4700,100
35597233729630,09:53:17.233,24.4600,100
35597275727691,09:53:17.275,24.4600,100
35597275738711,09:53:17.275,24.4600,100
35597295845727,09:53:17.295,24.4600,100
35597295845727,09:53:17.295,24.4600,100
35597296146698,09:53:17.296,24.4600,100
35597296146698,09:53:17.296,24.4600,100
35597299158897,09:53:17.299,24.4500,100
35597299158897,09:53:17.299,24.4500,100
35597299158897,09:53:17.299,24.4500,100
35597304218204,09:53:17.304,24.4500,100
35597416850474,09:53:17.416,24.4600,100
35597416880265,09:53:17.416,24.4600,100
35597416909815,09:53:17.416,24.4700,100
35597420114884,09:53:17.420,24.4700,300
35597420283611,09:53:17.420,24.4700,100
35597420283611,09:53:17.420,24.4700,100
35597458207893,09:53:17.458,24.4600,100
35597458207893,09:53:17.458,24.4600,100
35597458207893,09:53:17.458,24.4600,100
35597458207893,09:53:17.458,24.4600,100
35598198056608,09:53:18.198,24.4500,100
35599503772901,09:53:19.503,24.4600,100
35599505373129,09:53:19.505,24.4400,100
35599505417516,09:53:19.505,24.4400,100
35602745678179,09:53:22.745,24.4200,100
35602745678179,09:53:22.745,24.4200,200
35602745678179,09:53:22.745,24.4200,100
35602746323348,09:53:22.746,24.4200,100
35602750435125,09:53:22.750,24.4200,155
35602750435125,09:53:22.750,24.4200,100
35604948256695,09:53:24.948,24.4100,100
35614935928737,09:53:34.935,24.3900,100
35617587094234,09:53:37.587,24.3800,100
35618234025312,09:53:38.234,24.3800,100
35620217421152,09:53:40.217,24.3400,100
35620217481546,09:53:40.217,24.3300,100
35621233862212,09:53:41.233,24.3500,100
35621235640273,09:53:41.235,24.3500,100
35621235640273,09:53:41.235,24.3500,100
35621235640273,09:53:41.235,24.3500,100
35621237067715,09:53:41.237,24.3500,100
35623252646425,09:53:43.252,24.3500,100
35623833486625,09:53:43.833,24.3400,39
35623841173851,09:53:43.841,24.3400,39
35623842663169,09:53:43.842,24.3400,22
35634028022587,09:53:54.028,24.3500,100
35634028022587,09:53:54.028,24.3500,100
35634028022587,09:53:54.028,24.3500,100
35634029928189,09:53:54.029,24.3500,100
35652501905937,09:54:12.501,24.3300,15
35652501905937,09:54:12.501,24.3300,100
35652501995352,09:54:12.501,24.3200,50
35652501995352,09:54:12.501,24.3200,47
35652502003266,09:54:12.502,24.3200,53
35652502003266,09:54:12.502,24.3200,100
35652502003266,09:54:12.502,24.3200,13
35652507616540,09:54:12.507,24.3300,100
35652507647024,09:54:12.507,24.3300,100
35688536186152,09:54:48.536,24.3000,100
35690065446602,09:54:50.065,24.2900,120
35690068112843,09:54:50.068,24.2900,80
35691098510578,09:54:51.098,24.2700,100
35691098510578,09:54:51.098,24.2700,100
35692315065221,09:54:52.315,24.2600,49
35692315846016,09:54:52.315,24.2600,251
35695308534002,09:54:55.308,24.2500,400
35695317346008,09:54:55.317,24.2600,100
35695317376073,09:54:55.317,24.2600,100
35695318559225,09:54:55.318,24.2600,100
35701508404373,09:55:01.508,24.2600,100
35702914705259,09:55:02.914,24.2700,100
35702923131743,09:55:02.923,24.2800,200
35704963055754,09:55:04.963,24.2900,42
35718116984216,09:55:18.116,24.3100,400
35756573157726,09:55:56.573,24.3600,100
35756575781563,09:55:56.575,24.3700,100
35761826275818,09:56:01.826,24.3700,100
35761826304953,09:56:01.826,24.3700,100
35761919816675,09:56:01.919,24.3600,100
35772619104164,09:56:12.619,24.3500,100
35772765011114,09:56:12.765,24.3400,200
35782673102636,09:56:22.673,24.3500,200
35813688019164,09:56:53.688,24.3600,100
35813688377828,09:56:53.688,24.3600,7
35832018984624,09:57:12.018,24.3800,100
35832018984624,09:57:12.018,24.3800,100
35832018984624,09:57:12.018,24.3800,47
35832018984624,09:57:12.018,24.3800,200
35861356551156,09:57:41.356,24.3500,100
35888457927344,09:58:08.457,24.3300,100
35902735540517,09:58:22.735,24.3200,100
35902735540517,09:58:22.735,24.3200,46
35915012199372,09:58:35.012,24.3300,100
35915012230025,09:58:35.012,24.3300,100
35915012985872,09:58:35.012,24.3400,100
35915033141803,09:58:35.033,24.3400,100
35915780506701,09:58:35.780,24.3400,100
35925918557790,09:58:45.918,24.3300,100
35925918557790,09:58:45.918,24.3300,22
35925918689964,09:58:45.918,24.3300,178
35936499469279,09:58:56.499,24.3200,100
35954194207822,09:59:14.194,24.3100,100
36010043641904,10:00:10.043,24.3100,200
36010055285233,10:00:10.055,24.3000,44
36010055561006,10:00:10.055,24.3000,56
36010864902626,10:00:10.864,24.2900,100
36010864902626,10:00:10.864,24.2900,100
36010865779024,10:00:10.865,24.2900,100
36010865810702,10:00:10.865,24.2900,100
36022260406586,10:00:22.260,24.2700,100
36022266547382,10:00:22.266,24.2700,100
36040192644849,10:00:40.192,24.2700,100
36040214909855,10:00:40.214,24.2700,100
36040244194703,10:00:40.244,24.2700,100
36040244194703,10:00:40.244,24.2700,100
36073243749393,10:01:13.243,24.2500,100
36073244430880,10:01:13.244,24.2400,21
36073244437862,10:01:13.244,24.2400,193
36073244451693,10:01:13.244,24.2400,2904
36073244633986,10:01:13.244,24.2400,8682
36073780142455,10:01:13.780,24.2200,53
36073780180463,10:01:13.780,24.2200,16
36073833780506,10:01:13.833,24.2200,100
36073833816002,10:01:13.833,24.2200,13
36073833826898,10:01:13.833,24.2200,18
36074131337873,10:01:14.131,24.2300,100
36074131337873,10:01:14.131,24.2300,100
36078082114018,10:01:18.082,24.2100,100
36099610189787,10:01:39.610,24.2000,200
36146753386608,10:02:26.753,24.1800,14
36159864885419,10:02:39.864,24.1800,3
36159864885419,10:02:39.864,24.1800,200
36160900038381,10:02:40.900,24.1800,100
36160900038381,10:02:40.900,24.1800,100
36160900642185,10:02:40.900,24.1800,100
36166651579127,10:02:46.651,24.1600,1
36176448209889,10:02:56.448,24.1600,100
36186454938310,10:03:06.454,24.1500,53
36186456379158,10:03:06.456,24.1500,100
36186456425512,10:03:06.456,24.1500,47
36186464090576,10:03:06.464,24.1500,46
36186465611304,10:03:06.465,24.1500,46
36186467130483,10:03:06.467,24.1500,8
36192869375529,10:03:12.869,24.1000,100
36192871072631,10:03:12.871,24.1000,100
36192871942884,10:03:12.871,24.1000,100
36192873696224,10:03:12.873,24.1000,100
36196069936764,10:03:16.069,24.1000,70
36211848575120,10:03:31.848,24.0900,126
36213426154934,10:03:33.426,24.1000,100
36217964501931,10:03:37.964,24.1100,1000
36217964501931,10:03:37.964,24.1100,100
36217964501931,10:03:37.964,24.1100,400
36217964697568,10:03:37.964,24.1100,100
36217964697568,10:03:37.964,24.1100,100
36218966512173,10:03:38.966,24.1200,100
36222039061498,10:03:42.039,24.1200,100
36222039061498,10:03:42.039,24.1200,100
36240458111297,10:04:00.458,24.1200,500
36241072741131,10:04:01.072,24.1300,100
36241072741131,10:04:01.072,24.1300,100
36241072812697,10:04:01.072,24.1300,100
36269019090852,10:04:29.019,24.1400,100
36269019122358,10:04:29.019,24.1400,20
36283241725233,10:04:43.241,24.1500,100
36292824004099,10:04:52.824,24.1400,400
36292824004099,10:04:52.824,24.1400,16
36292824004099,10:04:52.824,24.1400,684
36292824035915,10:04:52.824,24.1400,316
36324401383409,10:05:24.401,24.1300,128
36324401418809,10:05:24.401,24.1300,100
36324401451718,10:05:24.401,24.1300,72
36329115810442,10:05:29.115,24.1200,500
36329115810442,10:05:29.115,24.1200,300
36329115810442,10:05:29.115,24.1200,1000
36329116452853,10:05:29.116,24.1100,200
36329116452853,10:05:29.116,24.1100,64
36329116454394,10:05:29.116,24.1100,236
36348284067206,10:05:48.284,24.0700,100
36348364610355,10:05:48.364,24.0700,100
36348364610355,10:05:48.364,24.0700,100
36354498615229,10:05:54.498,24.0800,100
36354689216170,10:05:54.689,24.0900,100
36354689216170,10:05:54.689,24.0900,100
36356297345856,10:05:56.297,24.0900,100
36363955774739,10:06:03.955,24.1050,300
36363956919960,10:06:03.956,24.1100,100
36363957020530,10:06:03.957,24.1100,100
36363957020530,10:06:03.957,24.1100,100
36381120385014,10:06:21.120,24.1250,100
36381120389065,10:06:21.120,24.1300,92
36381120437485,10:06:21.120,24.1300,8
36385343295559,10:06:25.343,24.1300,100
36385343295559,10:06:25.343,24.1300,17
36395704642028,10:06:35.704,24.1000,4
36395704642028,10:06:35.704,24.1000,7
36406128612057,10:06:46.128,24.1200,100
36422008476972,10:07:02.008,24.0900,100
36422008476972,10:07:02.008,24.0900,100
36435024686209,10:07:15.024,24.0700,224
36435024782958,10:07:15.024,24.0700,630
36435024825340,10:07:15.024,24.0700,1146
36435024825340,10:07:15.024,24.0700,1300
36435024854872,10:07:15.024,24.0700,630
36435026223485,10:07:15.026,24.0700,100
36435777727939,10:07:15.777,24.0700,200
36440387801276,10:07:20.387,24.0700,200
36440632376925,10:07:20.632,24.0700,200
36446108412643,10:07:26.108,24.0700,100
36446108506093,10:07:26.108,24.0700,500
36446109884631,10:07:26.109,24.0700,1300
36453313958824,10:07:33.313,24.0700,100
36453313958824,10:07:33.313,24.0700,100
36453313958824,10:07:33.313,24.0700,100
36453313980287,10:07:33.313,24.0700,100
36469312895636,10:07:49.312,24.0700,100
36469522056996,10:07:49.522,24.0600,200
36469522646519,10:07:49.522,24.0600,231
36469522666362,10:07:49.522,24.0600,569
36469893437824,10:07:49.893,24.0600,100
36490578605984,10:08:10.578,24.0800,600
36490579180129,10:08:10.579,24.0900,100
36490579180129,10:08:10.579,24.0900,126
36490579212924,10:08:10.579,24.0900,74
36505104476214,10:08:25.104,24.1100,100
36521428858001,10:08:41.428,24.1000,225
36521429001175,10:08:41.429,24.1000,75
36524084938779,10:08:44.084,24.1000,19
36524084938779,10:08:44.084,24.1000,81
36524856582901,10:08:44.856,24.1200,100
36524856582901,10:08:44.856,24.1200,100
36537853006880,10:08:57.853,24.1200,100
36537853006880,10:08:57.853,24.1200,100
36560782326463,10:09:20.782,24.1300,100
36560782326463,10:09:20.782,24.1300,100
36560782326463,10:09:20.782,24.1300,100
36564719980293,10:09:24.719,24.1400,657
36564721235457,10:09:24.721,24.1400,1343
36564721235457,10:09:24.721,24.1400,100
36564721235457,10:09:24.721,24.1400,100
36564721235457,10:09:24.721,24.1400,100
36564721235457,10:09:24.721,24.1400,2857
36564721318674,10:09:24.721,24.1400,80
36564721332507,10:09:24.721,24.1400,57
36564721388045,10:09:24.721,24.1400,536
36564721402670,10:09:24.721,24.1400,100
36564721402670,10:09:24.721,24.1400,100
36564721402670,10:09:24.721,24.1400,100
36564721410243,10:09:24.721,24.1350,100
36564726986855,10:09:24.726,24.1500,100
36564727105969,10:09:24.727,24.1500,100
36564728605395,10:09:24.728,24.1500,77
36567558145337,10:09:27.558,24.1400,100
36567907099276,10:09:27.907,24.1300,300
36571024730703,10:09:31.024,24.1000,22
36572370667944,10:09:32.370,24.0800,200
36572370703533,10:09:32.370,24.0800,100
36572370703533,10:09:32.370,24.0800,100
36572574954217,10:09:32.574,24.0700,100
36572574954217,10:09:32.574,24.0700,100
36572580153796,10:09:32.580,24.0700,100
36577875644089,10:09:37.875,24.0500,100
36579877287506,10:09:39.877,24.0600,100
36579877298813,10:09:39.877,24.0600,300
36579877329984,10:09:39.877,24.0600,400
36579877352744,10:09:39.877,24.0600,100
36579877360779,10:09:39.877,24.0600,100
36579877375106,10:09:39.877,24.0600,500
36579877402760,10:09:39.877,24.0700,100
36579877487172,10:09:39.877,24.0600,100
36580247838547,10:09:40.247,24.0700,700
36580265642557,10:09:40.265,24.0800,700
36580281577557,10:09:40.281,24.0900,100
36580281577557,10:09:40.281,24.0900,100
36592236956305,10:09:52.236,24.1000,100
36608499927027,10:10:08.499,24.1000,100
36608499927027,10:10:08.499,24.1000,200
36608500049085,10:10:08.500,24.1000,18
36615543059656,10:10:15.543,24.0900,69
36626842567173,10:10:26.842,24.0900,100
36626842567173,10:10:26.842,24.0900,300
36626842713307,10:10:26.842,24.0800,100
36626843526377,10:10:26.843,24.0800,100
36627545373167,10:10:27.545,24.0800,100
36627623788035,10:10:27.623,24.0700,100
36648339364169,10:10:48.339,24.0500,167
36648339582361,10:10:48.339,24.0500,733
36648339582361,10:10:48.339,24.0500,100
36648555067657,10:10:48.555,24.0400,100
36649029405898,10:10:49.029,24.0300,100
36654304526996,10:10:54.304,24.0300,100
36665224998993,10:11:05.224,24.0200,100
36665226497884,10:11:05.226,24.0100,200
36665228204643,10:11:05.228,24.0200,100
36665228204643,10:11:05.228,24.0200,100
36665232598424,10:11:05.232,24.0300,100
36665232598424,10:11:05.232,24.0300,100
36665232784189,10:11:05.232,24.0300,100
36665232784189,10:11:05.232,24.0300,100
36665232789352,10:11:05.232,24.0300,100
36665232789352,10:11:05.232,24.0300,100
36665961184873,10:11:05.961,24.0300,100
36665961184873,10:11:05.961,24.0300,100
36665961184873,10:11:05.961,24.0300,400
36665961184873,10:11:05.961,24.0300,200
36665962843852,10:11:05.962,24.0300,100
36697046479708,10:11:37.046,24.0400,100
36697056340661,10:11:37.056,24.0500,100
36702420172656,10:11:42.420,24.0800,22
36702420270319,10:11:42.420,24.0800,78
36741168634558,10:12:21.168,24.1100,100
36743035994166,10:12:23.035,24.1000,100
36744371385435,10:12:24.371,24.0900,100
36752396413469,10:12:32.396,24.0900,100
36752413424449,10:12:32.413,24.0900,100
36757320102280,10:12:37.320,24.1100,100
36757334575803,10:12:37.334,24.1200,100
36757339142107,10:12:37.339,24.1200,100
36757339713941,10:12:37.339,24.1200,100
36757369712940,10:12:37.369,24.1400,100
36757369712940,10:12:37.369,24.1400,100
36757369731551,10:12:37.369,24.1400,100
36757369738398,10:12:37.369,24.1400,100
36757370460672,10:12:37.370,24.1500,100
36757371144594,10:12:37.371,24.1500,100
36757371409406,10:12:37.371,24.1400,200
36757371409406,10:12:37.371,24.1400,100
36757371409406,10:12:37.371,24.1400,100
36757381769030,10:12:37.381,24.1400,100
36757381782841,10:12:37.381,24.1400,100
36757381796397,10:12:37.381,24.1500,100
36757382612064,10:12:37.382,24.1500,100
36757382757733,10:12:37.382,24.1500,100
36757382757733,10:12:37.382,24.1500,100
36757382757733,10:12:37.382,24.1400,200
36757394422025,10:12:37.394,24.1400,100
36757394422025,10:12:37.394,24.1400,100
36760061560223,10:12:40.061,24.1300,100
36761682786146,10:12:41.682,24.1200,30
36774384393582,10:12:54.384,24.1200,20
36774384393582,10:12:54.384,24.1200,80
36777228986011,10:12:57.228,24.1200,100
36786895078601,10:13:06.895,24.1300,100
36803755224047,10:13:23.755,24.1300,100
36819607401188,10:13:39.607,24.1200,100
36824505261094,10:13:44.505,24.1200,100
36824505261094,10:13:44.505,24.1200,200
36824505344993,10:13:44.505,24.1200,4
36824505344993,10:13:44.505,24.1200,100
36824505464255,10:13:44.505,24.1200,100
36824510784370,10:13:44.510,24.1100,100
36824539747537,10:13:44.539,24.1200,32
36824758088295,10:13:44.758,24.1100,100
36824758088295,10:13:44.758,24.1100,100
36840323318203,10:14:00.323,24.0900,71
36869967341122,10:14:29.967,24.1000,100
36869967341122,10:14:29.967,24.1000,100
36896618878211,10:14:56.618,24.1200,100
36926918929429,10:15:26.918,24.1200,200
36926918961078,10:15:26.918,24.1200,21
36926926769693,10:15:26.926,24.1100,100
36936060608215,10:15:36.060,24.1000,44
36948515252332,10:15:48.515,24.0900,173
36948515252332,10:15:48.515,24.0900,100
36950096715816,10:15:50.096,24.0800,209
36950097113742,10:15:50.097,24.0800,3691
36950097888727,10:15:50.097,24.0700,100
36955265115645,10:15:55.265,24.0700,100
36966957527102,10:16:06.957,24.0600,21
36979100514052,10:16:19.100,24.0300,59
36986649134725,10:16:26.649,24.0300,100
36986658228662,10:16:26.658,24.0400,100
36986658228662,10:16:26.658,24.0400,100
36986688753867,10:16:26.688,24.0500,100
37034775495256,10:17:14.775,24.0100,122
37034775548478,10:17:14.775,24.0100,1678
37034776303827,10:17:14.776,24.0000,500
37034776303827,10:17:14.776,24.0000,100
37034776303827,10:17:14.776,24.0000,100
37034782386931,10:17:14.782,24.0000,100
37034782386931,10:17:14.782,24.0000,100
37034782386931,10:17:14.782,24.0000,100
37034782386931,10:17:14.782,24.0000,100
37034782386931,10:17:14.782,24.0000,100
37034783218379,10:17:14.783,24.0000,100
37034783218379,10:17:14.783,24.0000,100
37034783218379,10:17:14.783,24.0000,100
37034783218379,10:17:14.783,24.0000,100
37034784082878,10:17:14.784,24.0000,100
37034784082878,10:17:14.784,24.0000,100
37034784082878,10:17:14.784,24.0000,100
37034784082878,10:17:14.784,24.0000,100
37035145203183,10:17:15.145,23.9900,100
37035145203183,10:17:15.145,23.9900,100
37035145203183,10:17:15.145,23.9900,100
37038181586741,10:17:18.181,23.9900,100
37038239736593,10:17:18.239,23.9700,100
37038241052869,10:17:18.241,23.9600,100
37038410178366,10:17:18.410,23.9600,100
37052616838239,10:17:32.616,23.9500,140
37052616864079,10:17:32.616,23.9500,60
37052617305535,10:17:32.617,23.9500,100
37052617305535,10:17:32.617,23.9500,100
37052617305535,10:17:32.617,23.9500,100
37052617305535,10:17:32.617,23.9500,100
37053085834245,10:17:33.085,23.9600,100
37053090361464,10:17:33.090,23.9600,100
37053090361464,10:17:33.090,23.9600,100
37053090391273,10:17:33.090,23.9600,100
37053090391273,10:17:33.090,23.9600,100
37053090391273,10:17:33.090,23.9600,300
37057195864764,10:17:37.195,23.9500,200
37057196413501,10:17:37.196,23.9400,100
37057196413501,10:17:37.196,23.9400,23
37058041038559,10:17:38.041,23.9500,100
37058042535903,10:17:38.042,23.9500,77
37063878203942,10:17:43.878,23.9450,400
37063886404565,10:17:43.886,23.9500,400
37086019301292,10:18:06.019,23.9600,100
37086019301292,10:18:06.019,23.9600,100
37086019335472,10:18:06.019,23.9600,200
37098469211359,10:18:18.469,23.9500,100
37098469265219,10:18:18.469,23.9500,100
37099130225307,10:18:19.130,23.9500,100
37099396480930,10:18:19.396,23.9400,100
37099396480930,10:18:19.396,23.9400,200
37099396608525,10:18:19.396,23.9400,27
37099396608525,10:18:19.396,23.9400,30
37099400133988,10:18:19.400,23.9400,14
37099454746841,10:18:19.454,23.9400,16
37099454816730,10:18:19.454,23.9400,100
37099462638412,10:18:19.462,23.9500,38
37099464144611,10:18:19.464,23.9500,38
37099465646544,10:18:19.465,23.9500,24
37101426618979,10:18:21.426,23.9400,12
37101426618979,10:18:21.426,23.9400,188
37101426873250,10:18:21.426,23.9400,100
37113876888193,10:18:33.876,23.9500,100
37114478763235,10:18:34.478,23.9600,200
37118379391250,10:18:38.379,23.9600,100
37164512469901,10:19:24.512,23.9500,74
37164513220559,10:19:24.513,23.9500,26
37164513220559,10:19:24.513,23.9500,50
37164516254107,10:19:24.516,23.9600,200
37173720508226,10:19:33.720,23.9700,100
37173720508226,10:19:33.720,23.9700,100
37228503248419,10:20:28.503,24.0200,100
37258619523517,10:20:58.619,24.0400,100
37258619551540,10:20:58.619,24.0400,100
37258751767919,10:20:58.751,24.0500,100
37273134489670,10:21:13.134,24.0500,100
37300965005523,10:21:40.965,24.0500,53
37300965005523,10:21:40.965,24.0500,34
37300965181931,10:21:40.965,24.0500,5
37300965432759,10:21:40.965,24.0500,61
37300965432759,10:21:40.965,24.0500,26
37305967762119,10:21:45.967,24.0500,100
37305967762119,10:21:45.967,24.0500,100
37306684595170,10:21:46.684,24.0700,300
37306684595170,10:21:46.684,24.0700,100
37306685196786,10:21:46.685,24.0700,100
37306685196786,10:21:46.685,24.0800,100
37306713000257,10:21:46.713,24.0900,100
37306713079001,10:21:46.713,24.0900,100
37306713653436,10:21:46.713,24.1000,100
37306713851889,10:21:46.713,24.1000,100
37306713851889,10:21:46.713,24.1000,100
37306713932185,10:21:46.713,24.1000,100
37306719196665,10:21:46.719,24.1000,100
37306719196665,10:21:46.719,24.1000,100
37306758865140,10:21:46.758,24.1100,100
37306758865140,10:21:46.758,24.1100,400
37306758865140,10:21:46.758,24.1100,200
37306758865140,10:21:46.758,24.1100,100
37306773698570,10:21:46.773,24.1100,90
37306805475976,10:21:46.805,24.1100,110
37306805475976,10:21:46.805,24.1100,100
37307711452339,10:21:47.711,24.0850,100
37307711452339,10:21:47.711,24.0900,100
37307711484555,10:21:47.711,24.0900,100
37308691617264,10:21:48.691,24.0800,100
37308973529148,10:21:48.973,24.0600,100
37308973529148,10:21:48.973,24.0600,100
37311335833808,10:21:51.335,24.0600,100
37311335833808,10:21:51.335,24.0600,100
37340193792532,10:22:20.193,24.0500,25
37345205831415,10:22:25.205,24.0250,100
37345205831415,10:22:25.205,24.0300,200
37345205831415,10:22:25.205,24.0300,100
37349559538405,10:22:29.559,24.0200,100
37352965520290,10:22:32.965,24.0200,100
37354715841368,10:22:34.715,24.0200,100
37392558686628,10:23:12.558,24.0100,48
37429526117477,10:23:49.526,24.0100,300
37429526117477,10:23:49.526,24.0100,100
37429526117477,10:23:49.526,24.0100,100
37429530828657,10:23:49.530,24.0100,100
37429530916936,10:23:49.530,24.0100,100
37466644989349,10:24:26.644,24.0200,200
37475775350135,10:24:35.775,24.0100,100
37477705854071,10:24:37.705,24.0000,100
37477725144518,10:24:37.725,24.0000,200
37478035586829,10:24:38.035,23.9900,100
37478035586829,10:24:38.035,23.9900,38
37482095557030,10:24:42.095,23.9900,100
37482095557030,10:24:42.095,23.9900,27
37482095570085,10:24:42.095,23.9900,51
37482095570085,10:24:42.095,23.9900,100
37482095854325,10:24:42.095,23.9800,100
37482095854325,10:24:42.095,23.9800,100
37482095854325,10:24:42.095,23.9800,75
37482095913602,10:24:42.095,23.9800,25
37482095913602,10:24:42.095,23.9800,29
37482100320378,10:24:42.100,23.9800,100
37482100320378,10:24:42.100,23.9800,100
37482100811072,10:24:42.100,23.9900,100
37495493076722,10:24:55.493,24.0000,123
37495493222218,10:24:55.493,24.0000,17
37495494712842,10:24:55.494,24.0000,60
37495494712842,10:24:55.494,24.0000,75
37542264675649,10:25:42.264,24.0500,97
37542264675649,10:25:42.264,24.0500,3
37559612038741,10:25:59.612,24.0500,100
37564583077573,10:26:04.583,24.0700,37
37575027340216,10:26:15.027,24.0600,27
37575027340216,10:26:15.027,24.0600,100
37575027424097,10:26:15.027,24.0600,4
37595883402995,10:26:35.883,24.0300,100
37608837507657,10:26:48.837,24.0000,100
37608837507657,10:26:48.837,24.0000,70
37631239717759,10:27:11.239,23.9900,9
37645781533351,10:27:25.781,23.9750,100
37645781533351,10:27:25.781,23.9750,300
37645781652715,10:27:25.781,23.9750,100
37645781652715,10:27:25.781,23.9800,100
37645781652715,10:27:25.781,23.9800,100
37645781652715,10:27:25.781,23.9800,100
37645781784049,10:27:25.781,23.9800,100
37645781784049,10:27:25.781,23.9800,100
37645782852154,10:27:25.782,23.9800,100
37657261559172,10:27:37.261,23.9900,100
37692534675800,10:28:12.534,24.0000,244
37692534707150,10:28:12.534,24.0000,156
37692534707150,10:28:12.534,24.0000,100
37713883072172,10:28:33.883,23.9900,30
37713883072172,10:28:33.883,23.9900,8
37716372148197,10:28:36.372,23.9900,100
37727855972351,10:28:47.855,23.9800,81
37755329160029,10:29:15.329,23.9800,655
37755329190111,10:29:15.329,23.9800,264
37755347352929,10:29:15.347,23.9700,100
37755347352929,10:29:15.347,23.9700,500
37761846922830,10:29:21.846,23.9600,500
37761847846041,10:29:21.847,23.9500,100
37762686818137,10:29:22.686,23.9400,49
37767543411780,10:29:27.543,23.9500,100
37767543411780,10:29:27.543,23.9500,100
37767543411780,10:29:27.543,23.9500,100
37767544906595,10:29:27.544,23.9500,100
37767544970041,10:29:27.544,23.9500,100
37767545088720,10:29:27.545,23.9500,100
37767545088720,10:29:27.545,23.9500,100
37767545088720,10:29:27.545,23.9500,100
37767545088720,10:29:27.545,23.9500,100
37767545088720,10:29:27.545,23.9500,100
37767545088720,10:29:27.545,23.9500,100
37767545088720,10:29:27.545,23.9500,100
37767548149553,10:29:27.548,23.9500,100
37768021436302,10:29:28.021,23.9500,100
37768021595457,10:29:28.021,23.9500,100
37768495109480,10:29:28.495,23.9600,100
37812280978748,10:30:12.280,23.9900,100
37812312307735,10:30:12.312,23.9900,13
37835385143191,10:30:35.385,23.9900,100
37869729372806,10:31:09.729,23.9900,43
37887848240394,10:31:27.848,23.9950,100
37887848240394,10:31:27.848,24.0000,100
37887848240394,10:31:27.848,24.0000,100
37887848257719,10:31:27.848,24.0000,100
37887848257719,10:31:27.848,24.0000,200
37894349333409,10:31:34.349,24.0200,100
37896230184429,10:31:36.230,24.0200,100
37896651472626,10:31:36.651,24.0200,100
37909958745321,10:31:49.958,24.0100,100
37909958745321,10:31:49.958,24.0100,100
37909959423641,10:31:49.959,24.0100,100
37909959423641,10:31:49.959,24.0100,100
37932029431774,10:32:12.029,24.0200,100
37934618098214,10:32:14.618,24.0300,100
37963298972575,10:32:43.298,24.0300,55
37963299042055,10:32:43.299,24.0300,45
37963299042055,10:32:43.299,24.0300,29
37966095915260,10:32:46.095,24.0300,100
37966095915260,10:32:46.095,24.0300,100
38020253284731,10:33:40.253,24.0800,100
38021350373322,10:33:41.350,24.0800,98
38021350397443,10:33:41.350,24.0800,2
38034751535207,10:33:54.751,24.0700,54
38034751535207,10:33:54.751,24.0700,100
38034751535207,10:33:54.751,24.0700,1346
38034751568101,10:33:54.751,24.0700,254
38034759712472,10:33:54.759,24.0500,100
38034767524508,10:33:54.767,24.0500,100
38034767593750,10:33:54.767,24.0500,100
38045543476654,10:34:05.543,24.0400,400
38050591887104,10:34:10.591,24.0400,100
38050591887104,10:34:10.591,24.0400,25
38050591978312,10:34:10.591,24.0400,75
38090071048617,10:34:50.071,24.0300,87
38090071048617,10:34:50.071,24.0300,113
38090071674507,10:34:50.071,24.0300,187
38090071674507,10:34:50.071,24.0300,1
38090071738115,10:34:50.071,24.0300,27
38090071738115,10:34:50.071,24.0300,50
38090071738115,10:34:50.071,24.0300,45
38090077552554,10:34:50.077,24.0300,375
38121783508600,10:35:21.783,24.0300,26
38122679886001,10:35:22.679,24.0200,29
38130975599054,10:35:30.975,24.0200,100
38135051856521,10:35:35.051,24.0200,200
38135932073662,10:35:35.932,24.0100,100
38170582109249,10:36:10.582,24.0100,100
38170582109249,10:36:10.582,24.0100,27
38205885984017,10:36:45.885,24.0100,100
38205885984017,10:36:45.885,24.0100,100
38205886021958,10:36:45.886,24.0100,100
38222019132817,10:37:02.019,24.0000,25
38222019219986,10:37:02.019,23.9900,100
38222019219986,10:37:02.019,23.9900,67
38222019225782,10:37:02.019,23.9900,33
38222019225782,10:37:02.019,23.9900,100
38260225805840,10:37:40.225,23.9600,10
38264718091119,10:37:44.718,23.9500,100
38264839711455,10:37:44.839,23.9500,100
38276042264181,10:37:56.042,23.9500,105
38276042264181,10:37:56.042,23.9500,100
38276042640962,10:37:56.042,23.9500,100
38276042653574,10:37:56.042,23.9500,100
38276043053231,10:37:56.043,23.9500,100
38276045332206,10:37:56.045,23.9400,100
38288207937657,10:38:08.207,23.9500,100
38288208037947,10:38:08.208,23.9500,28
38297991200235,10:38:17.991,23.9600,300
38297991200235,10:38:17.991,23.9600,100
38297991200235,10:38:17.991,23.9600,100
38297996200897,10:38:17.996,23.9600,100
38297996469814,10:38:17.996,23.9600,100
38297996780974,10:38:17.996,23.9600,100
38297996841666,10:38:17.996,23.9600,100
38297996912135,10:38:17.996,23.9600,100
38297996961891,10:38:17.996,23.9600,100
38298629219775,10:38:18.629,23.9600,100
38298629219775,10:38:18.629,23.9600,100
38301037312192,10:38:21.037,23.9600,100
38301041927220,10:38:21.041,23.9600,100
38301041927220,10:38:21.041,23.9600,100
38305063891725,10:38:25.063,23.9600,100
38305063891725,10:38:25.063,23.9600,100
38341003062004,10:39:01.003,23.9700,200
38341003062004,10:39:01.003,23.9700,100
38345007821884,10:39:05.007,23.9800,100
38345012417022,10:39:05.012,23.9800,50
38345013176358,10:39:05.013,23.9800,100
38350526981663,10:39:10.526,23.9700,100
38350527190439,10:39:10.527,23.9700,100
38350527190439,10:39:10.527,23.9700,100
38407592503526,10:40:07.592,23.9900,27
38407593028466,10:40:07.593,23.9800,100
38407593028466,10:40:07.593,23.9800,100
38407618758971,10:40:07.618,23.9700,200
38407618758971,10:40:07.618,23.9700,100
38407618758971,10:40:07.618,23.9700,100
38407619046895,10:40:07.619,23.9700,100
38407644368908,10:40:07.644,23.9700,100
38407644368908,10:40:07.644,23.9700,100
38407669263158,10:40:07.669,23.9600,100
38407669263158,10:40:07.669,23.9600,100
38407669263158,10:40:07.669,23.9600,100
38407669263158,10:40:07.669,23.9600,100
38407691773436,10:40:07.691,23.9600,100
38407691773436,10:40:07.691,23.9600,100
38407691857584,10:40:07.691,23.9600,30
38413904404769,10:40:13.904,23.9700,100
38413910060689,10:40:13.910,23.9700,90
38435776702863,10:40:35.776,23.9600,7
38439022605846,10:40:39.022,23.9500,100
38439022605846,10:40:39.022,23.9500,100
38439022605846,10:40:39.022,23.9500,100
38488911181403,10:41:28.911,23.9400,100
38490585953352,10:41:30.585,23.9300,100
38515058454159,10:41:55.058,23.9300,100
38537100155373,10:42:17.100,23.9300,31
38537100155373,10:42:17.100,23.9300,69
38543822500212,10:42:23.822,23.9300,31
38554654504345,10:42:34.654,23.9300,59
38606078811366,10:43:26.078,23.9500,200
38606078811366,10:43:26.078,23.9500,200
38606078811366,10:43:26.078,23.9500,100
38607902195454,10:43:27.902,23.9700,100
38610619566745,10:43:30.619,23.9800,100
38610619566745,10:43:30.619,23.9800,100
38614933831878,10:43:34.933,23.9800,200
38614933831878,10:43:34.933,23.9800,100
38614935663586,10:43:34.935,23.9800,200
38614935663586,10:43:34.935,23.9800,200
38614936226898,10:43:34.936,23.9800,100
38614936226898,10:43:34.936,23.9800,100
38614936226898,10:43:34.936,23.9800,100
38650718926621,10:44:10.718,24.0100,95
38650718926621,10:44:10.718,24.0100,5
38650719217345,10:44:10.719,24.0100,12
38650719288642,10:44:10.719,24.0100,83
38656311083725,10:44:16.311,24.0300,100
38656467625525,10:44:16.467,24.0400,100
38675976941707,10:44:35.976,24.0300,100
38691761850449,10:44:51.761,24.0400,100
38698668632029,10:44:58.668,24.0500,200
38698668661409,10:44:58.668,24.0500,100
38701777873704,10:45:01.777,24.0500,100
38749001899278,10:45:49.001,24.0700,100
38751368318138,10:45:51.368,24.0900,8
38751368525567,10:45:51.368,24.0900,92
38751368525567,10:45:51.368,24.0900,500
38751368525567,10:45:51.368,24.0900,300
38751378618034,10:45:51.378,24.0800,200
38751378618034,10:45:51.378,24.0800,100
38758698051700,10:45:58.698,24.0600,29
38758741033424,10:45:58.741,24.0500,1
38758741232131,10:45:58.741,24.0500,1
38788738349162,10:46:28.738,24.0600,100
38788738349162,10:46:28.738,24.0600,100
38788738349162,10:46:28.738,24.0600,100
38788738349162,10:46:28.738,24.0600,100
38788738374477,10:46:28.738,24.0600,200
38788739542236,10:46:28.739,24.0700,100
38788739542236,10:46:28.739,24.0700,100
38788743882261,10:46:28.743,24.0700,100
38793868539674,10:46:33.868,24.0600,3
38821044894038,10:47:01.044,24.0500,100
38821044894038,10:47:01.044,24.0500,100
38821044894038,10:47:01.044,24.0500,100
38821045066186,10:47:01.045,24.0500,2
38830873543445,10:47:10.873,24.0500,98
38864184883829,10:47:44.184,24.0300,100
38890820728300,10:48:10.820,24.0300,100
38899300498742,10:48:19.300,24.0200,27
38899300498742,10:48:19.300,24.0200,73
38899300531200,10:48:19.300,24.0200,27
38933463481561,10:48:53.463,24.0100,100
38933463554739,10:48:53.463,24.0100,123
38934145993889,10:48:54.145,23.9900,100
38991048822629,10:49:51.048,23.9800,100
39001717425382,10:50:01.717,23.9800,100
39053618377955,10:50:53.618,23.9900,200
39054522737367,10:50:54.522,23.9900,100
39054522737367,10:50:54.522,23.9900,13
39054522769417,10:50:54.522,23.9900,87
39054522769417,10:50:54.522,23.9900,100
39054522775508,10:50:54.522,23.9900,74
39054523301844,10:50:54.523,23.9900,11
39054523413925,10:50:54.523,23.9900,15
39126403709338,10:52:06.403,23.9900,100
39126403709338,10:52:06.403,23.9900,28
39130899293695,10:52:10.899,23.9800,59
39136441990394,10:52:16.441,23.9900,100
39136442750418,10:52:16.442,23.9900,100
39166618374203,10:52:46.618,24.0000,200
39171544854119,10:52:51.544,23.9900,100
39171544854119,10:52:51.544,23.9900,69
39188151576433,10:53:08.151,23.9800,16
39188304401403,10:53:08.304,23.9800,125
39198657367552,10:53:18.657,23.9700,100
39224875501917,10:53:44.875,23.9700,64
39226895056109,10:53:46.895,23.9700,97
39226895056109,10:53:46.895,23.9700,3
39276508752676,10:54:36.508,23.9700,100
39276508752676,10:54:36.508,23.9700,100
39277894563189,10:54:37.894,23.9700,14
39303046942133,10:55:03.046,23.9800,100
39303046942133,10:55:03.046,23.9800,100
39309031006683,10:55:09.031,24.0000,100
39332617935192,10:55:32.617,24.0100,100
39332617935192,10:55:32.617,24.0100,100
39332618063899,10:55:32.618,24.0100,200
39332618063899,10:55:32.618,24.0100,100
39346561633506,10:55:46.561,24.0200,100
39350654764852,10:55:50.654,24.0100,30
39350866957893,10:55:50.866,24.0000,100
39355370708708,10:55:55.370,24.0000,100
39407641853566,10:56:47.641,24.0000,29
39407641853566,10:56:47.641,24.0000,100
39407641853566,10:56:47.641,24.0000,71
39407641892162,10:56:47.641,24.0000,29
39407664934624,10:56:47.664,23.9900,100
39411659753596,10:56:51.659,23.9800,100
39411659796034,10:56:51.659,23.9800,100
39459441898023,10:57:39.441,23.9700,25
39459523455187,10:57:39.523,23.9700,100
39467351254366,10:57:47.351,23.9700,60
39467351294245,10:57:47.351,23.9700,100
39467358893380,10:57:47.358,23.9700,100
39467359069445,10:57:47.359,23.9700,100
39467362848430,10:57:47.362,23.9700,15
39468870962034,10:57:48.870,23.9700,100
39497411257814,10:58:17.411,23.9900,100
39526997039494,10:58:46.997,23.9900,29
39526997099346,10:58:46.997,23.9900,4
39530246659040,10:58:50.246,23.9900,100
39530246659040,10:58:50.246,23.9900,100
39567130738240,10:59:27.130,24.0100,100
39567135540207,10:59:27.135,24.0100,100
39567135540207,10:59:27.135,24.0100,100
39571484847631,10:59:31.484,24.0100,14
39593283403054,10:59:53.283,24.0200,86
39605445213701,11:00:05.445,24.0300,100
39612457298298,11:00:12.457,24.0200,100
39612457380391,11:00:12.457,24.0200,28
39612458356886,11:00:12.458,24.0200,28
39613708467107,11:00:13.708,24.0200,72
39619128006721,11:00:19.128,24.0300,100
39630092995869,11:00:30.092,24.0300,100
39632318151563,11:00:32.318,24.0200,100
39658035306281,11:00:58.035,24.0100,10
39662897598546,11:01:02.897,24.0200,30
39663461893340,11:01:03.461,24.0400,47
39663463345978,11:01:03.463,24.0400,53
39663465055246,11:01:03.465,24.0400,100
39664912100262,11:01:04.912,24.0500,100
39664912100262,11:01:04.912,24.0500,100
39678483394286,11:01:18.483,24.0300,200
39705929130890,11:01:45.929,24.0300,100
39711998639555,11:01:51.998,24.0200,4
39712293320953,11:01:52.293,24.0200,100
39756475619832,11:02:36.475,24.0400,30
39771816668124,11:02:51.816,24.0300,100
39774110691185,11:02:54.110,24.0200,100
39791124565759,11:03:11.124,24.0100,300
39826711312102,11:03:46.711,24.0000,100
39880296171742,11:04:40.296,23.9900,31
39880296249595,11:04:40.296,23.9900,100
39906020718764,11:05:06.020,23.9700,100
39930725146298,11:05:30.725,23.9600,100
39990400701740,11:06:30.400,23.9700,100
39990400701740,11:06:30.400,23.9700,100
40011929851546,11:06:51.929,23.9800,32
40011929851546,11:06:51.929,23.9800,100
40035619430503,11:07:15.619,23.9900,100
40039039203616,11:07:19.039,23.9800,71
40039039248549,11:07:19.039,23.9800,29
40039289472236,11:07:19.289,23.9800,4
40085410641724,11:08:05.410,23.9700,32
40087970728400,11:08:07.970,23.9700,300
40087973754737,11:08:07.973,23.9700,100
40087977207443,11:08:07.977,23.9700,100
40091563305789,11:08:11.563,23.9700,200
40110980328307,11:08:30.980,23.9600,14
40110980880741,11:08:30.980,23.9600,22
40110982894376,11:08:30.982,23.9600,21
40110983278547,11:08:30.983,23.9600,43
40110997766901,11:08:30.997,23.9500,300
40110997766901,11:08:30.997,23.9500,300
40110997807393,11:08:30.997,23.9500,18
40132007501060,11:08:52.007,23.9500,100
40132007727705,11:08:52.007,23.9500,182
40134691044250,11:08:54.691,23.9400,100
40134692613769,11:08:54.692,23.9300,100
40134693744720,11:08:54.693,23.9300,100
40134693744720,11:08:54.693,23.9300,100
40134693744720,11:08:54.693,23.9300,100
40134693744720,11:08:54.693,23.9300,100
40134693744720,11:08:54.693,23.9300,100
40134694495186,11:08:54.694,23.9300,100
40168984340403,11:09:28.984,23.9350,100
40181845324165,11:09:41.845,23.9400,200
40181845411648,11:09:41.845,23.9400,300
40181845411648,11:09:41.845,23.9400,100
40181845411648,11:09:41.845,23.9400,100
40181845411648,11:09:41.845,23.9400,100
40181845411648,11:09:41.845,23.9400,100
40195562444728,11:09:55.562,23.9500,69
40195562524037,11:09:55.562,23.9500,31
40196755611096,11:09:56.755,23.9500,200
40196755611096,11:09:56.755,23.9500,100
40196755885473,11:09:56.755,23.9500,100
40196782572330,11:09:56.782,23.9500,100
40196782572330,11:09:56.782,23.9500,100
40196829361428,11:09:56.829,23.9600,100
40196829361428,11:09:56.829,23.9600,100
40196833018168,11:09:56.833,23.9600,100
40196854034642,11:09:56.854,23.9600,100
40196854034642,11:09:56.854,23.9600,100
40196854034642,11:09:56.854,23.9600,100
40196854034642,11:09:56.854,23.9600,100
40196854034642,11:09:56.854,23.9600,100
40196854034642,11:09:56.854,23.9600,100
40196854034642,11:09:56.854,23.9600,100
40196854034642,11:09:56.854,23.9600,300
40196882389404,11:09:56.882,23.9700,100
40196882389404,11:09:56.882,23.9700,100
40196882389404,11:09:56.882,23.9700,100
40196882389404,11:09:56.882,23.9700,100
40196882389404,11:09:56.882,23.9700,100
40196882404012,11:09:56.882,23.9700,100
40196908497547,11:09:56.908,23.9800,100
40196908497547,11:09:56.908,23.9800,100
40196908497547,11:09:56.908,23.9800,100
40196908497547,11:09:56.908,23.9800,100
40196908497547,11:09:56.908,23.9800,100
40196929794848,11:09:56.929,23.9800,100
40196929794848,11:09:56.929,23.9800,100
40196932554585,11:09:56.932,23.9800,100
40196932554585,11:09:56.932,23.9800,11
40196932586172,11:09:56.932,23.9800,89
40196932586172,11:09:56.932,23.9800,100
40196969039051,11:09:56.969,23.9800,100
40196969039051,11:09:56.969,23.9800,100
40196969039051,11:09:56.969,23.9800,100
40196969039051,11:09:56.969,23.9800,100
40196969039051,11:09:56.969,23.9800,100
40196969039051,11:09:56.969,23.9800,100
40196975992922,11:09:56.975,23.9800,100
40203197018542,11:10:03.197,23.9700,200
40225674299682,11:10:25.674,23.9800,100
40227611017159,11:10:27.611,23.9900,200
40237223484137,11:10:37.223,24.0000,100
40237223484137,11:10:37.223,24.0000,100
40237223484137,11:10:37.223,24.0000,100
40237223484137,11:10:37.223,24.0000,100
40237228150954,11:10:37.228,24.0000,34
40251931723175,11:10:51.931,23.9700,100
40251932711740,11:10:51.932,23.9700,100
40251932711740,11:10:51.932,23.9700,73
40251933462366,11:10:51.933,23.9700,27
40251933462366,11:10:51.933,23.9700,100
40252252471122,11:10:52.252,23.9600,100
40252252471122,11:10:52.252,23.9600,100
40263798741641,11:11:03.798,23.9600,100
40264028118839,11:11:04.028,23.9600,100
40264028118839,11:11:04.028,23.9600,100
40265287129108,11:11:05.287,23.9600,100
40317568608951,11:11:57.568,23.9300,100
40317570143041,11:11:57.570,23.9200,100
40317570143041,11:11:57.570,23.9200,100
40317570143041,11:11:57.570,23.9200,100
40317570143041,11:11:57.570,23.9200,100
40317570143041,11:11:57.570,23.9200,47
40317570220669,11:11:57.570,23.9200,100
40317582889366,11:11:57.582,23.9200,100
40317582889366,11:11:57.582,23.9200,100
40317582889366,11:11:57.582,23.9200,74
40319410751558,11:11:59.410,23.9300,97
40319412230127,11:11:59.412,23.9300,3
40319412230127,11:11:59.412,23.9300,94
40319412283938,11:11:59.412,23.9300,6
40337997456293,11:12:17.997,23.9300,33
40337997480497,11:12:17.997,23.9300,67
40338020404397,11:12:18.020,23.9300,100
40343061443502,11:12:23.061,23.9300,100
40374934718667,11:12:54.934,23.9200,35
40374934884695,11:12:54.934,23.9200,4
40374934920533,11:12:54.934,23.9200,57
40387410685383,11:13:07.410,23.9100,200
40387410685383,11:13:07.410,23.9100,100
40387410685383,11:13:07.410,23.9100,100
40387410685383,11:13:07.410,23.9100,100
40387411257353,11:13:07.411,23.9100,200
40387411745503,11:13:07.411,23.9100,100
40387416649332,11:13:07.416,23.9100,100
40387416649332,11:13:07.416,23.9100,100
40387424406512,11:13:07.424,23.9100,100
40387424406512,11:13:07.424,23.9100,100
40387424406512,11:13:07.424,23.9100,100
40388280156377,11:13:08.280,23.9100,100
40388280386352,11:13:08.280,23.9100,100
40388280386352,11:13:08.280,23.9100,100
40388280609977,11:13:08.280,23.9100,100
40443429970093,11:14:03.429,23.9200,100
40443429970093,11:14:03.429,23.9200,100
40443429970093,11:14:03.429,23.9200,100
40455194663344,11:14:15.194,23.9100,100
40455194663344,11:14:15.194,23.9100,36
40515200960193,11:15:15.200,23.9200,134
40515200990879,11:15:15.200,23.9200,66
40518202509678,11:15:18.202,23.9300,100
40528865378171,11:15:28.865,23.9400,100
40528865378171,11:15:28.865,23.9400,194
40567874349296,11:16:07.874,23.9300,100
40617035774920,11:16:57.035,23.9300,200
40686551766148,11:18:06.551,23.9200,400
40686551766148,11:18:06.551,23.9200,200
40686551805620,11:18:06.551,23.9200,231
40686551812793,11:18:06.551,23.9200,69
40686551812793,11:18:06.551,23.9200,8
40686551928654,11:18:06.551,23.9200,27
40686552652278,11:18:06.552,23.9200,100
40686552652278,11:18:06.552,23.9200,100
40687063136370,11:18:07.063,23.9200,100
40695753184425,11:18:15.753,23.9200,200
40712850727604,11:18:32.850,23.9200,62
40738054410162,11:18:58.054,23.9200,300
40787074715943,11:19:47.074,23.9100,100
40787074715943,11:19:47.074,23.9100,99
40787075359716,11:19:47.075,23.9100,1
40787075359716,11:19:47.075,23.9100,18
40787989981001,11:19:47.989,23.9100,57
40787990103145,11:19:47.990,23.9100,925
40795840148326,11:19:55.840,23.9000,1
40795851652307,11:19:55.851,23.9000,150
40795873740443,11:19:55.873,23.9000,123
40795874389542,11:19:55.874,23.9000,69
40795874585136,11:19:55.874,23.9000,300
40795874653536,11:19:55.874,23.9000,57
40795874653536,11:19:55.874,23.9000,183
40795874676072,11:19:55.874,23.9000,17
40795874676072,11:19:55.874,23.9000,83
40795874697646,11:19:55.874,23.9000,100
40795874706530,11:19:55.874,23.9000,100
40795874794380,11:19:55.874,23.9000,117
40795874794380,11:19:55.874,23.9000,100
40795874794380,11:19:55.874,23.9000,100
40795874794380,11:19:55.874,23.9000,100
40796141573291,11:19:56.141,23.8900,100
40796141573291,11:19:56.141,23.8900,100
40796141603137,11:19:56.141,23.8900,1
40798156557241,11:19:58.156,23.8900,99
40801424094686,11:20:01.424,23.8900,100
40801919234950,11:20:01.919,23.8950,100
40801933830828,11:20:01.933,23.9000,100
40801933830828,11:20:01.933,23.9000,100
40801933871827,11:20:01.933,23.9000,200
40844466744371,11:20:44.466,23.9100,100
40862883011636,11:21:02.883,23.9200,300
40880496099141,11:21:20.496,23.9200,67
40880496116584,11:21:20.496,23.9200,33
40897048767684,11:21:37.048,23.9200,100
40931245299912,11:22:11.245,23.9300,46
40931245328913,11:22:11.245,23.9300,54
40931245328913,11:22:11.245,23.9300,34
40979426031166,11:22:59.426,23.9300,189
40979426031166,11:22:59.426,23.9300,11
40979426081037,11:22:59.426,23.9300,89
40979908128285,11:22:59.908,23.9250,100
40989619253120,11:23:09.619,23.9300,100
41013611816886,11:23:33.611,23.9200,100
41013611816886,11:23:33.611,23.9200,145
41013611816886,11:23:33.611,23.9200,100
41013611816886,11:23:33.611,23.9200,100
41013622025842,11:23:33.622,23.9200,99
41013622095721,11:23:33.622,23.9200,1
41013708738165,11:23:33.708,23.9200,300
41013708738165,11:23:33.708,23.9200,100
41013708738165,11:23:33.708,23.9200,100
41013708738165,11:23:33.708,23.9200,100
41013708738165,11:23:33.708,23.9200,100
41013708738165,11:23:33.708,23.9200,100
41013708738165,11:23:33.708,23.9100,53
41013708738165,11:23:33.708,23.9100,200
41013708738165,11:23:33.708,23.9100,100
41013708738165,11:23:33.708,23.9100,100
41013708738165,11:23:33.708,23.9100,100
41013708738165,11:23:33.708,23.9100,100
41013708738165,11:23:33.708,23.9100,1100
41013708738165,11:23:33.708,23.9100,100
41013708738165,11:23:33.708,23.9100,99
41013708738165,11:23:33.708,23.9100,1
41013708738165,11:23:33.708,23.9100,100
41013714969001,11:23:33.714,23.9000,300
41013714969001,11:23:33.714,23.9000,100
41013714969001,11:23:33.714,23.9000,100
41013714969001,11:23:33.714,23.9000,100
41013715076991,11:23:33.715,23.9000,100
41013715076991,11:23:33.715,23.9000,100
41013715423267,11:23:33.715,23.9000,100
41013715445864,11:23:33.715,23.9100,100
41013715445864,11:23:33.715,23.9100,100
41013715445864,11:23:33.715,23.9100,100
41013715445864,11:23:33.715,23.9100,100
41013715445864,11:23:33.715,23.9100,100
41013715448993,11:23:33.715,23.9000,100
41013715448993,11:23:33.715,23.9000,100
41013715448993,11:23:33.715,23.9000,100
41013715477200,11:23:33.715,23.9100,45
41013715479089,11:23:33.715,23.9100,55
41013715479089,11:23:33.715,23.9100,45
41013715668878,11:23:33.715,23.9100,100
41013715668878,11:23:33.715,23.9100,100
41013715668878,11:23:33.715,23.9100,100
41013715720972,11:23:33.715,23.9100,100
41013722020653,11:23:33.722,23.9100,100
41014158279700,11:23:34.158,23.9100,39
41014992818953,11:23:34.992,23.9200,200
41014992818953,11:23:34.992,23.9200,100
41014992818953,11:23:34.992,23.9200,100
41014992818953,11:23:34.992,23.9200,100
41014992818953,11:23:34.992,23.9200,100
41015555572557,11:23:35.555,23.9200,100
41018749033194,11:23:38.749,23.9200,100
41018749033194,11:23:38.749,23.9200,100
41018749033194,11:23:38.749,23.9200,100
41018749033194,11:23:38.749,23.9100,2061
41018749033194,11:23:38.749,23.9100,100
41018749033194,11:23:38.749,23.9100,100
41018749033194,11:23:38.749,23.9100,100
41018749033194,11:23:38.749,23.9100,100
41018749033194,11:23:38.749,23.9100,4
41018757598710,11:23:38.757,23.9100,100
41023761223722,11:23:43.761,23.9200,100
41023761223722,11:23:43.761,23.9200,100
41023761223722,11:23:43.761,23.9100,100
41023761223722,11:23:43.761,23.9100,100
41023761223722,11:23:43.761,23.9100,100
41023761223722,11:23:43.761,23.9100,100
41023761223722,11:23:43.761,23.9100,100
41023761223722,11:23:43.761,23.9100,100
41023761223722,11:23:43.761,23.9100,100
41023761223722,11:23:43.761,23.9100,100
41023761434500,11:23:43.761,23.9100,100
41023765947078,11:23:43.765,23.9000,5
41029009463468,11:23:49.009,23.9000,100
41029009463468,11:23:49.009,23.9000,100
41036189094362,11:23:56.189,23.9000,100
41036190892511,11:23:56.190,23.9000,100
41036190892511,11:23:56.190,23.9000,43
41040738320676,11:24:00.738,23.9000,200
41040738320676,11:24:00.738,23.9000,41
41040738320676,11:24:00.738,23.9000,59
41040740430697,11:24:00.740,23.9000,100
41040740430697,11:24:00.740,23.9000,100
41040761863786,11:24:00.761,23.9000,100
41040761863786,11:24:00.761,23.9000,44
41040761863786,11:24:00.761,23.9000,100
41040761863786,11:24:00.761,23.9000,100
41040761863786,11:24:00.761,23.9000,100
41040761863786,11:24:00.761,23.9000,229
41075960260265,11:24:35.960,23.9000,34
41103270137917,11:25:03.270,23.8900,2
41103270163876,11:25:03.270,23.8900,98
41119049183917,11:25:19.049,23.8800,100
41130814471120,11:25:30.814,23.8700,100
41130814471120,11:25:30.814,23.8700,100
41130827405225,11:25:30.827,23.8600,100
41130830398287,11:25:30.830,23.8500,100
41130839055916,11:25:30.839,23.8500,99
41130839085719,11:25:30.839,23.8500,1
41130839085719,11:25:30.839,23.8500,1
41133953528931,11:25:33.953,23.8500,100
41133953528931,11:25:33.953,23.8500,100
41135775941242,11:25:35.775,23.8400,99
41135775941242,11:25:35.775,23.8400,1
41140924012944,11:25:40.924,23.8400,100
41141440243925,11:25:41.440,23.8450,100
41141440243925,11:25:41.440,23.8500,100
41151793795724,11:25:51.793,23.8400,100
41153076147652,11:25:53.076,23.8200,100
41153076147652,11:25:53.076,23.8200,100
41153076515175,11:25:53.076,23.8200,100
41153076515175,11:25:53.076,23.8200,100
41153665936605,11:25:53.665,23.8200,33
41155524404233,11:25:55.524,23.8300,100
41155524404233,11:25:55.524,23.8300,100
41155524404233,11:25:55.524,23.8300,100
41155524404233,11:25:55.524,23.8300,100
41155524404233,11:25:55.524,23.8300,100
41156073933033,11:25:56.073,23.8400,100
41156073933033,11:25:56.073,23.8400,100
41170555501655,11:26:10.555,23.8500,17
41192237628718,11:26:32.237,23.8500,83
41219581532580,11:26:59.581,23.8500,100
41263280081285,11:27:43.280,23.8400,37
41263280081285,11:27:43.280,23.8400,100
41263280081285,11:27:43.280,23.8400,63
41313269068555,11:28:33.269,23.8500,100
41313269068555,11:28:33.269,23.8500,100
41313783501470,11:28:33.783,23.8500,100
41331656777172,11:28:51.656,23.8500,200
41397367974995,11:29:57.367,23.8500,88
41397368010751,11:29:57.368,23.8500,12
41415249957705,11:30:15.249,23.8600,23
41421132527820,11:30:21.132,23.8700,100
41433150026611,11:30:33.150,23.8800,100
41433150026611,11:30:33.150,23.8800,100
41438612190066,11:30:38.612,23.8800,45
41438612230680,11:30:38.612,23.8800,155
41438612230680,11:30:38.612,23.8800,77
41438612230680,11:30:38.612,23.8800,37
41509252193394,11:31:49.252,23.8800,100
41509252220396,11:31:49.252,23.8800,200
41515207499376,11:31:55.207,23.8900,100
41535289461830,11:32:15.289,23.8900,35
41547051136884,11:32:27.051,23.8800,155
41547051218749,11:32:27.051,23.8800,100
41547051582901,11:32:27.051,23.8700,100
41547051595213,11:32:27.051,23.8700,100
41547051702176,11:32:27.051,23.8700,100
41547052476568,11:32:27.052,23.8700,100
41547052501608,11:32:27.052,23.8700,100
41547055000186,11:32:27.055,23.8700,100
41648120847025,11:34:08.120,23.8700,100
41648120847025,11:34:08.120,23.8700,100
41648120847025,11:34:08.120,23.8700,100
41648120847025,11:34:08.120,23.8700,100
41672993369783,11:34:32.993,23.8900,100
41720052376048,11:35:20.052,23.8800,4
41723398154806,11:35:23.398,23.8800,196
41723398154806,11:35:23.398,23.8800,100
41751214128988,11:35:51.214,23.8700,9
41751214128988,11:35:51.214,23.8700,91
41797390204580,11:36:37.390,23.8600,100
41797390231906,11:36:37.390,23.8600,37
41807600570140,11:36:47.600,23.8600,100
41899854409453,11:38:19.854,23.8500,76
41903150689850,11:38:23.150,23.8500,124
41903150689850,11:38:23.150,23.8500,13
41903150689850,11:38:23.150,23.8500,38
41948661473998,11:39:08.661,23.8400,100
41966900321348,11:39:26.900,23.8400,100
41966900321348,11:39:26.900,23.8400,100
41966911424802,11:39:26.911,23.8500,100
41966911424802,11:39:26.911,23.8500,100
41972619377221,11:39:32.619,23.8600,100
42003625973991,11:40:03.625,23.8700,100
42050030765621,11:40:50.030,23.8700,100
42091115331522,11:41:31.115,23.8700,200
42094650609930,11:41:34.650,23.8650,100
42094650609930,11:41:34.650,23.8700,100
42094650624153,11:41:34.650,23.8700,100
42094671530709,11:41:34.671,23.8800,100
42103189045283,11:41:43.189,23.8900,100
42119375219489,11:41:59.375,23.9000,400
42119375219489,11:41:59.375,23.9000,100
42119376417872,11:41:59.376,23.9000,100
42119376417872,11:41:59.376,23.9000,100
42138523176791,11:42:18.523,23.9000,100
42138523176791,11:42:18.523,23.9000,37
42138528305441,11:42:18.528,23.8900,11
42147885552803,11:42:27.885,23.8800,20
42150022571909,11:42:30.022,23.8800,100
42150022571909,11:42:30.022,23.8800,100
42150030885927,11:42:30.030,23.8700,1
42165502769220,11:42:45.502,23.8800,100
42186619064417,11:43:06.619,23.8900,100
42221418218039,11:43:41.418,23.8900,100
42221421721623,11:43:41.421,23.8900,100
42221425476744,11:43:41.425,23.8900,100
42221429068510,11:43:41.429,23.8900,100
42226889409667,11:43:46.889,23.8900,100
42331619083068,11:45:31.619,23.8900,100
42331619110617,11:45:31.619,23.8900,100
42331673840263,11:45:31.673,23.8900,11
42357768517837,11:45:57.768,23.8900,200
42357768517837,11:45:57.768,23.8900,100
42391123380902,11:46:31.123,23.8800,16
42420192173773,11:47:00.192,23.8900,1
42438817168244,11:47:18.817,23.8900,100
42518196721570,11:48:38.196,23.8800,15
42518196758336,11:48:38.196,23.8800,669
42518196758336,11:48:38.196,23.8800,40
42518196845718,11:48:38.196,23.8800,12
42518196845718,11:48:38.196,23.8800,88
42590982634593,11:49:50.982,23.8700,11
42590982634593,11:49:50.982,23.8700,89
42624846152094,11:50:24.846,23.8600,27
42624846190810,11:50:24.846,23.8600,13
42624846190810,11:50:24.846,23.8600,4
42826131195664,11:53:46.131,23.8400,41
42826131195664,11:53:46.131,23.8400,22
42826131216080,11:53:46.131,23.8400,78
42826131216080,11:53:46.131,23.8400,7
42831061365382,11:53:51.061,23.8350,100
42868065278577,11:54:28.065,23.8300,100
42868065499639,11:54:28.065,23.8300,41
42871340133179,11:54:31.340,23.8200,100
42871340350503,11:54:31.340,23.8200,100
42878919303431,11:54:38.919,23.8100,100
42880047495447,11:54:40.047,23.8100,15
42905549202335,11:55:05.549,23.8050,100
42905549202335,11:55:05.549,23.8100,100
42905549202335,11:55:05.549,23.8100,132
42905549290492,11:55:05.549,23.8100,27
42905549364362,11:55:05.549,23.8100,41
42905549364362,11:55:05.549,23.8100,32
42905550304605,11:55:05.550,23.8200,100
42905550304605,11:55:05.550,23.8200,100
42905550304605,11:55:05.550,23.8200,100
42905550304605,11:55:05.550,23.8200,45
42905559322115,11:55:05.559,23.8100,1
42911413513480,11:55:11.413,23.8100,79
42911413543907,11:55:11.413,23.8100,21
42943001268605,11:55:43.001,23.8050,100
42972594721154,11:56:12.594,23.8000,100
42972594721154,11:56:12.594,23.8000,41
42972594721154,11:56:12.594,23.8000,200
42972594721154,11:56:12.594,23.8000,70
42972617193741,11:56:12.617,23.7900,100
42972617193741,11:56:12.617,23.7900,90
42972617193741,11:56:12.617,23.7900,100
42972640661443,11:56:12.640,23.7800,31
42972715308295,11:56:12.715,23.7850,100
42972715308295,11:56:12.715,23.7850,100
42972715308295,11:56:12.715,23.7900,100
42972715308295,11:56:12.715,23.7900,13
42990262852868,11:56:30.262,23.7900,100
42990262852868,11:56:30.262,23.7900,100
43043153093155,11:57:23.153,23.7800,100
43044777342355,11:57:24.777,23.7750,100
43090782611223,11:58:10.782,23.7750,100
43090782611223,11:58:10.782,23.7750,100
43090782611223,11:58:10.782,23.7800,100
43090782611223,11:58:10.782,23.7800,100
43090782767812,11:58:10.782,23.7800,100
43090783222350,11:58:10.783,23.7800,100
43090783222350,11:58:10.783,23.7800,100
43091303821964,11:58:11.303,23.7900,100
43091449239519,11:58:11.449,23.7900,100
43091449328426,11:58:11.449,23.7900,100
43133673742706,11:58:53.673,23.8100,100
43134174335484,11:58:54.174,23.8200,100
43134174360052,11:58:54.174,23.8200,100
43134190972352,11:58:54.190,23.8300,100
43160214986551,11:59:20.214,23.8400,200
43216273611265,12:00:16.273,23.8500,97
43216273622995,12:00:16.273,23.8500,3
43216273622995,12:00:16.273,23.8500,100
43216292427060,12:00:16.292,23.8700,100
43216292427060,12:00:16.292,23.8700,100
43245021672705,12:00:45.021,23.8600,100
43245021672705,12:00:45.021,23.8600,200
43263187167598,12:01:03.187,23.8500,40
43356758301944,12:02:36.758,23.8400,100
43356758301944,12:02:36.758,23.8400,7
43356758341915,12:02:36.758,23.8400,93
43376276818912,12:02:56.276,23.8500,3
43398647254547,12:03:18.647,23.8600,1
43428576079074,12:03:48.576,23.8600,100
43458513015741,12:04:18.513,23.8700,13
43458513041107,12:04:18.513,23.8700,87
43460619758678,12:04:20.619,23.8800,100
43484825633740,12:04:44.825,23.8600,4
43500518293756,12:05:00.518,23.8550,6
43509769610150,12:05:09.769,23.8500,100
43509769610150,12:05:09.769,23.8500,100
43509769610150,12:05:09.769,23.8500,40
43560237835508,12:06:00.237,23.8400,4
43560237835508,12:06:00.237,23.8400,100
43560237835508,12:06:00.237,23.8400,100
43564088813903,12:06:04.088,23.8400,100
43564088813903,12:06:04.088,23.8400,100
43577856678443,12:06:17.856,23.8500,100
43577856678443,12:06:17.856,23.8500,100
43577856678443,12:06:17.856,23.8500,100
43577856678443,12:06:17.856,23.8500,100
43577856678443,12:06:17.856,23.8500,100
43581274320631,12:06:21.274,23.8600,33
43581274362882,12:06:21.274,23.8600,267
43581274362882,12:06:21.274,23.8600,100
43581274362882,12:06:21.274,23.8600,100
43582639778429,12:06:22.639,23.8700,200
43582640911959,12:06:22.640,23.8700,100
43582640911959,12:06:22.640,23.8700,9
43582640911959,12:06:22.640,23.8700,100
43582640911959,12:06:22.640,23.8700,200
43582640911959,12:06:22.640,23.8700,100
43582640911959,12:06:22.640,23.8700,100
43582659619683,12:06:22.659,23.8700,200
43582659619683,12:06:22.659,23.8700,100
43582670796017,12:06:22.670,23.8700,46
43583663150540,12:06:23.663,23.8700,3
43583663175531,12:06:23.663,23.8700,97
43605534417518,12:06:45.534,23.8900,100
43614689030271,12:06:54.689,23.9000,100
43616875901106,12:06:56.875,23.8900,40
43630887164189,12:07:10.887,23.8900,36
43677715116512,12:07:57.715,23.8900,5
43677715116512,12:07:57.715,23.8900,3
43677715116512,12:07:57.715,23.8900,100
43677969972053,12:07:57.969,23.8800,200
43688456123460,12:08:08.456,23.8800,100
43743395727613,12:09:03.395,23.9000,100
43743395772115,12:09:03.395,23.9000,100
43745968633937,12:09:05.968,23.9100,100
43774499712759,12:09:34.499,23.9100,100
43783073895049,12:09:43.073,23.9000,39
43798611789447,12:09:58.611,23.8950,5
43802387946100,12:10:02.387,23.9000,100
43809899927518,12:10:09.899,23.9000,100
43843622084568,12:10:43.622,23.9100,100
43843622432657,12:10:43.622,23.9100,100
43876618576862,12:11:16.618,23.9200,100
43916618581526,12:11:56.618,23.9300,100
43917820337847,12:11:57.820,23.9400,100
43921291589330,12:12:01.291,23.9450,22
43934282787717,12:12:14.282,23.9400,37
43934282787717,12:12:14.282,23.9400,41
44042501579161,12:14:02.501,23.9200,100
44042502080107,12:14:02.502,23.9200,100
44042502080107,12:14:02.502,23.9200,100
44042502080107,12:14:02.502,23.9200,100
44060778847269,12:14:20.778,23.9300,200
44082407112223,12:14:42.407,23.9350,13
44120619347355,12:15:20.619,23.9300,100
44126295621067,12:15:26.295,23.9300,50
44126295621067,12:15:26.295,23.9300,100
44136822800073,12:15:36.822,23.9300,6
44156318894550,12:15:56.318,23.9200,37
44156318894550,12:15:56.318,23.9200,100
44156318894550,12:15:56.318,23.9200,63
44173501971546,12:16:13.501,23.9300,100
44173501971546,12:16:13.501,23.9300,8
44174032030258,12:16:14.032,23.9350,100
44190622276412,12:16:30.622,23.9400,100
44199104061648,12:16:39.104,23.9400,100
44202960562702,12:16:42.960,23.9400,200
44233064834479,12:17:13.064,23.9400,100
44233064834479,12:17:13.064,23.9400,38
44282059752505,12:18:02.059,23.9400,100
44301825682080,12:18:21.825,23.9500,100
44336339134647,12:18:56.339,23.9600,100
44379113363536,12:19:39.113,23.9550,100
44379113363536,12:19:39.113,23.9550,100
44379113363536,12:19:39.113,23.9600,100
44379113363536,12:19:39.113,23.9600,100
44379113508152,12:19:39.113,23.9600,100
44380440157606,12:19:40.440,23.9600,4
44395180718557,12:19:55.180,23.9400,38
44417764790739,12:20:17.764,23.9400,100
44456874189979,12:20:56.874,23.9700,100
44456874189979,12:20:56.874,23.9700,100
44457337816593,12:20:57.337,23.9700,100
44457337847520,12:20:57.337,23.9700,100
44457337847520,12:20:57.337,23.9700,100
44466975867521,12:21:06.975,23.9700,38
44481423778772,12:21:21.423,23.9600,100
44481447083240,12:21:21.447,23.9500,300
44481447083240,12:21:21.447,23.9500,100
44481447083240,12:21:21.447,23.9500,100
44481447083240,12:21:21.447,23.9500,100
44481447083240,12:21:21.447,23.9500,100
44481447083240,12:21:21.447,23.9500,300
44481447083240,12:21:21.447,23.9500,100
44481926049390,12:21:21.926,23.9500,100
44481926049390,12:21:21.926,23.9500,100
44539213439237,12:22:19.213,23.9500,171
44539646806843,12:22:19.646,23.9600,100
44539646806843,12:22:19.646,23.9600,100
44552939249825,12:22:32.939,23.9700,2
44552939277305,12:22:32.939,23.9700,98
44552939277305,12:22:32.939,23.9700,100
44577347183989,12:22:57.347,23.9700,100
44636381859904,12:23:56.381,23.9500,38
44636381859904,12:23:56.381,23.9500,1
44636494847930,12:23:56.494,23.9450,100
44636521512054,12:23:56.521,23.9450,100
44659459392031,12:24:19.459,23.9450,25
44659459401316,12:24:19.459,23.9450,75
44659459401316,12:24:19.459,23.9500,25
44659459423765,12:24:19.459,23.9500,75
44673989457963,12:24:33.989,23.9500,100
44673989485579,12:24:33.989,23.9500,100
44673989485579,12:24:33.989,23.9500,8
44689078392563,12:24:49.078,23.9500,19
44689078392563,12:24:49.078,23.9500,100
44756314165317,12:25:56.314,23.9500,23
44756314165317,12:25:56.314,23.9500,300
44855216071674,12:27:35.216,23.9500,36
44855216071674,12:27:35.216,23.9500,100
44855223269933,12:27:35.223,23.9400,5
44876383795785,12:27:56.383,23.9300,100
44983672286778,12:29:43.672,23.9300,67
44983672286778,12:29:43.672,23.9300,88
44984512970752,12:29:44.512,23.9300,12
44984512970752,12:29:44.512,23.9300,88
44984513133648,12:29:44.513,23.9300,12
44984513133648,12:29:44.513,23.9300,100
44984513133648,12:29:44.513,23.9300,100
45012523906132,12:30:12.523,23.9400,12
45122080059711,12:32:02.080,23.9400,100
45126073983789,12:32:06.073,23.9200,5
45126073983789,12:32:06.073,23.9200,37
45127145440664,12:32:07.145,23.9200,100
45134125991335,12:32:14.125,23.9100,100
45134126825769,12:32:14.126,23.9100,100
45140785042363,12:32:20.785,23.9200,100
45140785042363,12:32:20.785,23.9200,100
45140785042363,12:32:20.785,23.9200,1
45201872425157,12:33:21.872,23.9100,100
45201872851814,12:33:21.872,23.9100,5
45291623143121,12:34:51.623,23.9050,100
45291632029133,12:34:51.632,23.9000,200
45291632029133,12:34:51.632,23.9000,28
45291632276395,12:34:51.632,23.9000,11
45291632276395,12:34:51.632,23.9000,44
45291632342265,12:34:51.632,23.9000,56
45291632342265,12:34:51.632,23.9000,300
45311220301544,12:35:11.220,23.8800,100
45311220301544,12:35:11.220,23.8800,100
45312709715147,12:35:12.709,23.8800,100
45316384897423,12:35:16.384,23.8700,2
45350511608964,12:35:50.511,23.8600,100
45350511608964,12:35:50.511,23.8600,100
45350511608964,12:35:50.511,23.8600,100
45350512020222,12:35:50.512,23.8600,100
45352135849208,12:35:52.135,23.8500,100
45354511648399,12:35:54.511,23.8450,200
45356372580356,12:35:56.372,23.8500,100
45356372580356,12:35:56.372,23.8500,100
45356380430644,12:35:56.380,23.8600,100
45356380430644,12:35:56.380,23.8600,100
45356386175693,12:35:56.386,23.8600,1
45374461311341,12:36:14.461,23.8600,39
45380624917415,12:36:20.624,23.8600,100
45382637487041,12:36:22.637,23.8700,100
45420017558435,12:37:00.017,23.8900,100
45440624393355,12:37:20.624,23.9000,1
45539124712064,12:38:59.124,23.8900,37
45539124712064,12:38:59.124,23.8900,100
45539124712064,12:38:59.124,23.8900,100
45539124712064,12:38:59.124,23.8900,5
45539126164477,12:38:59.126,23.9000,100
45539126164477,12:38:59.126,23.9000,100
45539126164477,12:38:59.126,23.9000,100
45539126164477,12:38:59.126,23.9000,100
45539126164477,12:38:59.126,23.9000,100
45539126164477,12:38:59.126,23.9000,100
45539131178518,12:38:59.131,23.9000,100
45539473353222,12:38:59.473,23.9000,100
45539473353222,12:38:59.473,23.9000,100
45539473353222,12:38:59.473,23.9000,100
45541430164229,12:39:01.430,23.8950,100
45541430164229,12:39:01.430,23.8950,100
45541430164229,12:39:01.430,23.9000,100
45541430164229,12:39:01.430,23.9000,100
45541430814985,12:39:01.430,23.9000,100
45541430814985,12:39:01.430,23.9000,93
45541430814985,12:39:01.430,23.9000,100
45541431592845,12:39:01.431,23.9000,100
45541431592845,12:39:01.431,23.9000,100
45543396537571,12:39:03.396,23.9000,100
45543396537571,12:39:03.396,23.9000,100
45544737788089,12:39:04.737,23.9050,100
45544737788089,12:39:04.737,23.9050,100
45544737788089,12:39:04.737,23.9050,400
45546830074774,12:39:06.830,23.9100,100
45546830074774,12:39:06.830,23.9100,100
45546830074774,12:39:06.830,23.9100,100
45546830074774,12:39:06.830,23.9100,100
45547378639411,12:39:07.378,23.9200,100
45547378639411,12:39:07.378,23.9200,100
45547378667686,12:39:07.378,23.9200,100
45548774273783,12:39:08.774,23.9300,100
45548774273783,12:39:08.774,23.9300,100
45548776443560,12:39:08.776,23.9400,100
45548776443560,12:39:08.776,23.9400,100
45548778227948,12:39:08.778,23.9400,100
45548778227948,12:39:08.778,23.9400,100
45548778227948,12:39:08.778,23.9400,100
45548780010914,12:39:08.780,23.9400,200
45548780010914,12:39:08.780,23.9400,100
45548780010914,12:39:08.780,23.9400,10
45548780010914,12:39:08.780,23.9400,100
45548780010914,12:39:08.780,23.9400,100
45548780010914,12:39:08.780,23.9400,90
45548782214621,12:39:08.782,23.9400,100
45548782214621,12:39:08.782,23.9400,10
45549320685919,12:39:09.320,23.9450,100
45549320685919,12:39:09.320,23.9450,100
45550872254830,12:39:10.872,23.9500,100
45550872254830,12:39:10.872,23.9500,100
45554191498777,12:39:14.191,23.9500,38
45554192684747,12:39:14.192,23.9400,100
45554192684747,12:39:14.192,23.9400,300
45554193095044,12:39:14.193,23.9400,300
45556286060767,12:39:16.286,23.9200,200
45556286060767,12:39:16.286,23.9200,100
45556286099416,12:39:16.286,23.9200,300
45556286801301,12:39:16.286,23.9200,200
45556286801301,12:39:16.286,23.9200,200
45556300904495,12:39:16.300,23.9100,100
45557284917189,12:39:17.284,23.9100,200
45571532103965,12:39:31.532,23.9100,200
45571532103965,12:39:31.532,23.9100,100
45571532103965,12:39:31.532,23.9100,200
45571532103965,12:39:31.532,23.9100,100
45571532103965,12:39:31.532,23.9100,100
45571532103965,12:39:31.532,23.9100,10
45571532103965,12:39:31.532,23.9100,100
45571532103965,12:39:31.532,23.9100,100
45596618235245,12:39:56.618,23.9100,100
45596618235245,12:39:56.618,23.9100,100
45618665914962,12:40:18.665,23.9000,25
45618665941480,12:40:18.665,23.9000,11
45618665941480,12:40:18.665,23.9000,1
45708576382130,12:41:48.576,23.8800,1
45708576382130,12:41:48.576,23.8800,60
45708576476245,12:41:48.576,23.8800,40
45719173007234,12:41:59.173,23.8550,100
45724992050398,12:42:04.992,23.8500,300
45724992050398,12:42:04.992,23.8500,37
45736346058443,12:42:16.346,23.8500,100
45736346058443,12:42:16.346,23.8500,5
45775007056635,12:42:55.007,23.8550,289
45775007240449,12:42:55.007,23.8550,111
45775007240449,12:42:55.007,23.8550,11
45775007309358,12:42:55.007,23.8550,89
45775007309358,12:42:55.007,23.8550,100
45775007309358,12:42:55.007,23.8600,100
45775008423984,12:42:55.008,23.8600,89
45775008423984,12:42:55.008,23.8600,100
45830000919145,12:43:50.000,23.8600,100
45879266936322,12:44:39.266,23.8600,5
45901392251441,12:45:01.392,23.8700,100
45910594808408,12:45:10.594,23.8800,100
45916180250935,12:45:16.180,23.8800,75
45916180299335,12:45:16.180,23.8800,25
45916180299335,12:45:16.180,23.8800,37
45993728577183,12:46:33.728,23.8800,400
45993728577183,12:46:33.728,23.8800,37
46045790925021,12:47:25.790,23.8700,100
46045790925021,12:47:25.790,23.8700,100
46045790925021,12:47:25.790,23.8700,100
46045790925021,12:47:25.790,23.8700,100
46045791920176,12:47:25.791,23.8800,100
46045791920176,12:47:25.791,23.8800,100
46117638094815,12:48:37.638,23.8700,162
46117638094815,12:48:37.638,23.8700,38
46138748428530,12:48:58.748,23.8600,37
46138748428530,12:48:58.748,23.8600,200
46178393572646,12:49:38.393,23.8550,100
46178878045526,12:49:38.878,23.8550,100
46184219795169,12:49:44.219,23.8550,100
46200451249877,12:50:00.451,23.8500,100
46200902725237,12:50:00.902,23.8500,100
46246841583383,12:50:46.841,23.8500,9
46246841583383,12:50:46.841,23.8500,33
46246841610012,12:50:46.841,23.8500,4
46248076032280,12:50:48.076,23.8550,100
46335559124620,12:52:15.559,23.8600,100
46357568508487,12:52:37.568,23.8700,100
46369134520018,12:52:49.134,23.8700,100
46369134520018,12:52:49.134,23.8700,36
46369294487288,12:52:49.294,23.8600,2000
46380874802467,12:53:00.874,23.8500,100
46380875300796,12:53:00.875,23.8500,100
46380875300796,12:53:00.875,23.8500,100
46425265702938,12:53:45.265,23.8500,100
46425265732180,12:53:45.265,23.8500,79
46425265732180,12:53:45.265,23.8500,100
46470990759496,12:54:30.990,23.8400,100
46470990759496,12:54:30.990,23.8400,37
46472042077686,12:54:32.042,23.8300,100
46472042077686,12:54:32.042,23.8300,100
46506682832361,12:55:06.682,23.8250,100
46506682832361,12:55:06.682,23.8250,100
46506682832361,12:55:06.682,23.8300,100
46506682832361,12:55:06.682,23.8300,100
46514093422967,12:55:14.093,23.8400,100
46537624576932,12:55:37.624,23.8200,100
46603623722778,12:56:43.623,23.8300,64
46622080731200,12:57:02.080,23.8300,100
46669396517284,12:57:49.396,23.8200,38
46669405024877,12:57:49.405,23.8200,9
46669405024877,12:57:49.405,23.8200,100
46791700030800,12:59:51.700,23.8300,100
46859851334230,13:00:59.851,23.8300,37
46861204053491,13:01:01.204,23.8300,100
46946383318623,13:02:26.383,23.8000,39
46967759772542,13:02:47.759,23.8000,100
46999515581492,13:03:19.515,23.8000,100
46999515581492,13:03:19.515,23.8000,100
46999515581492,13:03:19.515,23.8000,100
47025294241598,13:03:45.294,23.8000,100
47063475851824,13:04:23.475,23.8000,100
47097920920596,13:04:57.920,23.8000,100
47112788067931,13:05:12.788,23.7900,40
47113122166173,13:05:13.122,23.7800,100
47114350702035,13:05:14.350,23.7700,100
47118594084968,13:05:18.594,23.7800,40
47118594121296,13:05:18.594,23.7800,60
47120463164935,13:05:20.463,23.7850,8
47135326581362,13:05:35.326,23.7900,200
47135326581362,13:05:35.326,23.7900,100
47153351939744,13:05:53.351,23.8000,100
47153352388736,13:05:53.352,23.8000,100
47153352388736,13:05:53.352,23.8000,100
47210089366108,13:06:50.089,23.8050,100
47210089366108,13:06:50.089,23.8050,100
47210100915469,13:06:50.100,23.8100,100
47210100915469,13:06:50.100,23.8100,100
47210100915469,13:06:50.100,23.8100,100
47210100915469,13:06:50.100,23.8100,100
47210100915469,13:06:50.100,23.8100,100
47210100915469,13:06:50.100,23.8100,100
47397718217933,13:09:57.718,23.8400,100
47397787272764,13:09:57.787,23.8300,100
47400609841317,13:10:00.609,23.8350,6
47454871396272,13:10:54.871,23.8400,100
47454871396272,13:10:54.871,23.8400,100
47454876006659,13:10:54.876,23.8400,100
47521639100706,13:12:01.639,23.8500,100
47585606365206,13:13:05.606,23.8500,197
47585606419306,13:13:05.606,23.8500,103
47585606419306,13:13:05.606,23.8500,38
47585610858986,13:13:05.610,23.8400,85
47678455696891,13:14:38.455,23.8400,13
47683062950377,13:14:43.062,23.8400,38
47700449824879,13:15:00.449,23.8400,6
47739433013888,13:15:39.433,23.8400,100
47797151103586,13:16:37.151,23.8600,100
47797151103586,13:16:37.151,23.8600,100
47803877897226,13:16:43.877,23.8600,100
47842547556896,13:17:22.547,23.8600,100
47878700417628,13:17:58.700,23.8500,5
47878936722761,13:17:58.936,23.8500,128
47889527129083,13:18:09.527,23.8500,38
47900325009195,13:18:20.325,23.8450,100
47904347401911,13:18:24.347,23.8500,62
47904347401911,13:18:24.347,23.8500,38
47904347431969,13:18:24.347,23.8500,62
47919529174292,13:18:39.529,23.8550,100
47919529738597,13:18:39.529,23.8550,100
48008504691916,13:20:08.504,23.8500,100
48008504691916,13:20:08.504,23.8500,100
48010042950923,13:20:10.042,23.8500,100
48018822485165,13:20:18.822,23.8400,5
48018822485165,13:20:18.822,23.8400,95
48018822784543,13:20:18.822,23.8400,5
48026158768456,13:20:26.158,23.8400,50
48045831437950,13:20:45.831,23.8300,100
48045831437950,13:20:45.831,23.8300,39
48065824772108,13:21:05.824,23.8300,100
48086633993422,13:21:26.633,23.8200,25
48086634332826,13:21:26.634,23.8100,75
48086634377624,13:21:26.634,23.8100,25
48086634377624,13:21:26.634,23.8100,75
48151874895502,13:22:31.874,23.8000,41
48161557054593,13:22:41.557,23.8000,100
48161561425814,13:22:41.561,23.8100,100
48161561425814,13:22:41.561,23.8100,100
48161561425814,13:22:41.561,23.8100,100
48243191129897,13:24:03.191,23.8100,100
48243191129897,13:24:03.191,23.8100,46
48304864247748,13:25:04.864,23.8100,41
48379744267981,13:26:19.744,23.8100,4
48389918939066,13:26:29.918,23.8100,100
48394231731216,13:26:34.231,23.8100,88
48450716740587,13:27:30.716,23.8100,96
48450716827118,13:27:30.716,23.8100,4
48450818372451,13:27:30.818,23.8100,7
48488693831297,13:28:08.693,23.8100,100
48595248401066,13:29:55.248,23.8100,21
48600211662904,13:30:00.211,23.8050,6
48614010893896,13:30:14.010,23.8100,100
48614010893896,13:30:14.010,23.8100,100
48639830569433,13:30:39.830,23.8200,100
48639830601893,13:30:39.830,23.8200,200
48639830601893,13:30:39.830,23.8200,100
48639830601893,13:30:39.830,23.8200,57
48695551308725,13:31:35.551,23.8300,100
48714097260769,13:31:54.097,23.8300,100
48797993898396,13:33:17.993,23.8200,39
48797993898396,13:33:17.993,23.8200,17
48823134330163,13:33:43.134,23.8100,100
48839587109792,13:33:59.587,23.8000,100
48839587109792,13:33:59.587,23.8000,100
48839587109792,13:33:59.587,23.8000,100
48867944158868,13:34:27.944,23.8000,100
48867944158868,13:34:27.944,23.8000,100
48867944158868,13:34:27.944,23.8000,100
48867944158868,13:34:27.944,23.8000,100
48924963682491,13:35:24.963,23.8000,19
48924963682491,13:35:24.963,23.8000,3
48936724074832,13:35:36.724,23.8000,100
48990904010956,13:36:30.904,23.8050,100
48990904012313,13:36:30.904,23.8050,100
48993004797570,13:36:33.004,23.8050,45
48993004804979,13:36:33.004,23.8050,55
48993004804979,13:36:33.004,23.8050,100
48993004804979,13:36:33.004,23.8100,45
48993004878398,13:36:33.004,23.8100,55
48993007216633,13:36:33.007,23.8200,1
49022184025018,13:37:02.184,23.8200,100
49022184025018,13:37:02.184,23.8200,100
49022184528661,13:37:02.184,23.8200,100
49022184528661,13:37:02.184,23.8200,300
49022337164937,13:37:02.337,23.8300,100
49022337164937,13:37:02.337,23.8300,100
49022337164937,13:37:02.337,23.8300,100
49081294760966,13:38:01.294,23.8250,40
49141263685674,13:39:01.263,23.8200,100
49141263685674,13:39:01.263,23.8200,100
49141263760671,13:39:01.263,23.8200,38
49164359917968,13:39:24.359,23.8100,100
49167959625359,13:39:27.959,23.8200,100
49210499198591,13:40:10.499,23.8200,100
49210499198591,13:40:10.499,23.8200,100
49210499198591,13:40:10.499,23.8200,100
49210499198591,13:40:10.499,23.8200,100
49213439007827,13:40:13.439,23.8300,100
49223055160801,13:40:23.055,23.8400,21
49223055189244,13:40:23.055,23.8400,77
49223055495965,13:40:23.055,23.8400,2
49239801702141,13:40:39.801,23.8400,38
49265341480038,13:41:05.341,23.8400,100
49443309484162,13:44:03.309,23.8300,100
49444489327844,13:44:04.489,23.8300,100
49469202863335,13:44:29.202,23.8200,37
49513886425105,13:45:13.886,23.8100,28
49575617980949,13:46:15.617,23.8300,100
49575617980949,13:46:15.617,23.8300,100
49575617980949,13:46:15.617,23.8300,100
49580908637763,13:46:20.908,23.8300,100
49601418715901,13:46:41.418,23.8200,100
49603786405946,13:46:43.786,23.8200,100
