timestamp,time,price,volume
25330087092819,07:02:10.087,161.4600,100
25708332779031,07:08:28.332,161.2900,99
25854778337197,07:10:54.778,161.2300,200
25854901526780,07:10:54.901,161.2300,50
26027445461910,07:13:47.445,161.2300,300
27095117483092,07:31:35.117,160.8900,200
27095239767977,07:31:35.239,160.8900,50
32119202968553,08:55:19.202,161.5600,200
32651406129163,09:04:11.406,161.5800,100
32651417259902,09:04:11.417,161.6000,50
32651417259902,09:04:11.417,161.6000,50
32717431169970,09:05:17.431,161.6000,11
32771142721400,09:06:11.142,161.6000,25
32771151530659,09:06:11.151,161.6000,14
32804930242296,09:06:44.930,161.6700,25
32841314479504,09:07:21.314,161.6700,25
32841314521626,09:07:21.314,161.6700,25
33060010705269,09:11:00.010,161.7900,158
33088459498656,09:11:28.459,161.8500,48
33088459951759,09:11:28.459,161.8500,48
33088459953010,09:11:28.459,161.8500,445
34200015790305,09:30:00.015,161.7900,111
34200251141283,09:30:00.251,161.7900,111
34200660359267,09:30:00.660,161.7900,300
34200853097916,09:30:00.853,0.0000,0
34200970239223,09:30:00.970,161.7900,78
34210973110499,09:30:10.973,161.7200,600
34218537738422,09:30:18.537,161.6100,600
34219222338544,09:30:19.222,161.5500,200
34219222387323,09:30:19.222,161.5500,200
34219604118603,09:30:19.604,161.5500,200
34220974818274,09:30:20.974,161.5000,200
34242094650945,09:30:42.094,161.5900,161
34278383902618,09:31:18.383,161.6000,300
34278384447442,09:31:18.384,161.6000,200
34278384503237,09:31:18.384,161.6000,100
34298405634805,09:31:38.405,161.7300,200
34298405634805,09:31:38.405,161.7400,400
34298406111635,09:31:38.406,161.7400,200
34329008646541,09:32:09.008,161.8100,100
34342073437966,09:32:22.073,161.7000,200
34342073437966,09:32:22.073,161.6800,400
34342073906873,09:32:22.073,161.6800,200
34342177347386,09:32:22.177,161.6400,100
34342177889647,09:32:22.177,161.6300,13
34353191458320,09:32:33.191,161.7800,200
34353191458320,09:32:33.191,161.7900,100
34373192208109,09:32:53.192,161.7700,95
34373192208109,09:32:53.192,161.7800,5
34392582059512,09:33:12.582,161.7900,100
34392582059512,09:33:12.582,161.7900,100
34392582059512,09:33:12.582,161.7900,100
34392582715554,09:33:12.582,161.7900,100
34392583190733,09:33:12.583,161.7700,10
34392583214381,09:33:12.583,161.7500,36
34392583220418,09:33:12.583,161.7500,64
34392583331316,09:33:12.583,161.7500,338
34392583331316,09:33:12.583,161.7500,400
34392583331316,09:33:12.583,161.7500,100
34392583361178,09:33:12.583,161.7500,36
34392583362998,09:33:12.583,161.7500,100
34392583363682,09:33:12.583,161.7500,64
34392590575855,09:33:12.590,161.7900,100
34392592029381,09:33:12.592,161.8000,10
34392827869381,09:33:12.827,161.8000,90
34392827869381,09:33:12.827,161.8000,100
34392835008440,09:33:12.835,161.8200,200
34392835057718,09:33:12.835,161.8200,200
34392835101813,09:33:12.835,161.8200,200
34392835101813,09:33:12.835,161.8200,100
34392835101813,09:33:12.835,161.8200,9
34392837338139,09:33:12.837,161.8200,200
34392839530097,09:33:12.839,161.8200,100
34397144827405,09:33:17.144,161.8200,100
34397144948925,09:33:17.144,161.8200,100
34398400200179,09:33:18.400,161.8200,100
34402829464757,09:33:22.829,161.8200,100
34402829464757,09:33:22.829,161.8200,100
34402829954894,09:33:22.829,161.8400,100
34412220496909,09:33:32.220,161.8700,100
34412220679616,09:33:32.220,161.8800,100
34412220834631,09:33:32.220,161.8800,100
34412220834631,09:33:32.220,161.8800,100
34412846517898,09:33:32.846,161.8800,200
34413177707909,09:33:33.177,161.9000,100
34414086299183,09:33:34.086,161.9000,100
34432892949776,09:33:52.892,161.9200,100
34458455153674,09:34:18.455,161.8800,100
34468593329724,09:34:28.593,161.8800,100
34472610751249,09:34:32.610,161.8500,150
34472610793343,09:34:32.610,161.8500,50
34472611652534,09:34:32.611,161.8700,10
34472611652534,09:34:32.611,161.8800,113
34472611653623,09:34:32.611,161.8800,77
34472611703919,09:34:32.611,161.8700,10
34474031243133,09:34:34.031,161.8400,2
34474031874070,09:34:34.031,161.8400,88
34475050412189,09:34:35.050,161.8400,100
34478749197085,09:34:38.749,161.9200,200
34478749264872,09:34:38.749,161.9200,50
34478749264872,09:34:38.749,161.9200,50
34478761268224,09:34:38.761,161.9400,599
34478761312955,09:34:38.761,161.9400,1
34483700202790,09:34:43.700,161.9600,7
34486371055897,09:34:46.371,162.0200,200
34486587524235,09:34:46.587,162.0200,180
34488660674934,09:34:48.660,162.0200,200
34499098975024,09:34:59.098,162.0200,20
34499098975024,09:34:59.098,162.0200,100
34499099485819,09:34:59.099,162.0200,100
34518485149081,09:35:18.485,162.0600,100
34528578654846,09:35:28.578,162.0700,100
34533475895241,09:35:33.475,161.9700,100
34543446490988,09:35:43.446,162.0100,300
34547152222731,09:35:47.152,161.9600,100
34549401200342,09:35:49.401,161.9600,100
34558561329987,09:35:58.561,162.0000,100
34558948246823,09:35:58.948,162.0000,95
34569084488180,09:36:09.084,162.0000,5
34569084488180,09:36:09.084,162.0100,95
34574926091860,09:36:14.926,162.0100,205
34574927417778,09:36:14.927,162.0300,100
34579099841349,09:36:19.099,162.0300,100
34584134021248,09:36:24.134,162.0600,100
34593918699679,09:36:33.918,162.0700,100
34603334514916,09:36:43.334,161.9900,100
34603334886344,09:36:43.334,161.9700,10
34603334886344,09:36:43.334,161.9700,90
34604196292202,09:36:44.196,161.9900,10
34605489381442,09:36:45.489,161.9900,100
34605490499103,09:36:45.490,161.9800,100
34614056363571,09:36:54.056,162.0600,1
34614056363571,09:36:54.056,162.0600,99
34614062067276,09:36:54.062,162.0300,10
34615522109047,09:36:55.522,162.0600,1
34615522109047,09:36:55.522,162.0700,99
34623012907618,09:37:03.012,162.0700,300
34623167871068,09:37:03.167,162.0700,1
34623167871068,09:37:03.167,162.0700,100
34623245136021,09:37:03.245,162.1200,27
34632912103021,09:37:12.912,162.1500,200
34632912453611,09:37:12.912,162.1500,30
34639031337150,09:37:19.031,162.1800,23
34641222443082,09:37:21.222,162.1900,100
34641222443082,09:37:21.222,162.1900,23
34641222443082,09:37:21.222,162.1900,77
34641222499787,09:37:21.222,162.1900,23
34642790670853,09:37:22.790,162.2000,67
34644040418214,09:37:24.040,162.2000,33
34645234749137,09:37:25.234,162.2300,100
34646050561152,09:37:26.050,162.2300,100
34650750794188,09:37:30.750,162.2050,200
34651221562989,09:37:31.221,162.1600,100
34658822526145,09:37:38.822,162.2000,200
34658822584704,09:37:38.822,162.2000,200
34658822950171,09:37:38.822,162.2300,2
34662465093234,09:37:42.465,162.2300,98
34662465093234,09:37:42.465,162.2300,2
34662466582861,09:37:42.466,162.2300,98
34662466582861,09:37:42.466,162.2300,102
34663305666394,09:37:43.305,162.2000,100
34665084749515,09:37:45.084,162.2000,100
34666133243251,09:37:46.133,162.1700,100
34666133243251,09:37:46.133,162.1700,200
34667846225561,09:37:47.846,162.1900,100
34667846563311,09:37:47.846,162.1900,100
34667846659746,09:37:47.846,162.1900,100
34667846693155,09:37:47.846,162.1650,100
34667847098975,09:37:47.847,162.1700,10
34667847098975,09:37:47.847,162.1600,90
34667885340914,09:37:47.885,162.1900,10
34667885340914,09:37:47.885,162.2200,90
34678981707145,09:37:58.981,162.2200,10
34678981707145,09:37:58.981,162.2200,90
34689040597528,09:38:09.040,162.2200,10
34689040597528,09:38:09.040,162.2200,100
34689040597528,09:38:09.040,162.2200,90
34689040663472,09:38:09.040,162.2200,10
34689040663472,09:38:09.040,162.2200,90
34689040732889,09:38:09.040,162.2200,10
34711073317840,09:38:31.073,162.2600,1
34719280209022,09:38:39.280,162.2600,5
34719280209022,09:38:39.280,162.2700,95
34719280468401,09:38:39.280,162.2700,5
34719281285762,09:38:39.281,162.2600,100
34723856958166,09:38:43.856,162.2800,100
34723856958166,09:38:43.856,162.2800,27
34723856979380,09:38:43.856,162.2800,73
34727572257066,09:38:47.572,162.3100,100
34731976684122,09:38:51.976,162.3200,100
34731976684122,09:38:51.976,162.3500,100
34733895414384,09:38:53.895,162.3500,100
34739990707609,09:38:59.990,162.3500,400
34739990707609,09:38:59.990,162.3500,100
34743799494243,09:39:03.799,162.3800,300
34744984350874,09:39:04.984,162.3800,10
34748913157030,09:39:08.913,162.3800,42
34749063392900,09:39:09.063,162.3800,100
34754449679939,09:39:14.449,162.3800,100
34755291026918,09:39:15.291,162.3800,300
34761927361455,09:39:21.927,162.4000,6
34761928983874,09:39:21.928,162.4000,24
34761929189258,09:39:21.929,162.4000,10
34761929256143,09:39:21.929,162.4000,42
34761929317341,09:39:21.929,162.4000,18
34761929317341,09:39:21.929,162.4000,2
34761929422393,09:39:21.929,162.4000,10
34771146021176,09:39:31.146,162.3600,100
34775626456036,09:39:35.626,162.4000,88
34775626456036,09:39:35.626,162.4000,12
34778996904720,09:39:38.996,162.4000,88
34779273476419,09:39:39.273,162.4300,100
34794327657669,09:39:54.327,162.4900,100
34794408929713,09:39:54.408,162.5000,100
34794410306971,09:39:54.410,162.5000,500
34794410306971,09:39:54.410,162.5000,100
34814404269497,09:40:14.404,162.5500,100
34824285027148,09:40:24.285,162.5900,100
34834168101122,09:40:34.168,162.5900,189
34864741325945,09:41:04.741,162.4400,100
34864741664354,09:41:04.741,162.4300,200
34864741711122,09:41:04.741,162.4300,200
34866536796545,09:41:06.536,162.4300,100
34876484262946,09:41:16.484,162.4300,100
34877803949440,09:41:17.803,162.4300,100
34877804384054,09:41:17.804,162.4300,100
34877804384054,09:41:17.804,162.4300,100
34894279947826,09:41:34.279,162.3400,100
34903290209344,09:41:43.290,162.2700,100
34910060500186,09:41:50.060,162.2700,100
34910918909871,09:41:50.918,162.2700,100
34910919020637,09:41:50.919,162.2700,10
34937810768050,09:42:17.810,162.3100,100
34941109757982,09:42:21.109,162.3100,100
34949416207293,09:42:29.416,162.3600,100
34974765131433,09:42:54.765,162.4700,100
35004006198537,09:43:24.006,162.5000,100
35004006658635,09:43:24.006,162.5000,100
35004007006551,09:43:24.007,162.5000,100
35019489250009,09:43:39.489,162.4700,100
35019489252753,09:43:39.489,162.4700,100
35019489703550,09:43:39.489,162.4700,100
35022165540352,09:43:42.165,162.4200,100
35031154060123,09:43:51.154,162.4900,85
35031154941652,09:43:51.154,162.4900,1
35031547118422,09:43:51.547,162.4900,14
35045950190517,09:44:05.950,162.4800,100
35045950190517,09:44:05.950,162.4800,100
35045950528217,09:44:05.950,162.4800,100
35045951151752,09:44:05.951,162.4800,100
35072245150064,09:44:32.245,162.3800,100
35072246554074,09:44:32.246,162.3600,600
35092968103969,09:44:52.968,162.4800,200
35092968466058,09:44:52.968,162.5000,100
35101972934168,09:45:01.972,162.5400,100
35101974174830,09:45:01.974,162.5800,100
35187074838590,09:46:27.074,162.5900,4
35211035524720,09:46:51.035,162.5600,1
35212172506236,09:46:52.172,162.6100,100
35233235938190,09:47:13.235,162.7200,4
35233236030201,09:47:13.236,162.7100,24
35233236036512,09:47:13.236,162.7100,76
35233236036512,09:47:13.236,162.7100,24
35233236100368,09:47:13.236,162.7100,24
35233236120439,09:47:13.236,162.7100,152
35233236120439,09:47:13.236,162.6900,24
35233236924862,09:47:13.236,162.6700,100
35233237073270,09:47:13.237,162.6700,100
35233238212531,09:47:13.238,162.6300,45
35233350429177,09:47:13.350,162.6300,55
35233515110329,09:47:13.515,162.5900,100
35252102175127,09:47:32.102,162.5700,100
35262472581392,09:47:42.472,162.5500,100
35270419143826,09:47:50.419,162.5500,100
35270511380340,09:47:50.511,162.5500,100
35271163797250,09:47:51.163,162.5500,100
35276899062076,09:47:56.899,162.5500,100
35276899917427,09:47:56.899,162.5500,100
35291630087670,09:48:11.630,162.5300,4
35291630181950,09:48:11.630,162.5200,100
35291631610886,09:48:11.631,162.5200,100
35291632037329,09:48:11.632,162.5200,30
35291632190223,09:48:11.632,162.5200,70
35292037970460,09:48:12.037,162.4600,400
35292039088485,09:48:12.039,162.4600,200
35323514242576,09:48:43.514,162.4500,100
35333378845660,09:48:53.378,162.4500,400
35333438210962,09:48:53.438,162.5100,4
35342012658186,09:49:02.012,162.4600,4
35344887822023,09:49:04.887,162.5100,99
35345513823746,09:49:05.513,162.4600,200
35347303523942,09:49:07.303,162.5200,100
35347304120465,09:49:07.304,162.5300,100
35362637510582,09:49:22.637,162.5800,1
35367961141784,09:49:27.961,162.5200,100
35374491923122,09:49:34.491,162.5100,300
35374494709872,09:49:34.494,162.5100,300
35374494709872,09:49:34.494,162.5100,100
35374494817315,09:49:34.494,162.5100,100
35374495030889,09:49:34.495,162.5100,100
35374514266362,09:49:34.514,162.4500,100
35374514266362,09:49:34.514,162.4500,100
35385106102025,09:49:45.106,162.3900,1
35385106132733,09:49:45.106,162.3900,1
35396251683902,09:49:56.251,162.3900,87
35396252118311,09:49:56.252,162.3900,11
35456105630956,09:50:56.105,162.3800,100
35463385907339,09:51:03.385,162.4400,12
35481014108653,09:51:21.014,162.4100,1
35483051536999,09:51:23.051,162.3800,100
35484452544675,09:51:24.452,162.3800,5
35484452544675,09:51:24.452,162.3700,95
35485301795086,09:51:25.301,162.3700,5
35485301795086,09:51:25.301,162.3700,95
35485302886979,09:51:25.302,162.3700,5
35485302886979,09:51:25.302,162.3700,95
35486270498820,09:51:26.270,162.4000,100
35487110082631,09:51:27.110,162.4000,300
35487111332316,09:51:27.111,162.4000,200
35488467511065,09:51:28.467,162.4100,100
35492757820014,09:51:32.757,162.4100,200
35492758237565,09:51:32.758,162.4200,100
35493074013555,09:51:33.074,162.4500,100
35520490513890,09:52:00.490,162.4200,200
35520490513890,09:52:00.490,162.4100,200
35520491708034,09:52:00.491,162.4100,200
35520491708034,09:52:00.491,162.4100,5
35520491855899,09:52:00.491,162.4100,9
35521023148090,09:52:01.023,162.4000,100
35527041020264,09:52:07.041,162.3700,4
35527041399903,09:52:07.041,162.4000,4
35534261301991,09:52:14.261,162.3700,4
35534261358171,09:52:14.261,162.3400,100
35534261358171,09:52:14.261,162.3400,100
35534262429852,09:52:14.262,162.3400,100
35534262612148,09:52:14.262,162.3400,100
35539533562887,09:52:19.533,162.3400,100
35540505813821,09:52:20.505,162.3400,100
35566719516171,09:52:46.719,162.2300,100
35575147330949,09:52:55.147,162.2300,21
35617183378438,09:53:37.183,162.2100,1
35641660947796,09:54:01.660,162.2200,100
35641661030085,09:54:01.661,162.2200,2
35644550852259,09:54:04.550,162.2500,100
35644550852259,09:54:04.550,162.2500,100
35644550852259,09:54:04.550,162.2500,100
35659168444203,09:54:19.168,162.2900,6
35723417300730,09:55:23.417,162.3100,100
35743101518786,09:55:43.101,162.3300,100
35743101518786,09:55:43.101,162.3300,100
35743101620276,09:55:43.101,162.3300,100
35743101647335,09:55:43.101,162.3300,100
35745711863162,09:55:45.711,162.3200,100
35745711863162,09:55:45.711,162.3200,100
35745711863162,09:55:45.711,162.3200,100
35745712551868,09:55:45.712,162.3200,14
35745713767302,09:55:45.713,162.3200,86
35745713767302,09:55:45.713,162.3200,14
35745714501904,09:55:45.714,162.3200,86
35745714501904,09:55:45.714,162.3200,14
35745729715238,09:55:45.729,162.3200,86
35745729715238,09:55:45.729,162.3200,14
35748235934965,09:55:48.235,162.3200,86
35752998007283,09:55:52.998,162.3000,4
35759160942343,09:55:59.160,162.2400,100
35761684188174,09:56:01.684,162.2200,100
35761685164084,09:56:01.685,162.2200,100
35765780064955,09:56:05.780,162.2100,5
35765780669661,09:56:05.780,162.2100,5
35765781261933,09:56:05.781,162.2100,2
35765781261933,09:56:05.781,162.1700,3
35765977362631,09:56:05.977,162.1700,2
35766217027685,09:56:06.217,162.1600,1
35801684111520,09:56:41.684,162.1600,2
35801684831579,09:56:41.684,162.1600,598
35802041600672,09:56:42.041,162.1500,100
35819859926341,09:56:59.859,162.1700,100
35819860019297,09:56:59.860,162.1800,100
35819861076129,09:56:59.861,162.1800,100
35829191711187,09:57:09.191,162.1800,200
35829195077146,09:57:09.195,162.1900,6
35829198222512,09:57:09.198,162.1900,94
35829198222512,09:57:09.198,162.1900,100
35829811826389,09:57:09.811,162.2300,4
35835278680185,09:57:15.278,162.1900,98
35856769714344,09:57:36.769,162.2200,2
35856778737113,09:57:36.778,162.2400,18
35860244265669,09:57:40.244,162.2500,100
35862956583861,09:57:42.956,162.2400,200
35862956634771,09:57:42.956,162.2400,200
35862966977598,09:57:42.966,162.2400,100
35865110052498,09:57:45.110,162.2400,100
35865110052498,09:57:45.110,162.2400,100
35865110151936,09:57:45.110,162.2400,100
35865110544269,09:57:45.110,162.2400,2
35869239735860,09:57:49.239,162.2400,4
35871550594069,09:57:51.550,162.1900,89
35871550594637,09:57:51.550,162.1900,11
35975464513055,09:59:35.464,162.1800,100
35975464513055,09:59:35.464,162.1800,100
35975469474125,09:59:35.469,162.1900,100
35975469474125,09:59:35.469,162.1900,100
35996396077573,09:59:56.396,162.2200,100
35999097943461,09:59:59.097,162.2800,13
35999097943461,09:59:59.097,162.2800,87
35999124925886,09:59:59.124,162.3200,1
36010871242286,10:00:10.871,162.2200,100
36028222297041,10:00:28.222,162.3200,125
36028222578066,10:00:28.222,162.3300,100
36028222578066,10:00:28.222,162.3300,58
36028222633541,10:00:28.222,162.3300,42
36028230136133,10:00:28.230,162.3400,100
36028230136133,10:00:28.230,162.3400,2
36028234999552,10:00:28.234,162.3400,7
36044743299658,10:00:44.743,162.3900,100
36044743299658,10:00:44.743,162.3900,600
36044743299658,10:00:44.743,162.3900,207
36044743299658,10:00:44.743,162.3900,100
36047130964322,10:00:47.130,162.3900,100
36047130964322,10:00:47.130,162.3900,100
36047131070064,10:00:47.131,162.3900,100
36047179418630,10:00:47.179,162.3900,100
36047181853574,10:00:47.181,162.3900,100
36080347082280,10:01:20.347,162.2800,84
36080347499565,10:01:20.347,162.2800,16
36080347499565,10:01:20.347,162.2800,100
36080507018970,10:01:20.507,162.2800,100
36083200096855,10:01:23.200,162.2800,100
36134185861186,10:02:14.185,162.1300,4
36134316668300,10:02:14.316,162.1300,96
36134316668300,10:02:14.316,162.1300,4
36152624019792,10:02:32.624,162.1750,100
36154146022818,10:02:34.146,162.1750,100
36154646021379,10:02:34.646,162.1750,100
36155146017301,10:02:35.146,162.1750,100
36155646016803,10:02:35.646,162.1750,100
36156146018611,10:02:36.146,162.1750,100
36157540018683,10:02:37.540,162.1600,100
36158041797314,10:02:38.041,162.1400,100
36158041797314,10:02:38.041,162.1400,100
36158041797314,10:02:38.041,162.1400,100
36159545015787,10:02:39.545,162.1400,100
36160042046327,10:02:40.042,162.1400,1
36166548547727,10:02:46.548,162.1300,100
36166548767586,10:02:46.548,162.1300,24
36166548908101,10:02:46.548,162.1300,71
36166690084369,10:02:46.690,162.0500,24
36166692367335,10:02:46.692,162.0500,24
36166694032115,10:02:46.694,162.0500,24
36166694206202,10:02:46.694,162.0500,24
36166694455683,10:02:46.694,162.0500,4
36166695082163,10:02:46.695,162.0100,8
36166714629496,10:02:46.714,162.0100,6
36166714671956,10:02:46.714,162.0100,6
36185501036781,10:03:05.501,161.9850,100
36186001016925,10:03:06.001,161.9850,100
36189108011482,10:03:09.108,161.9750,100
36195539720563,10:03:15.539,161.9400,100
36195539720563,10:03:15.539,161.9400,200
36195539968419,10:03:15.539,161.9400,32
36204938518210,10:03:24.938,161.9400,68
36204938518210,10:03:24.938,161.9400,32
36205399619209,10:03:25.399,161.9400,22
36241143804776,10:04:01.143,161.9300,100
36266358889290,10:04:26.358,161.9100,46
36267757354553,10:04:27.757,161.8900,100
36268367567628,10:04:28.367,161.8900,100
36335017290914,10:05:35.017,161.8900,100
36336861303618,10:05:36.861,161.9000,100
36337378413339,10:05:37.378,161.9200,5
36337378413339,10:05:37.378,161.9200,1
36337378413339,10:05:37.378,161.9200,100
36337386142113,10:05:37.386,161.9500,100
36337696311188,10:05:37.696,161.9500,1
36372968786168,10:06:12.968,162.1000,99
36372968841856,10:06:12.968,162.1000,1
36372968841856,10:06:12.968,162.1000,100
36372968841856,10:06:12.968,162.1000,60
36386416999673,10:06:26.416,162.0700,200
36395713254681,10:06:35.713,162.1300,100
36425110703146,10:07:05.110,162.1300,200
36425111529417,10:07:05.111,162.1300,400
36425111928161,10:07:05.111,162.0800,5
36432791684733,10:07:12.791,162.0800,100
36432791684733,10:07:12.791,162.0800,57
36432791754796,10:07:12.791,162.0800,43
36432791754796,10:07:12.791,162.0800,57
36432791802775,10:07:12.791,162.0800,43
36432791816694,10:07:12.791,162.0800,100
36433425811686,10:07:13.425,162.1200,8
36433502062496,10:07:13.502,162.0700,100
36433502829597,10:07:13.502,162.0700,100
36437360204594,10:07:17.360,162.0900,38
36439717989279,10:07:19.717,162.0800,100
36440496510158,10:07:20.496,162.0700,100
36440496829280,10:07:20.496,162.0700,100
36440497685372,10:07:20.497,162.0700,100
36448972590670,10:07:28.972,162.0200,200
36470857149769,10:07:50.857,162.1100,100
36470858774515,10:07:50.858,162.1400,200
36488452071567,10:08:08.452,162.2000,100
36489116718975,10:08:09.116,162.2700,100
36493673476645,10:08:13.673,162.2000,200
36494254074567,10:08:14.254,162.2100,100
36497910557147,10:08:17.910,162.2800,200
36497910931935,10:08:17.910,162.2800,400
36509090086125,10:08:29.090,162.2800,100
36509090086125,10:08:29.090,162.2800,100
36509090170305,10:08:29.090,162.2800,23
36509090368649,10:08:29.090,162.2800,77
36509090368649,10:08:29.090,162.2800,100
36528039055958,10:08:48.039,162.3700,100
36540088166227,10:09:00.088,162.3400,152
36540088238748,10:09:00.088,162.3400,12
36540088279198,10:09:00.088,162.3400,36
36540088417892,10:09:00.088,162.3400,48
36540118434410,10:09:00.118,162.3400,300
36552795601469,10:09:12.795,162.2900,100
36552869936528,10:09:12.869,162.2800,100
36552870702021,10:09:12.870,162.2800,100
36553569656958,10:09:13.569,162.2700,100
36559295068969,10:09:19.295,162.2600,12
36559295068969,10:09:19.295,162.2500,10
36636272924293,10:10:36.272,162.2100,100
36636272924293,10:10:36.272,162.2100,200
36636273369370,10:10:36.273,162.1800,47
36636273509579,10:10:36.273,162.1800,224
36675785698575,10:11:15.785,162.0900,175
36679975270957,10:11:19.975,162.0900,100
36680278646521,10:11:20.278,162.0900,100
36689233224992,10:11:29.233,162.0800,100
36691834398851,10:11:31.834,162.1200,100
36708693172234,10:11:48.693,162.1700,100
36729990843481,10:12:09.990,162.1800,100
36729990843481,10:12:09.990,162.1800,100
36729990850026,10:12:09.990,162.1700,93
36729991221906,10:12:09.991,162.1700,10
36840400139298,10:14:00.400,162.1400,1
36840400139298,10:14:00.400,162.1400,40
36840405085120,10:14:00.405,162.1800,20
36875258262767,10:14:35.258,162.1800,100
36875258262767,10:14:35.258,162.1800,100
36905357049430,10:15:05.357,162.1200,100
36905357049430,10:15:05.357,162.1200,100
36905357103271,10:15:05.357,162.1200,100
36905357464531,10:15:05.357,162.1200,100
36905357998529,10:15:05.357,162.1200,100
36905358348054,10:15:05.358,162.1200,20
36905358530421,10:15:05.358,162.1200,80
36905358530421,10:15:05.358,162.1200,20
36905358585676,10:15:05.358,162.1200,80
36905622243108,10:15:05.622,162.1000,100
36923327060313,10:15:23.327,162.0500,100
36923327060313,10:15:23.327,162.0500,100
36923327202345,10:15:23.327,162.0500,100
36934169835613,10:15:34.169,162.0000,100
36934170122940,10:15:34.170,162.0000,5
36934170129347,10:15:34.170,162.0000,7
36966033150729,10:16:06.033,162.0000,1
36989584393988,10:16:29.584,161.9700,100
36996865613712,10:16:36.865,161.9600,9
37003221816998,10:16:43.221,161.9600,91
37003221816998,10:16:43.221,161.9600,9
37003221904425,10:16:43.221,161.9600,57
37006166655349,10:16:46.166,161.9600,34
37013971136649,10:16:53.971,161.8600,100
37019272958405,10:16:59.272,161.7800,100
37033626139068,10:17:13.626,161.7700,139
37033626192478,10:17:13.626,161.7700,46
37033626192478,10:17:13.626,161.7700,100
37033626192478,10:17:13.626,161.7700,54
37033626310585,10:17:13.626,161.7700,100
37033657802807,10:17:13.657,161.7700,46
37078605084303,10:17:58.605,161.7200,6
37087383286173,10:18:07.383,161.6800,31
37089950523864,10:18:09.950,161.6800,100
37089950609638,10:18:09.950,161.6800,89
37089950666935,10:18:09.950,161.6800,11
37090475314840,10:18:10.475,161.6600,600
37097784032939,10:18:17.784,161.6200,100
37100526002345,10:18:20.526,161.5500,200
37100526085751,10:18:20.526,161.5500,80
37100526136802,10:18:20.526,161.5500,20
37100526492126,10:18:20.526,161.5500,50
37100614452860,10:18:20.614,161.6100,200
37100614452860,10:18:20.614,161.6100,100
37101033956330,10:18:21.033,161.5800,1
37112992308748,10:18:32.992,161.5100,100
37113272476490,10:18:33.272,161.5700,2
37127429993194,10:18:47.429,161.5400,10
37127429993194,10:18:47.429,161.5500,100
37127429993194,10:18:47.429,161.5500,90
37127430061747,10:18:47.430,161.5500,10
37127430368538,10:18:47.430,161.5600,5
37127430368538,10:18:47.430,161.5600,200
37127430368538,10:18:47.430,161.5600,2
37127430503054,10:18:47.430,161.5700,98
37136175914272,10:18:56.175,161.5400,81
37156871187211,10:19:16.871,161.5200,11
37173786262290,10:19:33.786,161.5700,100
37173786262290,10:19:33.786,161.5700,100
37185917058316,10:19:45.917,161.5300,200
37185917058316,10:19:45.917,161.5200,100
37185917493242,10:19:45.917,161.5200,5
37185918682533,10:19:45.918,161.5200,95
37185918682533,10:19:45.918,161.5200,100
37185918682533,10:19:45.918,161.5200,100
37220114604428,10:20:20.114,161.4900,120
37220114954547,10:20:20.114,161.5200,85
37220114954547,10:20:20.114,161.5200,100
37239466385819,10:20:39.466,161.5000,100
37245194232754,10:20:45.194,161.5000,100
37245194232754,10:20:45.194,161.5000,100
37248309635246,10:20:48.309,161.5000,16
37269608527585,10:21:09.608,161.4900,84
37269608527585,10:21:09.608,161.4900,2
37273298785388,10:21:13.298,161.4800,100
37273299492770,10:21:13.299,161.4800,100
37273301189015,10:21:13.301,161.4800,100
37286496847915,10:21:26.496,161.5200,100
37329760487840,10:22:09.760,161.5200,100
37329760487840,10:22:09.760,161.5200,93
37329761018798,10:22:09.761,161.5200,7
37347230701207,10:22:27.230,161.5400,1
37355047329309,10:22:35.047,161.6200,6
37357353780805,10:22:37.353,161.6300,27
37361836043099,10:22:41.836,161.6700,24
37366419158091,10:22:46.419,161.6600,100
37366419158091,10:22:46.419,161.6600,100
37366419158091,10:22:46.419,161.6600,100
37366419273008,10:22:46.419,161.6600,100
37393879312460,10:23:13.879,161.6200,100
37393879328964,10:23:13.879,161.6200,64
37393879379682,10:23:13.879,161.6200,36
37393879379682,10:23:13.879,161.6200,64
37393879440692,10:23:13.879,161.6200,36
37393883603736,10:23:13.883,161.6100,100
37393883603736,10:23:13.883,161.6100,100
37393884041771,10:23:13.884,161.6100,73
37486953439841,10:24:46.953,161.6200,1
37486953439841,10:24:46.953,161.6200,100
37486953439841,10:24:46.953,161.6200,37
37486954119715,10:24:46.954,161.6300,100
37502393792949,10:25:02.393,161.6500,100
37552126367330,10:25:52.126,161.7200,100
37552126367330,10:25:52.126,161.7200,100
37592232765821,10:26:32.232,161.8300,100
37592232765821,10:26:32.232,161.8300,100
37592232765821,10:26:32.232,161.8300,100
37592232862019,10:26:32.232,161.8300,100
37606725285167,10:26:46.725,161.7700,39
37631621034439,10:27:11.621,161.7700,68
37631621034439,10:27:11.621,161.7700,100
37631621091159,10:27:11.621,161.7700,100
37631621091159,10:27:11.621,161.7700,100
37631621111290,10:27:11.621,161.7700,200
37631621126074,10:27:11.621,161.7600,200
37631621156811,10:27:11.621,161.7600,74
37636661376888,10:27:16.661,161.7200,12
37636661376888,10:27:16.661,161.6900,88
37651214550946,10:27:31.214,161.6900,12
37651214550946,10:27:31.214,161.6900,88
37651214898359,10:27:31.214,161.6900,12
37658274077947,10:27:38.274,161.6500,39
37661339124839,10:27:41.339,161.6700,1
37673925447083,10:27:53.925,161.6800,100
37673925447083,10:27:53.925,161.6900,100
37673925496537,10:27:53.925,161.6900,100
37673925544993,10:27:53.925,161.7000,100
37673925608023,10:27:53.925,161.7000,100
37673926561339,10:27:53.926,161.7100,100
37680381835378,10:28:00.381,161.7100,10
37680381892632,10:28:00.381,161.7200,100
37693639915321,10:28:13.639,161.7400,100
37812857551968,10:30:12.857,161.7700,200
37844666190164,10:30:44.666,161.8200,100
37871334445679,10:31:11.334,161.7900,118
37871336498753,10:31:11.336,161.7900,200
37871336549562,10:31:11.336,161.7900,200
37871336777553,10:31:11.336,161.7900,82
37871336777553,10:31:11.336,161.7900,100
37871337469906,10:31:11.337,161.7900,100
37871421551673,10:31:11.421,161.7900,100
37871421809255,10:31:11.421,161.7900,100
37871424641739,10:31:11.424,161.7900,100
37899657902967,10:31:39.657,161.8300,5
37899657902967,10:31:39.657,161.8300,45
37899657959724,10:31:39.657,161.8300,55
37911226894866,10:31:51.226,161.8000,100
37911226894866,10:31:51.226,161.8000,6
37911226949513,10:31:51.226,161.8000,6
37912038951619,10:31:52.038,161.7900,1
37923824425906,10:32:03.824,161.8100,100
37923824540871,10:32:03.824,161.8200,100
37925364618170,10:32:05.364,161.8400,5
37925365109171,10:32:05.365,161.8500,17
37945041739576,10:32:25.041,161.8500,83
37991289853918,10:33:11.289,161.8700,100
37991289853918,10:33:11.289,161.8700,100
37991289910872,10:33:11.289,161.8700,94
38046084241575,10:34:06.084,161.9300,1
38052132727156,10:34:12.132,161.8900,9
38052132908970,10:34:12.132,161.8900,91
38052132908970,10:34:12.132,161.8900,100
38052132908970,10:34:12.132,161.8900,100
38052132908970,10:34:12.132,161.8900,9
38052133242054,10:34:12.133,161.8900,100
38052133542309,10:34:12.133,161.8900,100
38052133867278,10:34:12.133,161.8900,100
38055140998759,10:34:15.140,161.8900,91
38062123726417,10:34:22.123,161.9000,100
38068553278561,10:34:28.553,161.9000,100
38068553278561,10:34:28.553,161.9000,100
38069396643859,10:34:29.396,161.9100,200
38069628719878,10:34:29.628,161.9000,100
38069628794783,10:34:29.628,161.9000,100
38089573161533,10:34:49.573,161.9100,8
38090603207175,10:34:50.603,161.9100,200
38090603266017,10:34:50.603,161.9100,192
38103826038477,10:35:03.826,161.9500,100
38121054953221,10:35:21.054,161.9700,100
38146999435535,10:35:46.999,161.9600,100
38146999435535,10:35:46.999,161.9600,28
38146999435535,10:35:46.999,161.9600,72
38146999880055,10:35:46.999,161.9600,28
38147008235179,10:35:47.008,161.9600,100
38181043481329,10:36:21.043,161.9600,1
38197147430525,10:36:37.147,162.0000,100
38198743758478,10:36:38.743,162.0400,73
38223415763189,10:37:03.415,162.1000,400
38238190263990,10:37:18.190,162.0500,100
38238190263990,10:37:18.190,162.0500,100
38238190365840,10:37:18.190,162.0500,100
38238190731253,10:37:18.190,162.0300,87
38238190799826,10:37:18.190,162.0300,13
38242922780241,10:37:22.922,161.9900,100
38242922780241,10:37:22.922,161.9900,100
38242922780241,10:37:22.922,161.9900,67
38242922941255,10:37:22.922,161.9900,80
38245189252656,10:37:25.189,161.9900,20
38245189252656,10:37:25.189,161.9900,33
38255684554711,10:37:35.684,161.9700,12
38262618109986,10:37:42.618,161.8800,10
38272739803015,10:37:52.739,161.8100,93
38272978675337,10:37:52.978,161.8100,7
38290914306981,10:38:10.914,161.8400,5
38290914306981,10:38:10.914,161.8600,195
38290916030556,10:38:10.916,161.8600,200
38290916078225,10:38:10.916,161.8600,100
38290916117879,10:38:10.916,161.8600,100
38290916133572,10:38:10.916,161.8600,5
38291492940943,10:38:11.492,161.9200,100
38294589544709,10:38:14.589,161.9300,100
38294660748407,10:38:14.660,161.9500,100
38299447730642,10:38:19.447,161.9300,200
38299448309992,10:38:19.448,161.9200,100
38299448514037,10:38:19.448,161.9100,100
38300510226557,10:38:20.510,161.9100,100
38390525938888,10:39:50.525,162.0400,5
38400606306864,10:40:00.606,162.0600,100
38409486402549,10:40:09.486,162.0700,1
38409486402549,10:40:09.486,162.0700,100
38417017782302,10:40:17.017,162.1200,100
38423298187624,10:40:23.298,162.1000,203
38469715666375,10:41:09.715,162.1200,100
38469716197645,10:41:09.716,162.1200,100
38471429212822,10:41:11.429,162.1200,100
38471429212822,10:41:11.429,162.1200,100
38471429212822,10:41:11.429,162.1200,100
38471499782617,10:41:11.499,162.1000,100
38493563547037,10:41:33.563,162.1000,100
38493563547037,10:41:33.563,162.1000,100
38494971475463,10:41:34.971,162.1300,100
38494971475463,10:41:34.971,162.1300,100
38495363801542,10:41:35.363,162.1400,100
38586232199821,10:43:06.232,162.1600,1
38586232199821,10:43:06.232,162.1600,99
38586232663917,10:43:06.232,162.1600,1
38612065007692,10:43:32.065,162.1800,100
38612134834526,10:43:32.134,162.1800,100
38612559980590,10:43:32.559,162.1700,20
38612560449540,10:43:32.560,162.1600,199
38612560485066,10:43:32.560,162.1600,401
38612560485066,10:43:32.560,162.1600,24
38612562138523,10:43:32.562,162.1500,20
38638088140517,10:43:58.088,162.2000,100
38638256620058,10:43:58.256,162.2200,100
38657468458663,10:44:17.468,162.3100,66
38657468472603,10:44:17.468,162.3100,34
38713474678987,10:45:13.474,162.4200,24
38713474678987,10:45:13.474,162.4200,100
38713474678987,10:45:13.474,162.4200,77
38713474914813,10:45:13.474,162.4200,23
38713474914813,10:45:13.474,162.4200,77
38713475204932,10:45:13.475,162.4200,23
38713475204932,10:45:13.475,162.4200,77
38723940961905,10:45:23.940,162.4300,98
38732458025359,10:45:32.458,162.4200,23
38732458025359,10:45:32.458,162.4200,77
38732458247020,10:45:32.458,162.4200,23
38732458247020,10:45:32.458,162.4200,100
38732458247020,10:45:32.458,162.4200,77
38732458889857,10:45:32.458,162.4200,23
38732459152325,10:45:32.459,162.4100,100
38733933513625,10:45:33.933,162.4000,98
38753309689968,10:45:53.309,162.4000,91
38753309695041,10:45:53.309,162.4000,9
38753309788311,10:45:53.309,162.4000,100
38753309881002,10:45:53.309,162.4000,100
38753310030187,10:45:53.310,162.4000,100
38753821957938,10:45:53.821,162.4300,1
38794528427433,10:46:34.528,162.3400,100
38794528427433,10:46:34.528,162.3400,63
38802308334533,10:46:42.308,162.3400,37
38802308334533,10:46:42.308,162.3400,63
38815037510244,10:46:55.037,162.3300,12
38823366146427,10:47:03.366,162.2900,37
38823366146427,10:47:03.366,162.2900,100
38823563104601,10:47:03.563,162.2400,100
38846955222987,10:47:26.955,162.2000,100
38846955366804,10:47:26.955,162.2000,100
38885962312790,10:48:05.962,162.1800,1
38885962312790,10:48:05.962,162.1800,55
38886546890975,10:48:06.546,162.1500,100
38889732721524,10:48:09.732,162.1400,100
38892279178756,10:48:12.279,162.1400,100
38915126336083,10:48:35.126,162.1400,100
38915126336083,10:48:35.126,162.1400,100
38915126391098,10:48:35.126,162.1400,100
38915126719730,10:48:35.126,162.1400,100
38915251146671,10:48:35.251,162.1700,20
38922716221412,10:48:42.716,162.2000,200
38924571484503,10:48:44.571,162.2000,100
38924571484503,10:48:44.571,162.2000,100
38960779597066,10:49:20.779,162.2000,100
38960779955722,10:49:20.779,162.2200,100
38960779967462,10:49:20.779,162.2300,24
39037485227541,10:50:37.485,162.1900,100
39037485356532,10:50:37.485,162.1900,100
39127318770416,10:52:07.318,162.2200,1
39130750735145,10:52:10.750,162.2000,11
39144951744330,10:52:24.951,162.1900,292
39144952903577,10:52:24.952,162.1900,308
39144952903577,10:52:24.952,162.1900,100
39144952903577,10:52:24.952,162.1900,100
39144953059023,10:52:24.953,162.1900,1
39145074238701,10:52:25.074,162.2000,100
39145075294246,10:52:25.075,162.1900,47
39145075665740,10:52:25.075,162.1900,52
39166011169891,10:52:46.011,162.1800,100
39188149998266,10:53:08.149,162.1000,12
39188149998266,10:53:08.149,162.0900,88
39188150087923,10:53:08.150,162.0900,12
39188150087923,10:53:08.150,162.0900,88
39188150175812,10:53:08.150,162.0900,12
39242166547110,10:54:02.166,162.0000,100
39242166599706,10:54:02.166,162.0000,100
39248363503396,10:54:08.363,161.9900,100
39248469539691,10:54:08.469,162.0100,100
39248469539691,10:54:08.469,162.0100,100
39284317763153,10:54:44.317,162.0500,100
39284323929803,10:54:44.323,162.0500,100
39284325371614,10:54:44.325,162.0600,100
39285293346250,10:54:45.293,162.1000,5
39310174408645,10:55:10.174,162.1600,100
39318326970849,10:55:18.326,162.2200,73
39318326973604,10:55:18.326,162.2200,527
39318326973604,10:55:18.326,162.2200,20
39327310643963,10:55:27.310,162.2300,100
39327310643963,10:55:27.310,162.2300,100
39327311766014,10:55:27.311,162.2300,100
39365880362558,10:56:05.880,162.2200,94
39365881254797,10:56:05.881,162.2200,6
39365881254797,10:56:05.881,162.2200,100
39406993113977,10:56:46.993,162.2200,1
39433754341328,10:57:13.754,162.2300,100
39433754341328,10:57:13.754,162.2300,71
39433754781613,10:57:13.754,162.2300,29
39433754781613,10:57:13.754,162.2300,100
39433754848117,10:57:13.754,162.2300,7
39434755899522,10:57:14.755,162.2300,93
39450051267497,10:57:30.051,162.1900,100
39450051267497,10:57:30.051,162.2000,100
39450051329982,10:57:30.051,162.2000,100
39466911016416,10:57:46.911,162.1700,100
39466911016416,10:57:46.911,162.1700,100
39466911463268,10:57:46.911,162.1700,24
39466911534610,10:57:46.911,162.1700,76
39497389461963,10:58:17.389,162.1600,5
39497389461963,10:58:17.389,162.1600,29
39497389491473,10:58:17.389,162.1600,61
39497389491473,10:58:17.389,162.1700,5
39497389491473,10:58:17.389,162.1700,5
39497390035568,10:58:17.390,162.1700,95
39497390414904,10:58:17.390,162.1700,5
39497390414904,10:58:17.390,162.1800,95
39529823795090,10:58:49.823,162.1600,100
39529823795090,10:58:49.823,162.1600,5
39529823795090,10:58:49.823,162.1600,95
39529823826736,10:58:49.823,162.1600,5
39573114592985,10:59:33.114,162.1400,37
39573114644249,10:59:33.114,162.1400,63
39573114644249,10:59:33.114,162.1400,37
39573114708083,10:59:33.114,162.1400,63
39584246340308,10:59:44.246,162.1300,100
39584246340308,10:59:44.246,162.1300,100
39584246341108,10:59:44.246,162.1300,44
39596788693665,10:59:56.788,162.2000,100
39601004955967,11:00:01.004,162.2000,100
39601005436135,11:00:01.005,162.2300,100
39601005436135,11:00:01.005,162.2500,100
39601011403693,11:00:01.011,162.2500,1
39601012006985,11:00:01.012,162.2800,99
39601076598215,11:00:01.076,162.3300,49
39601077413567,11:00:01.077,162.3300,1
39601077497456,11:00:01.077,162.3300,28
39601078291043,11:00:01.078,162.3300,1
39608741449266,11:00:08.741,162.3400,100
39623994548310,11:00:23.994,162.3200,100
39623994623594,11:00:23.994,162.3200,17
39623994673904,11:00:23.994,162.3200,83
39663458910771,11:01:03.458,162.4300,51
39663463880458,11:01:03.463,162.4300,100
39663465195550,11:01:03.465,162.4300,49
39663465195550,11:01:03.465,162.4400,100
39663465195550,11:01:03.465,162.4400,51
39663465898696,11:01:03.465,162.4400,49
39663465898696,11:01:03.465,162.4400,44
39663465912788,11:01:03.465,162.4400,56
39663465912788,11:01:03.465,162.4400,20
39663486710889,11:01:03.486,162.4300,100
39663492788714,11:01:03.492,162.4400,2
39663634367930,11:01:03.634,162.4500,38
39666312767565,11:01:06.312,162.4500,99
39666901247971,11:01:06.901,162.4500,1
39666901247971,11:01:06.901,162.4500,8
39666901247971,11:01:06.901,162.4500,24
39672002218681,11:01:12.002,162.4200,8
39672002218681,11:01:12.002,162.4000,68
39672003128460,11:01:12.003,162.4000,32
39672003128460,11:01:12.003,162.4000,18
39680652640768,11:01:20.652,162.4000,82
39723503631315,11:02:03.503,162.4900,100
39723503631315,11:02:03.503,162.4900,100
39723503698548,11:02:03.503,162.4900,100
39764058923313,11:02:44.058,162.4200,70
39764058950821,11:02:44.058,162.4200,30
39764058950821,11:02:44.058,162.4200,100
39764058950821,11:02:44.058,162.4200,70
39764058957736,11:02:44.058,162.4200,29
39764059023354,11:02:44.059,162.4200,1
39790944525849,11:03:10.944,162.3600,100
39790944525849,11:03:10.944,162.3600,100
39790944525849,11:03:10.944,162.3600,100
39790944618474,11:03:10.944,162.3600,100
39790944618474,11:03:10.944,162.3600,75
39790944644245,11:03:10.944,162.3600,2
39790945427664,11:03:10.945,162.3600,23
39790945427664,11:03:10.945,162.3300,77
39790945649625,11:03:10.945,162.3300,23
39790969954178,11:03:10.969,162.3000,116
39802013509690,11:03:22.013,162.2800,1
39815239874750,11:03:35.239,162.2800,9
39815767439630,11:03:35.767,162.2500,5
39819872161971,11:03:39.872,162.2200,100
39822282034017,11:03:42.282,162.2200,237
39823256122927,11:03:43.256,162.2200,100
39823256122927,11:03:43.256,162.2200,4
39824117456481,11:03:44.117,162.2400,200
39824118271802,11:03:44.118,162.2400,100
39824118278789,11:03:44.118,162.2400,300
39826044825620,11:03:46.044,162.2200,100
39835223779115,11:03:55.223,162.1800,1
39858821182198,11:04:18.821,162.1800,100
39858821182198,11:04:18.821,162.1800,23
39858821244201,11:04:18.821,162.1800,19
39891151409456,11:04:51.151,162.2300,3
39891663209198,11:04:51.663,162.2200,100
39891676547675,11:04:51.676,162.2200,100
39923989552779,11:05:23.989,162.1800,58
39923989552779,11:05:23.989,162.1800,32
39923989576737,11:05:23.989,162.1800,24
39923989908606,11:05:23.989,162.1800,44
39923989908606,11:05:23.989,162.1800,56
39936018486423,11:05:36.018,162.1900,1
39955252309297,11:05:55.252,162.1400,1
39959704899137,11:05:59.704,162.1400,43
39959704899137,11:05:59.704,162.1400,57
39959705335233,11:05:59.705,162.1400,43
39959705348584,11:05:59.705,162.1400,81
39959705387134,11:05:59.705,162.1400,19
39959705690174,11:05:59.705,162.1100,70
39983923939828,11:06:23.923,162.1900,100
39983923939828,11:06:23.923,162.1900,100
39983923939828,11:06:23.923,162.1900,200
39983941827579,11:06:23.941,162.1100,100
39983941851050,11:06:23.941,162.1200,24
40013730128889,11:06:53.730,162.1900,65
40013730128889,11:06:53.730,162.2000,35
40013730192304,11:06:53.730,162.2000,65
40013731333333,11:06:53.731,162.2100,100
40060591004393,11:07:40.591,162.1600,100
40060591080431,11:07:40.591,162.1600,92
40060591146324,11:07:40.591,162.1600,8
40087504848525,11:08:07.504,162.0900,100
40087504884685,11:08:07.504,162.0900,100
40120911119409,11:08:40.911,162.0300,55
40137178004541,11:08:57.178,162.0300,17
40161873414039,11:09:21.873,162.0400,28
40161873414039,11:09:21.873,162.0400,100
40161873502601,11:09:21.873,162.0600,10
40169137082284,11:09:29.137,162.0900,87
40169139253125,11:09:29.139,162.0700,200
40183642460724,11:09:43.642,162.0500,100
40183642460724,11:09:43.642,162.0500,10
40221382313247,11:10:21.382,162.0500,1
40223163649398,11:10:23.163,162.0500,200
40223163695299,11:10:23.163,162.0500,100
40223164052642,11:10:23.164,162.0700,200
40223164073052,11:10:23.164,162.0700,100
40223164395951,11:10:23.164,162.0700,16
40223164429844,11:10:23.164,162.0700,84
40223164429844,11:10:23.164,162.0800,100
40223164429844,11:10:23.164,162.0800,100
40223164429844,11:10:23.164,162.0800,16
40225669454027,11:10:25.669,162.0900,100
40225692084355,11:10:25.692,162.1000,100
40225692084355,11:10:25.692,162.1000,8
40225692084355,11:10:25.692,162.1000,292
40225699214310,11:10:25.699,162.1000,8
40225699214310,11:10:25.699,162.1000,19
40225727459233,11:10:25.727,162.1000,81
40226360033176,11:10:26.360,162.1100,100
40251239786437,11:10:51.239,162.1400,100
40251240259326,11:10:51.240,162.1300,24
40259347194140,11:10:59.347,162.1200,100
40259347256878,11:10:59.347,162.1200,100
40259347778612,11:10:59.347,162.1200,100
40259419829434,11:10:59.419,162.1000,47
40268889770621,11:11:08.889,162.0300,95
40268889852333,11:11:08.889,162.0300,5
40268889852333,11:11:08.889,162.0300,100
40268889906145,11:11:08.889,162.0300,25
40268889955421,11:11:08.889,162.0300,75
40294341210531,11:11:34.341,162.0300,100
40294341210531,11:11:34.341,162.0300,6
40327020552100,11:12:07.020,162.1300,100
40327020989951,11:12:07.020,162.1400,100
40327020989951,11:12:07.020,162.1400,100
40327021062935,11:12:07.021,162.1400,100
40327021062935,11:12:07.021,162.1500,100
40327021550941,11:12:07.021,162.1500,6
40327021550941,11:12:07.021,162.1500,1
40403198711707,11:13:23.198,162.2200,11
40411837627723,11:13:31.837,162.1500,100
40411837627723,11:13:31.837,162.1500,100
40411837675338,11:13:31.837,162.1500,200
40411837685108,11:13:31.837,162.1500,200
40411837709270,11:13:31.837,162.1500,200
40463950899512,11:14:23.950,162.1800,77
40463951609130,11:14:23.951,162.1700,100
40463952068753,11:14:23.952,162.1700,78
40466443116362,11:14:26.443,162.1700,22
40466443116362,11:14:26.443,162.1700,78
40469584515974,11:14:29.584,162.1700,22
40469584515974,11:14:29.584,162.1700,100
40469584515974,11:14:29.584,162.1700,100
40478881403482,11:14:38.881,162.1900,1
40511727564406,11:15:11.727,162.1600,100
40511727564406,11:15:11.727,162.1600,100
40511727631202,11:15:11.727,162.1600,30
40511727683882,11:15:11.727,162.1600,70
40578909552899,11:16:18.909,162.2100,100
40578909552899,11:16:18.909,162.2100,100
40578909617177,11:16:18.909,162.2100,200
40578912850398,11:16:18.912,162.2100,7
40578923027375,11:16:18.923,162.2200,12
40579085840947,11:16:19.085,162.2100,5
40619432181149,11:16:59.432,162.1700,9
40619432237059,11:16:59.432,162.1700,91
40619432237059,11:16:59.432,162.1700,9
40619432314716,11:16:59.432,162.1700,91
40631489074111,11:17:11.489,162.1950,100
40631489103456,11:17:11.489,162.1950,100
40631489103456,11:17:11.489,162.2200,100
40631489999703,11:17:11.489,162.1900,10
40631491621369,11:17:11.491,162.2100,100
40631491712757,11:17:11.491,162.1900,10
40631515182498,11:17:11.515,162.2100,10
40632991281061,11:17:12.991,162.2300,100
40643833075147,11:17:23.833,162.2600,100
40643833182046,11:17:23.833,162.2600,100
40643833184245,11:17:23.833,162.2600,100
40643833398085,11:17:23.833,162.2600,100
40677802869494,11:17:57.802,162.2400,100
40677802920286,11:17:57.802,162.2400,14
40686661364228,11:18:06.661,162.2300,100
40686661656219,11:18:06.661,162.2300,100
40686661656219,11:18:06.661,162.2300,100
40726475940156,11:18:46.475,162.1900,10
40726475940156,11:18:46.475,162.1600,2
40726476303174,11:18:46.476,162.1600,10
40746019211583,11:19:06.019,162.1600,1
40746019299558,11:19:06.019,162.1900,100
40746019299558,11:19:06.019,162.1900,100
40746021183940,11:19:06.021,162.2000,100
40746021183940,11:19:06.021,162.2000,100
40764111373104,11:19:24.111,162.2100,100
40764111472293,11:19:24.111,162.2000,72
40764111581211,11:19:24.111,162.2000,28
40764111581211,11:19:24.111,162.2000,72
40764112069579,11:19:24.112,162.2000,24
40764112144126,11:19:24.112,162.2000,4
40764112144126,11:19:24.112,162.2000,100
40764113546920,11:19:24.113,162.1800,24
40764113641378,11:19:24.113,162.1700,24
40768973064741,11:19:28.973,162.1300,100
40844232544697,11:20:44.232,162.0700,83
40879332478484,11:21:19.332,162.0600,100
40898572347732,11:21:38.572,162.0600,100
40898572347732,11:21:38.572,162.0600,100
40915444047400,11:21:55.444,162.0600,1
40964144176667,11:22:44.144,162.0600,200
40964144226248,11:22:44.144,162.0600,100
40964144275781,11:22:44.144,162.0600,200
40964144731044,11:22:44.144,162.0600,100
40964144731044,11:22:44.144,162.0600,1
40964226059081,11:22:44.226,162.0900,24
40964711175718,11:22:44.711,162.1100,1
40964711175718,11:22:44.711,162.1200,99
40964741234156,11:22:44.741,162.1200,300
40965269323539,11:22:45.269,162.1200,100
40972338838141,11:22:52.338,162.0600,100
40972338838141,11:22:52.338,162.0600,100
40972339304567,11:22:52.339,162.0600,26
40972339432036,11:22:52.339,162.0600,10
40973345186712,11:22:53.345,162.0600,64
40973565992118,11:22:53.565,162.0900,100
40986258326766,11:23:06.258,162.1000,10
40989014292303,11:23:09.014,162.0600,100
40989015339384,11:23:09.015,162.0800,10
41010225940731,11:23:30.225,162.0700,100
41010225940731,11:23:30.225,162.0700,29
41010226773033,11:23:30.226,162.0700,100
41027396891942,11:23:47.396,162.1100,376
41027397058459,11:23:47.397,162.1100,200
41027397116199,11:23:47.397,162.1100,24
41027397116199,11:23:47.397,162.1100,100
41027397116199,11:23:47.397,162.1100,5
41027398068945,11:23:47.398,162.1200,9
41052063601121,11:24:12.063,162.1600,100
41063231628139,11:24:23.231,162.1300,100
41063232147321,11:24:23.232,162.1300,70
41063232194127,11:24:23.232,162.1300,30
41128992931258,11:25:28.992,162.1000,100
41128992931258,11:25:28.992,162.1000,100
41128992931258,11:25:28.992,162.1000,100
41128992931258,11:25:28.992,162.1000,100
41128993025780,11:25:28.993,162.1000,3
41128993038087,11:25:28.993,162.1000,97
41128997416908,11:25:28.997,162.0400,100
41148954266891,11:25:48.954,162.0500,100
41148954266891,11:25:48.954,162.0500,11
41148954266891,11:25:48.954,162.0500,100
41171022122140,11:26:11.022,161.9800,100
41171022261611,11:26:11.022,161.9800,10
41171022449413,11:26:11.022,161.9800,90
41172022607847,11:26:12.022,161.9100,1
41186269061757,11:26:26.269,161.9800,6
41186269061757,11:26:26.269,161.9800,100
41186269061757,11:26:26.269,161.9800,20
41186269061757,11:26:26.269,161.9800,30
41201742452652,11:26:41.742,161.9950,100
41266521813902,11:27:46.521,162.0150,100
41270120211124,11:27:50.120,161.9900,100
41270120275999,11:27:50.120,161.9900,100
41270120853682,11:27:50.120,161.9900,100
41270145901092,11:27:50.145,161.9700,13
41271927455305,11:27:51.927,161.9700,87
41273015349980,11:27:53.015,161.9400,100
41286030715640,11:28:06.030,161.9000,1
41287338622517,11:28:07.338,161.9400,1
41314668768770,11:28:34.668,161.8600,6
41314668768770,11:28:34.668,161.8600,100
41314668768770,11:28:34.668,161.8600,4
41314668787282,11:28:34.668,161.8600,100
41314669763094,11:28:34.669,161.8300,100
41314669763094,11:28:34.669,161.8300,24
41314671692880,11:28:34.671,161.8700,10
41314671748932,11:28:34.671,161.8700,2
41314671748932,11:28:34.671,161.8700,10
41314771376086,11:28:34.771,161.8900,2
41358759352740,11:29:18.759,161.9100,2
41358759352740,11:29:18.759,161.9100,7
41358759352740,11:29:18.759,161.9100,100
41554242694855,11:32:34.242,161.8700,29
41556108833769,11:32:36.108,161.8700,100
41556108833769,11:32:36.108,161.8700,57
41556108884562,11:32:36.108,161.8700,43
41556108884562,11:32:36.108,161.8700,57
41556108950417,11:32:36.108,161.8700,100
41556109065517,11:32:36.109,161.9200,1
41556109390679,11:32:36.109,161.9000,10
41556109390679,11:32:36.109,161.8900,10
41556109584804,11:32:36.109,161.8700,100
41556109672987,11:32:36.109,161.8700,43
41556109740731,11:32:36.109,161.8600,24
41556170069547,11:32:36.170,161.9000,15
41609161312709,11:33:29.161,161.8700,100
41609161454412,11:33:29.161,161.8700,7
41609265642469,11:33:29.265,161.8700,93
41614280592535,11:33:34.280,161.8600,100
41630095397910,11:33:50.095,161.8900,15
41630095397910,11:33:50.095,161.8900,85
41632046708859,11:33:52.046,161.8600,100
41632046736872,11:33:52.046,161.8500,100
41632047470950,11:33:52.047,161.8500,100
41632048474228,11:33:52.048,161.8300,20
41632048766610,11:33:52.048,161.8300,80
41632828344523,11:33:52.828,161.8000,100
41632828344523,11:33:52.828,161.8000,100
41652420558529,11:34:12.420,161.7500,10
41652420558529,11:34:12.420,161.7100,200
41652420558529,11:34:12.420,161.7000,100
41652420558529,11:34:12.420,161.7000,100
41652422407406,11:34:12.422,161.6800,190
41654752668019,11:34:14.752,161.7200,63
41654753044991,11:34:14.753,161.7300,15
41654753044991,11:34:14.753,161.7300,39
41654753068655,11:34:14.753,161.7300,61
41654753068655,11:34:14.753,161.7300,100
41654753101265,11:34:14.753,161.7400,100
41654753101265,11:34:14.753,161.7400,100
41654753101265,11:34:14.753,161.7400,3
41654753580254,11:34:14.753,161.7300,100
41655299025814,11:34:15.299,161.8000,100
41658205797259,11:34:18.205,161.8400,100
41663464616494,11:34:23.464,161.8700,24
41663540930665,11:34:23.540,161.9000,24
41673848228903,11:34:33.848,161.8800,24
41676351449083,11:34:36.351,161.8700,100
41676351825537,11:34:36.351,161.8700,300
41676352179644,11:34:36.352,161.8400,1
41676352312342,11:34:36.352,161.8700,10
41685298331422,11:34:45.298,161.9400,24
41686395979780,11:34:46.395,161.8900,100
41686426806034,11:34:46.426,161.8900,10
41686426806034,11:34:46.426,161.8900,80
41686426865846,11:34:46.426,161.8900,20
41692289560362,11:34:52.289,161.9200,100
41694374578735,11:34:54.374,161.9500,24
41694376782593,11:34:54.376,161.9100,100
41694377756795,11:34:54.377,161.8800,100
41777367790344,11:36:17.367,161.9100,100
41777367974043,11:36:17.367,161.9100,100
41777369467746,11:36:17.369,161.8800,100
41777369467746,11:36:17.369,161.8700,24
41777369480242,11:36:17.369,161.8500,24
41876745856815,11:37:56.745,161.7700,1
41879093093283,11:37:59.093,161.7500,99
41938485874079,11:38:58.485,161.6500,3
41991892940446,11:39:51.892,161.6900,1
41991892940446,11:39:51.892,161.6900,3
41999442964878,11:39:59.442,161.7600,100
41999443013914,11:39:59.443,161.7700,200
41999443068718,11:39:59.443,161.7700,100
41999444808507,11:39:59.444,161.7700,100
41999453398566,11:39:59.453,161.7700,100
42023560821964,11:40:23.560,161.8800,5
42033481191386,11:40:33.481,161.8700,100
42033484122451,11:40:33.484,161.9300,86
42120167617160,11:42:00.167,161.9300,1
42133738218180,11:42:13.738,162.0000,100
42133738305714,11:42:13.738,162.0100,100
42211344338082,11:43:31.344,162.0500,97
42211344338082,11:43:31.344,162.0400,3
42268494002276,11:44:28.494,162.1100,1
42268494150995,11:44:28.494,162.0700,10
42322528313818,11:45:22.528,162.0900,10
42322528313818,11:45:22.528,162.1100,10
42357526235040,11:45:57.526,162.0900,29
42357528324424,11:45:57.528,162.0800,100
42357528324424,11:45:57.528,162.0800,6
42357528324424,11:45:57.528,162.0800,94
42357528361687,11:45:57.528,162.0800,6
42357528361687,11:45:57.528,162.0800,94
42357528424911,11:45:57.528,162.0800,100
42357528488605,11:45:57.528,162.0800,100
42357528488605,11:45:57.528,162.0800,106
42357528517880,11:45:57.528,162.0800,100
42357528618649,11:45:57.528,162.0800,100
42357529716536,11:45:57.529,162.0400,50
42357532582335,11:45:57.532,162.0400,24
42357532875122,11:45:57.532,162.0400,14
42357665151196,11:45:57.665,162.0400,12
42357665151196,11:45:57.665,162.0300,88
42388651225888,11:46:28.651,162.0300,12
42417037444466,11:46:57.037,162.0100,100
42426296396670,11:47:06.296,162.0100,100
42426296396670,11:47:06.296,162.0100,100
42426297621060,11:47:06.297,162.0100,100
42426489891035,11:47:06.489,162.0100,100
42427195995250,11:47:07.195,161.9900,1
42431371501621,11:47:11.371,162.0200,100
42431373590421,11:47:11.373,162.0300,100
42501698413600,11:48:21.698,162.0000,45
42501698413600,11:48:21.698,162.0100,1
42501698413600,11:48:21.698,162.0100,100
42501704466446,11:48:21.704,161.9900,10
42509664940590,11:48:29.664,161.9700,100
42509664940590,11:48:29.664,161.9700,100
42517930175503,11:48:37.930,162.0000,40
42522067075358,11:48:42.067,162.0400,100
42522082766062,11:48:42.082,162.0400,100
42523507407173,11:48:43.507,162.0400,2
42523507407173,11:48:43.507,162.0400,198
42523507473343,11:48:43.507,162.0400,2
42523507473343,11:48:43.507,162.0400,7
42586053979519,11:49:46.053,162.1000,1
42586053979519,11:49:46.053,162.1000,99
42616830536231,11:50:16.830,162.1000,18
42617235257319,11:50:17.235,162.1200,100
42617236204259,11:50:17.236,162.1100,100
42617236585827,11:50:17.236,162.1100,80
42617236929335,11:50:17.236,162.1100,20
42617236929335,11:50:17.236,162.1100,80
42618259602054,11:50:18.259,162.1100,20
42618259602054,11:50:18.259,162.1100,80
42618259652938,11:50:18.259,162.1100,20
42771050234738,11:52:51.050,162.1100,1
42771411875598,11:52:51.411,162.1400,5
42771411923662,11:52:51.411,162.1400,95
42780464144796,11:53:00.464,162.1500,100
42780464144796,11:53:00.464,162.1400,100
42790755129977,11:53:10.755,162.2000,8
42791459740106,11:53:11.459,162.2000,92
42791459743126,11:53:11.459,162.2100,5
42902545326135,11:55:02.545,162.2800,1
42902545326135,11:55:02.545,162.2800,99
42908916113778,11:55:08.916,162.3000,98
42908916784494,11:55:08.916,162.3000,2
42908916784494,11:55:08.916,162.3000,100
42908917648546,11:55:08.917,162.2900,100
42908917696650,11:55:08.917,162.2900,100
42909015382571,11:55:09.015,162.2900,100
42909019335126,11:55:09.019,162.2800,11
42909019335126,11:55:09.019,162.2800,39
42914069621731,11:55:14.069,162.2900,100
42914072610733,11:55:14.072,162.2700,100
42914072713617,11:55:14.072,162.2700,100
42914072814746,11:55:14.072,162.2700,100
42914072911914,11:55:14.072,162.2700,100
42914073547789,11:55:14.073,162.2700,7
42914177000788,11:55:14.177,162.2700,93
42914177000788,11:55:14.177,162.2700,7
42914790247710,11:55:14.790,162.2700,93
42914790247710,11:55:14.790,162.2700,7
42921069369877,11:55:21.069,162.3000,100
42921070936662,11:55:21.070,162.2800,10
42921070936662,11:55:21.070,162.2800,10
42921070936662,11:55:21.070,162.2700,80
42927991334569,11:55:27.991,162.2700,13
42927991334569,11:55:27.991,162.2700,87
42927991390108,11:55:27.991,162.2700,13
42928578426357,11:55:28.578,162.2400,100
43058268558289,11:57:38.268,162.2400,10
43061268636341,11:57:41.268,162.2400,10
43062268723919,11:57:42.268,162.2400,10
43063268801889,11:57:43.268,162.2400,10
43064268876473,11:57:44.268,162.2400,10
43065268938931,11:57:45.268,162.2400,10
43066269008617,11:57:46.269,162.2400,10
43107526464192,11:58:27.526,162.2200,100
43111766745966,11:58:31.766,162.2300,100
43113134939885,11:58:33.134,162.2400,10
43128670091385,11:58:48.670,162.2400,10
43128670091385,11:58:48.670,162.2400,80
43133084680644,11:58:53.084,162.2300,100
43135419976521,11:58:55.419,162.2500,10
43135419976521,11:58:55.419,162.2500,100
43141758994744,11:59:01.758,162.2300,100
43141759131061,11:59:01.759,162.2300,100
43141760952727,11:59:01.760,162.2200,100
43141762493191,11:59:01.762,162.2100,100
43141762732533,11:59:01.762,162.1900,24
43229568780137,12:00:29.568,162.1500,100
43229568991953,12:00:29.568,162.1500,100
43282447957088,12:01:22.447,162.0700,30
43282448009030,12:01:22.448,162.0700,70
43282448009030,12:01:22.448,162.0700,30
43282448387932,12:01:22.448,162.0700,70
43282448387932,12:01:22.448,162.0700,8
43348050110551,12:02:28.050,162.0600,1
43348051204980,12:02:28.051,162.0800,20
43348051204980,12:02:28.051,162.0900,22
43348051277887,12:02:28.051,162.0750,200
43356743512397,12:02:36.743,162.0650,200
43356869718095,12:02:36.869,162.1300,1
43382267478985,12:03:02.267,162.0200,100
43382267478985,12:03:02.267,162.0200,20
43443717842422,12:04:03.717,162.1200,1
43455863204532,12:04:15.863,162.1000,1
43462057548877,12:04:22.057,162.0900,1
43485508922883,12:04:45.508,162.1000,100
43485508922883,12:04:45.508,162.1000,5
43485508922883,12:04:45.508,162.1000,100
43485508922883,12:04:45.508,162.1000,100
43492566158541,12:04:52.566,162.1200,1
43492566229537,12:04:52.566,162.1200,99
43492566229537,12:04:52.566,162.1200,100
43492567891178,12:04:52.567,162.1300,99
43492567891178,12:04:52.567,162.1300,1
43492567891178,12:04:52.567,162.1300,100
43492567904708,12:04:52.567,162.1300,100
43492567904708,12:04:52.567,162.1300,9
43492567904708,12:04:52.567,162.1300,91
43492567942487,12:04:52.567,162.1300,9
43492593962636,12:04:52.593,162.1500,100
43518711641370,12:05:18.711,162.1900,100
43518712038822,12:05:18.712,162.1900,100
43518712075697,12:05:18.712,162.1900,65
43518713122765,12:05:18.713,162.1900,100
43519463792431,12:05:19.463,162.1900,100
43522150984393,12:05:22.150,162.1900,35
43622514740737,12:07:02.514,162.1700,100
43622524254331,12:07:02.524,162.1600,100
43622524302221,12:07:02.524,162.1600,100
43622524302221,12:07:02.524,162.1600,100
43622524692272,12:07:02.524,162.1600,100
43623051525726,12:07:03.051,162.1400,100
43648928979517,12:07:28.928,162.1300,95
43659254336313,12:07:39.254,162.1300,5
43659254336313,12:07:39.254,162.1300,95
43736169720165,12:08:56.169,162.1600,1
43736170715106,12:08:56.170,162.1900,100
43736170786763,12:08:56.170,162.1900,100
43774895002282,12:09:34.895,162.1500,100
43774895142374,12:09:34.895,162.1500,100
43774895259533,12:09:34.895,162.1500,5
43865979206375,12:11:05.979,162.1500,1
43919868787074,12:11:59.868,162.1900,100
43919868787074,12:11:59.868,162.1900,100
43919868787074,12:11:59.868,162.1900,100
43919869250763,12:11:59.869,162.2000,27
43919873570452,12:11:59.873,162.2000,73
43919873570452,12:11:59.873,162.2000,4
43919873570452,12:11:59.873,162.2000,100
43927382690009,12:12:07.382,162.2100,1
43928356001269,12:12:08.356,162.2400,100
44004620486320,12:13:24.620,162.2800,9
44008632471099,12:13:28.632,162.2500,100
44045104954775,12:14:05.104,162.2500,100
44045104954775,12:14:05.104,162.2500,100
44045105051992,12:14:05.105,162.2500,100
44045105414328,12:14:05.105,162.2500,100
44046112254830,12:14:06.112,162.2200,100
44054981843023,12:14:14.981,162.2200,100
44054981990328,12:14:14.981,162.2200,80
44054982037501,12:14:14.982,162.2200,20
44058122420460,12:14:18.122,162.2200,6
44058125709774,12:14:18.125,162.2200,12
44058126670361,12:14:18.126,162.2200,82
44058126670361,12:14:18.126,162.2200,8
44058126954269,12:14:18.126,162.2000,24
44058127033111,12:14:18.127,162.2000,24
44058128115192,12:14:18.128,162.2000,52
44058128115192,12:14:18.128,162.2000,48
44058128178161,12:14:18.128,162.2000,52
44060785742767,12:14:20.785,162.1700,6
44060788427094,12:14:20.788,162.1700,6
44060788831086,12:14:20.788,162.1700,6
44060789543622,12:14:20.789,162.1700,12
44129658219133,12:15:29.658,162.2100,1
44149459956120,12:15:49.459,162.1900,100
44149461124029,12:15:49.461,162.1900,100
44217260642828,12:16:57.260,162.2400,100
44217262032587,12:16:57.262,162.2500,100
44217262088001,12:16:57.262,162.2600,200
44244161084379,12:17:24.161,162.2800,1
44297611391784,12:18:17.611,162.2800,11
44392037701308,12:19:52.037,162.2100,6
44392554405831,12:19:52.554,162.2000,100
44392554405831,12:19:52.554,162.2000,100
44392554405831,12:19:52.554,162.2000,100
44394038048216,12:19:54.038,162.1600,9
44394039681264,12:19:54.039,162.1600,100
44394039730701,12:19:54.039,162.1600,91
44394039730701,12:19:54.039,162.1600,9
44394039736830,12:19:54.039,162.1600,91
44394039736830,12:19:54.039,162.1600,9
44394039783493,12:19:54.039,162.1600,91
44394039830797,12:19:54.039,162.1600,9
44394039830797,12:19:54.039,162.1600,100
44394039830797,12:19:54.039,162.1600,91
44394200371405,12:19:54.200,162.1600,100
44396839092808,12:19:56.839,162.1400,20
44405807586976,12:20:05.807,162.1200,20
44405807586976,12:20:05.807,162.1200,100
44405829459503,12:20:05.829,162.1100,20
44466941447988,12:21:06.941,162.1000,1
44466941447988,12:21:06.941,162.0900,1
44466941447988,12:21:06.941,162.0900,10
44466941447988,12:21:06.941,162.0800,100
44466941447988,12:21:06.941,162.0800,88
44466941961034,12:21:06.941,162.0800,12
44466941961034,12:21:06.941,162.0800,43
44466942132712,12:21:06.942,162.0800,57
44466955360215,12:21:06.955,162.0700,20
44501469892163,12:21:41.469,162.0600,1
44517824223404,12:21:57.824,162.0400,20
44536791563170,12:22:16.791,162.0600,1
44550072366583,12:22:30.072,162.0400,52
44563647947315,12:22:43.647,162.0400,100
44563647947315,12:22:43.647,162.0400,100
44586473817740,12:23:06.473,162.0300,10
44586473817740,12:23:06.473,162.0300,10
44589582799836,12:23:09.582,162.0200,2
44589582894997,12:23:09.582,162.0100,1
44591474911006,12:23:11.474,162.0000,100
44600851996921,12:23:20.851,161.9900,10
44600851996921,12:23:20.851,161.9900,10
44604383618124,12:23:24.383,161.9700,2
44629937501854,12:23:49.937,161.9700,98
44629937501854,12:23:49.937,161.9700,2
44629937533680,12:23:49.937,161.9700,98
44630647257176,12:23:50.647,161.9600,10
44630647257176,12:23:50.647,161.9600,10
44664985494573,12:24:24.985,161.9500,10
44673998082830,12:24:33.998,161.9400,2
44689064381207,12:24:49.064,161.9300,1
44689064381207,12:24:49.064,161.9300,19
44689065162339,12:24:49.065,161.9200,10
44689065162339,12:24:49.065,161.9200,10
44689065162339,12:24:49.065,161.9200,100
44689065162339,12:24:49.065,161.9200,100
44689263153526,12:24:49.263,161.8700,20
44689263153526,12:24:49.263,161.8600,4
44727421326479,12:25:27.421,161.8500,10
44733095037865,12:25:33.095,161.8600,1
44733095037865,12:25:33.095,161.8600,100
44733097257232,12:25:33.097,161.8700,34
44773158163041,12:26:13.158,161.8500,100
44773158163041,12:26:13.158,161.8500,100
44773158287170,12:26:13.158,161.8500,100
44773159067160,12:26:13.159,161.8400,20
44773160180814,12:26:13.160,161.8200,2
44773163318527,12:26:13.163,161.8100,20
44773193632863,12:26:13.193,161.8000,20
44774906697888,12:26:14.906,161.8200,20
44774906697888,12:26:14.906,161.8200,80
44781796148195,12:26:21.796,161.8200,20
44781796148195,12:26:21.796,161.8200,100
44781796148195,12:26:21.796,161.8200,80
44784356117133,12:26:24.356,161.8200,100
44785774859440,12:26:25.774,161.8000,77
44785775419178,12:26:25.775,161.8000,23
44790112305270,12:26:30.112,161.8300,100
44807774486077,12:26:47.774,161.8400,100
44807777006217,12:26:47.777,161.8600,100
44895132539589,12:28:15.132,161.9100,100
44895132539589,12:28:15.132,161.9100,21
44895143803853,12:28:15.143,161.9200,100
44932060201565,12:28:52.060,161.9000,1
44932060220159,12:28:52.060,161.9700,15
44932060222200,12:28:52.060,161.9700,85
44938541729063,12:28:58.541,162.0000,100
44938541732070,12:28:58.541,162.0200,5
44945461697916,12:29:05.461,162.0100,100
44954943557699,12:29:14.943,162.0300,100
44954973373587,12:29:14.973,162.0700,27
44954973395002,12:29:14.973,162.1200,30
44999091168693,12:29:59.091,162.2300,100
44999091168693,12:29:59.091,162.2300,100
44999091265472,12:29:59.091,162.2200,100
44999091342806,12:29:59.091,162.2200,24
44999091342806,12:29:59.091,162.2200,76
44999091407230,12:29:59.091,162.2200,24
44999091407230,12:29:59.091,162.2200,76
44999091625821,12:29:59.091,162.2200,24
44999092063272,12:29:59.092,162.1900,21
45015653250260,12:30:15.653,162.1100,10
45030006494273,12:30:30.006,162.0800,20
45030006494273,12:30:30.006,162.0700,100
45030006494273,12:30:30.006,162.0700,80
45030006565122,12:30:30.006,162.0700,20
45030006603637,12:30:30.006,162.0700,100
45042357537254,12:30:42.357,162.0300,20
45042357537254,12:30:42.357,162.0200,80
45042357591232,12:30:42.357,162.0200,20
45042358344527,12:30:42.358,162.0000,20
45042359333687,12:30:42.359,161.9900,10
45042360477187,12:30:42.360,161.9800,20
45042360829580,12:30:42.360,161.9700,20
45066028551028,12:31:06.028,161.9500,1
45066484173024,12:31:06.484,161.9300,20
45066484173024,12:31:06.484,161.9300,80
45067028507248,12:31:07.028,161.9600,1
45121630080464,12:32:01.630,161.9800,100
45122597673282,12:32:02.597,161.9700,100
45122598639624,12:32:02.598,161.9600,42
45122600991075,12:32:02.600,161.9600,58
45149652439688,12:32:29.652,161.9000,10
45149652439688,12:32:29.652,161.9000,90
45149652506082,12:32:29.652,161.9000,10
45149652506082,12:32:29.652,161.9000,90
45149652513758,12:32:29.652,161.9000,10
45149683373880,12:32:29.683,161.8900,20
45149683373880,12:32:29.683,161.8800,20
45149683373880,12:32:29.683,161.8700,2
45169162541668,12:32:49.162,161.8600,10
45170661651504,12:32:50.661,161.8500,1
45170661651504,12:32:50.661,161.8500,19
45170662627078,12:32:50.662,161.8400,20
45171483628892,12:32:51.483,161.8200,20
45182870571325,12:33:02.870,161.8100,20
45183451525952,12:33:03.451,161.8000,20
45183870586678,12:33:03.870,161.7900,20
45204306770353,12:33:24.306,161.8100,1
45206821983230,12:33:26.821,161.7800,10
45206821983230,12:33:26.821,161.7800,10
45206821983230,12:33:26.821,161.7800,31
45206822073592,12:33:26.822,161.7800,54
45215716896812,12:33:35.716,161.7800,8
45215717124364,12:33:35.717,161.7800,7
45215717124364,12:33:35.717,161.7800,17
45215717272446,12:33:35.717,161.7800,7
45215717686833,12:33:35.717,161.7700,1
45215719306835,12:33:35.719,161.7600,10
45215719306835,12:33:35.719,161.7300,4
45215731884431,12:33:35.731,161.7300,16
45258940822524,12:34:18.940,161.7200,20
45258941912522,12:34:18.941,161.7100,1
45258941912522,12:34:18.941,161.7100,19
45287245852085,12:34:47.245,161.6900,20
45288933342041,12:34:48.933,161.7200,1
45314150802179,12:35:14.150,161.7600,100
45314150852527,12:35:14.150,161.7600,46
45314150852527,12:35:14.150,161.7600,54
45314151663899,12:35:14.151,161.7600,34
45314155463997,12:35:14.155,161.7600,100
45314186216687,12:35:14.186,161.7400,12
45316137665895,12:35:16.137,161.7700,12
45324954869631,12:35:24.954,161.7700,88
45338314824536,12:35:38.314,161.8400,100
45338314824536,12:35:38.314,161.8400,100
45362755662066,12:36:02.755,161.9700,100
45362755662066,12:36:02.755,161.9700,6
45362755672072,12:36:02.755,161.9700,15
45471043064940,12:37:51.043,162.0200,1
45471043450165,12:37:51.043,162.0600,179
45477231754565,12:37:57.231,162.0300,200
45489378863418,12:38:09.378,162.0300,100
45489382269191,12:38:09.382,162.0200,100
45489382269191,12:38:09.382,162.0200,100
45493612898308,12:38:13.612,162.0600,15
45496629212670,12:38:16.629,162.0200,43
45496629692956,12:38:16.629,162.0200,57
45496629692956,12:38:16.629,162.0200,100
45496630054519,12:38:16.630,162.0200,100
45496630103742,12:38:16.630,162.0200,10
45496630663365,12:38:16.630,162.0000,11
45527157135266,12:38:47.157,162.0100,100
45527157153277,12:38:47.157,162.0200,100
45534937480434,12:38:54.937,162.1400,5
45535812360842,12:38:55.812,162.2000,1
45567296067341,12:39:27.296,162.1100,100
45567296067341,12:39:27.296,162.1100,200
45567296128610,12:39:27.296,162.1100,100
45567296593539,12:39:27.296,162.0800,22
45573554558326,12:39:33.554,162.0600,20
45573736815591,12:39:33.736,162.0500,10
45573736815591,12:39:33.736,162.0500,90
45575269815026,12:39:35.269,162.0900,1
45575269815026,12:39:35.269,162.0900,100
45631690586773,12:40:31.690,162.0600,100
45631690586773,12:40:31.690,162.0600,100
45631690743646,12:40:31.690,162.0600,10
45632030152898,12:40:32.030,162.0400,10
45632030909522,12:40:32.030,162.0300,10
45632030922656,12:40:32.030,162.0200,10
45632030933666,12:40:32.030,162.0100,10
45632030945086,12:40:32.030,161.9900,10
45632030945086,12:40:32.030,161.9800,10
45632030947285,12:40:32.030,161.9700,10
45632030955151,12:40:32.030,161.9600,5
45708541380603,12:41:48.541,161.9500,20
45708541380603,12:41:48.541,161.9500,100
45708541380603,12:41:48.541,161.9500,33
45708543354136,12:41:48.543,161.9300,10
45708543354136,12:41:48.543,161.9300,10
45708543354136,12:41:48.543,161.9200,10
45708543354136,12:41:48.543,161.9200,10
45708543859453,12:41:48.543,161.9100,52
45708544135781,12:41:48.544,161.9100,48
45708544157236,12:41:48.544,161.9000,1
45708544157236,12:41:48.544,161.9000,47
45708546328272,12:41:48.546,161.8900,8
45708568196584,12:41:48.568,161.8900,2
45708568196584,12:41:48.568,161.8900,10
45709054076107,12:41:49.054,161.9100,100
45709054470902,12:41:49.054,161.9300,1
45709054859650,12:41:49.054,161.9100,1
45724928945632,12:42:04.928,161.8800,1
45724932907741,12:42:04.932,161.8700,10
45724932907741,12:42:04.932,161.8700,10
45724932907741,12:42:04.932,161.8600,4
45743530465435,12:42:23.530,161.8500,2
45743530465435,12:42:23.530,161.8500,18
45743530866334,12:42:23.530,161.8400,10
45743530866334,12:42:23.530,161.8400,10
45743530866334,12:42:23.530,161.8400,80
45743530921052,12:42:23.530,161.8400,20
45743531197561,12:42:23.531,161.8300,10
45743531197561,12:42:23.531,161.8300,10
45743548065958,12:42:23.548,161.8200,5
45744069083933,12:42:24.069,161.8200,1
45744069844771,12:42:24.069,161.8100,10
45744069844771,12:42:24.069,161.8100,90
45753410851266,12:42:33.410,161.8000,8
45782506993466,12:43:02.506,161.8500,100
45782507457182,12:43:02.507,161.8600,1
45782507457182,12:43:02.507,161.8600,100
45782507457182,12:43:02.507,161.8600,100
45782507457182,12:43:02.507,161.8600,100
45815690631535,12:43:35.690,161.8400,100
45815690631535,12:43:35.690,161.8400,100
45815690792513,12:43:35.690,161.8400,63
45815690846741,12:43:35.690,161.8400,37
45842304179834,12:44:02.304,161.7900,2
45843962244092,12:44:03.962,161.7800,10
45843962244092,12:44:03.962,161.7800,10
45843962244092,12:44:03.962,161.7600,10
45843962244092,12:44:03.962,161.7600,10
45843962244092,12:44:03.962,161.7400,60
45843976152466,12:44:03.976,161.7400,40
45843992852188,12:44:03.992,161.7300,10
45843992852188,12:44:03.992,161.7300,10
45844001193612,12:44:04.001,161.7200,20
45845412670225,12:44:05.412,161.7100,20
45845412728974,12:44:05.412,161.7000,20
45845412792991,12:44:05.412,161.6900,20
45845413852629,12:44:05.413,161.6800,1
45869809521053,12:44:29.809,161.6600,20
45881332983865,12:44:41.332,161.6700,1
45881408623778,12:44:41.408,161.7000,21
45897938038527,12:44:57.938,161.7400,100
45897938038527,12:44:57.938,161.7400,100
45897938153051,12:44:57.938,161.7400,100
45897938493192,12:44:57.938,161.7600,100
45897956607600,12:44:57.956,161.7400,20
45897956607600,12:44:57.956,161.7600,1
45968943329652,12:46:08.943,161.7300,100
45968943949644,12:46:08.943,161.7200,25
45968944003541,12:46:08.944,161.7200,75
45968944003541,12:46:08.944,161.7200,25
45968944518861,12:46:08.944,161.7200,75
46017596411083,12:46:57.596,161.6800,1
46021073754594,12:47:01.073,161.7100,100
46021073806085,12:47:01.073,161.7100,100
46021073810013,12:47:01.073,161.7100,21
46086712778725,12:48:06.712,161.8200,11
46119992739811,12:48:39.992,161.7500,100
46134481535891,12:48:54.481,161.7400,100
46134481535891,12:48:54.481,161.7400,100
46134482703240,12:48:54.482,161.7400,100
46146240057626,12:49:06.240,161.7100,2
46149427730872,12:49:09.427,161.7100,4
46150589096785,12:49:10.589,161.7300,1
46150589639284,12:49:10.589,161.7400,30
46150619414756,12:49:10.619,161.7400,70
46249226608199,12:50:49.226,161.7800,7
46262822148705,12:51:02.822,161.7800,93
46262822148705,12:51:02.822,161.7800,91
46262822317224,12:51:02.822,161.7800,7
46262822436213,12:51:02.822,161.7800,2
46262822436213,12:51:02.822,161.7800,98
46262822642622,12:51:02.822,161.7800,2
46300037241159,12:51:40.037,161.7500,100
46300037241159,12:51:40.037,161.7500,20
46300037241159,12:51:40.037,161.7500,10
46300037241159,12:51:40.037,161.7500,5
46300037241159,12:51:40.037,161.7400,7
46300037241159,12:51:40.037,161.7400,58
46306859416905,12:51:46.859,161.7400,39
46306860075250,12:51:46.860,161.7400,3
46306860075250,12:51:46.860,161.7400,97
46306860139347,12:51:46.860,161.7400,3
46306860139347,12:51:46.860,161.7400,97
46306860191160,12:51:46.860,161.7400,3
46306860198447,12:51:46.860,161.7400,100
46337942609227,12:52:17.942,161.8000,100
46337944105087,12:52:17.944,161.8000,5
46337944114545,12:52:17.944,161.8100,100
46353668340421,12:52:33.668,161.8300,1
46353668354349,12:52:33.668,161.8400,98
46353668364730,12:52:33.668,161.8400,2
46406049824518,12:53:26.049,161.8100,100
46406049824518,12:53:26.049,161.8000,100
46406050721490,12:53:26.050,161.8000,100
46406053411266,12:53:26.053,161.7900,44
46406053549530,12:53:26.053,161.7900,56
46406053549530,12:53:26.053,161.7900,44
46406053615562,12:53:26.053,161.7900,56
46406053615562,12:53:26.053,161.7900,44
46406053676640,12:53:26.053,161.7900,56
46423197754070,12:53:43.197,161.7800,100
46423197754070,12:53:43.197,161.7800,100
46423197754070,12:53:43.197,161.7800,100
46423199001143,12:53:43.199,161.7800,100
46444891160440,12:54:04.891,161.7800,100
46444892197521,12:54:04.892,161.7500,100
46444892247258,12:54:04.892,161.7500,100
46444892634718,12:54:04.892,161.7500,100
46471315300984,12:54:31.315,161.7300,100
46471315312928,12:54:31.315,161.7300,23
46471316404589,12:54:31.316,161.7300,77
46471331149425,12:54:31.331,161.7200,10
46471331313420,12:54:31.331,161.7100,10
46471331313420,12:54:31.331,161.7000,10
46471331427682,12:54:31.331,161.6900,10
46471331427682,12:54:31.331,161.6900,90
46471331864376,12:54:31.331,161.6900,5
46471331912315,12:54:31.331,161.6900,5
46523901795906,12:55:23.901,161.6900,100
46523902798135,12:55:23.902,161.6800,4
46523903935628,12:55:23.903,161.6700,10
46523904694356,12:55:23.904,161.6600,10
46523906755441,12:55:23.906,161.6500,10
46523909012248,12:55:23.909,161.6300,10
46523909012248,12:55:23.909,161.6200,10
46523909012248,12:55:23.909,161.6200,180
46523911255951,12:55:23.911,161.6200,20
46524711825168,12:55:24.711,161.6500,20
46524712637808,12:55:24.712,161.6700,45
46535039807551,12:55:35.039,161.6100,10
46535039818013,12:55:35.039,161.6000,10
46535039818013,12:55:35.039,161.6000,81
46543020097962,12:55:43.020,161.5900,5
46543020097962,12:55:43.020,161.5900,15
46543020288959,12:55:43.020,161.5900,10
46543020583277,12:55:43.020,161.5900,24
46543020630547,12:55:43.020,161.5900,10
46546172007043,12:55:46.172,161.5800,1
46546172007043,12:55:46.172,161.5800,9
46546173147350,12:55:46.173,161.5700,10
46560587097746,12:56:00.587,161.6000,1
46570549566967,12:56:10.549,161.6300,100
46570549566967,12:56:10.549,161.6300,100
46570550010889,12:56:10.550,161.6400,9
46570550059837,12:56:10.550,161.6400,91
46677034572028,12:57:57.034,161.7300,1
46677035540109,12:57:57.035,161.8000,100
46736633384635,12:58:56.633,161.7600,3
46736633384635,12:58:56.633,161.7200,97
46736635288443,12:58:56.635,161.7200,3
46736636701295,12:58:56.636,161.7100,100
46736636988793,12:58:56.636,161.6900,100
46766863747791,12:59:26.863,161.6900,100
46766863747791,12:59:26.863,161.6800,83
46778017561286,12:59:38.017,161.6900,100
46778017561286,12:59:38.017,161.6800,100
46778017748865,12:59:38.017,161.6800,100
46778017748865,12:59:38.017,161.6800,100
46778018162880,12:59:38.018,161.6800,100
46778883964064,12:59:38.883,161.6800,100
46778884069593,12:59:38.884,161.6800,100
46779018060679,12:59:39.018,161.6700,10
46784069449883,12:59:44.069,161.6500,2
46784069776639,12:59:44.069,161.6400,20
46784070758759,12:59:44.070,161.6300,20
46796897280985,12:59:56.897,161.7100,100
46796897329671,12:59:56.897,161.7100,100
46796897706031,12:59:56.897,161.7100,1
46861233645024,13:01:01.233,161.7300,100
46861264623378,13:01:01.264,161.7100,5
46895313053807,13:01:35.313,161.7500,95
46896617078145,13:01:36.617,161.8250,5
46943482736358,13:02:23.482,161.7500,23
46943482736358,13:02:23.482,161.7500,2
46943482736358,13:02:23.482,161.7500,100
46943482736358,13:02:23.482,161.7500,100
46943482753068,13:02:23.482,161.7500,100
46943485038096,13:02:23.485,161.7400,23
46943486105329,13:02:23.486,161.7300,23
46943487166107,13:02:23.487,161.7200,20
47033036244641,13:03:53.036,161.6900,1
47033036244641,13:03:53.036,161.6900,99
47033036319820,13:03:53.036,161.6900,1
47033036319820,13:03:53.036,161.6900,99
47033036386650,13:03:53.036,161.6900,1
47033036386650,13:03:53.036,161.6900,99
47033036405549,13:03:53.036,161.6900,1
47033037150593,13:03:53.037,161.6800,20
47033037150593,13:03:53.037,161.6800,15
47033037150593,13:03:53.037,161.6800,65
47033037153617,13:03:53.037,161.6800,35
47033037681193,13:03:53.037,161.6700,5
47033037681193,13:03:53.037,161.6600,2
47038425428687,13:03:58.425,161.6500,10
47038425428687,13:03:58.425,161.6400,10
47038425428687,13:03:58.425,161.6300,5
47038425428687,13:03:58.425,161.6300,25
47059919470677,13:04:19.919,161.6300,100
47059950631712,13:04:19.950,161.6100,5
47100046953631,13:05:00.046,161.6300,1
47100434103671,13:05:00.434,161.6400,100
47100434471114,13:05:00.434,161.6300,27
47100434533749,13:05:00.434,161.6300,73
47100488005787,13:05:00.488,161.6200,10
47100529240592,13:05:00.529,161.6300,21
47100529240592,13:05:00.529,161.6300,1
47100529240592,13:05:00.529,161.6500,68
47116664634445,13:05:16.664,161.6700,100
47135769619198,13:05:35.769,161.7300,100
47135770220505,13:05:35.770,161.7200,100
47135770339067,13:05:35.770,161.7200,100
47135770483032,13:05:35.770,161.7100,3
47205117887342,13:06:45.117,161.7600,100
47205128680200,13:06:45.128,161.7700,5
47207660983419,13:06:47.660,161.7900,100
47310004867195,13:08:30.004,161.8400,100
47310004867195,13:08:30.004,161.8400,100
47310005362843,13:08:30.005,161.8400,57
47310005444687,13:08:30.005,161.8400,43
47310005731183,13:08:30.005,161.8300,1
47310007384186,13:08:30.007,161.8200,100
47355114920752,13:09:15.114,161.7800,100
47355114970337,13:09:15.114,161.7800,100
47356015117547,13:09:16.015,161.7600,1
47364504678365,13:09:24.504,161.8000,100
47429106533234,13:10:29.106,161.7700,100
47429106533234,13:10:29.106,161.7700,100
47429106626671,13:10:29.106,161.7700,30
47429112880423,13:10:29.112,161.8100,10
47429112880423,13:10:29.112,161.8200,8
47431977291934,13:10:31.977,161.7700,10
47431977291934,13:10:31.977,161.7700,10
47495712058013,13:11:35.712,161.7800,1
47569233112391,13:12:49.233,161.8200,100
47579764343804,13:12:59.764,161.7600,100
47579764960794,13:12:59.764,161.7500,100
47579764982819,13:12:59.764,161.7500,100
47579765405649,13:12:59.765,161.7400,100
47579765405649,13:12:59.765,161.7400,100
47579765635317,13:12:59.765,161.7300,69
47579765649372,13:12:59.765,161.7300,31
47579765688382,13:12:59.765,161.7400,100
47580013789480,13:13:00.013,161.7500,100
47633324810461,13:13:53.324,161.7700,100
47633324910853,13:13:53.324,161.7700,100
47633324985117,13:13:53.324,161.7700,100
47633325192755,13:13:53.325,161.7700,2
47651457996079,13:14:11.457,161.8100,5
47651457996079,13:14:11.457,161.8100,3
47651457996079,13:14:11.457,161.8100,92
47651458061694,13:14:11.458,161.8100,8
47651458303747,13:14:11.458,161.8200,100
47651493402921,13:14:11.493,161.8000,100
47651493587062,13:14:11.493,161.8000,20
47691777461841,13:14:51.777,161.8050,2
47691777827335,13:14:51.777,161.7800,100
47691777827335,13:14:51.777,161.7800,100
47691777832215,13:14:51.777,161.7800,98
47705069518017,13:15:05.069,161.7200,100
47705069518017,13:15:05.069,161.7200,100
47705070060995,13:15:05.070,161.7100,100
47705070124840,13:15:05.070,161.7100,100
47705083543942,13:15:05.083,161.7000,1
47705083543942,13:15:05.083,161.7000,4
47711503065325,13:15:11.503,161.7000,6
47711503065325,13:15:11.503,161.6800,2
47711503065325,13:15:11.503,161.6800,3
47749013951157,13:15:49.013,161.6900,1
47749044040017,13:15:49.044,161.7100,100
47749045503123,13:15:49.045,161.7200,22
47749046120967,13:15:49.046,161.7900,4
47749046150648,13:15:49.046,161.7900,4
47749046263282,13:15:49.046,161.7900,2
47751463189507,13:15:51.463,161.7900,100
47751686443028,13:15:51.686,161.8200,1
47751686492360,13:15:51.686,161.8250,100
47756113372224,13:15:56.113,161.8300,1
47756148086935,13:15:56.148,161.8600,1
47761525549864,13:16:01.525,161.8200,100
47761525559479,13:16:01.525,161.8200,100
47773117704923,13:16:13.117,161.7500,100
47773118169487,13:16:13.118,161.7500,100
47788018368298,13:16:28.018,161.7300,20
47788018368298,13:16:28.018,161.7300,4
47840362643270,13:17:20.362,161.7300,1
47840362643270,13:17:20.362,161.7300,99
47869915414633,13:17:49.915,161.7300,100
47869951535446,13:17:49.951,161.7600,21
47869951535446,13:17:49.951,161.7700,21
47869951535446,13:17:49.951,161.7800,21
47884153472733,13:18:04.153,161.7300,1
47902415851290,13:18:22.415,161.8100,7
47931870873857,13:18:51.870,161.7400,99
47931870873857,13:18:51.870,161.7400,1
47931870926758,13:18:51.870,161.7400,75
47931870955406,13:18:51.870,161.7400,24
47931870955406,13:18:51.870,161.7400,76
47931870976840,13:18:51.870,161.7400,1
47931870982971,13:18:51.870,161.7400,23
47931871283810,13:18:51.871,161.7200,21
47931872874745,13:18:51.872,161.7000,100
48045790606889,13:20:45.790,161.6600,100
48045790606889,13:20:45.790,161.6600,100
48045790682274,13:20:45.790,161.6600,46
48045790740260,13:20:45.790,161.6600,54
48045790740260,13:20:45.790,161.6600,10
48045790740260,13:20:45.790,161.6600,2
48155850354227,13:22:35.850,161.6000,100
48159965190384,13:22:39.965,161.6200,100
48186047132915,13:23:06.047,161.6000,25
48186047444852,13:23:06.047,161.6000,19
48199848396595,13:23:19.848,161.6200,1
48199913955478,13:23:19.913,161.6000,100
48202219185883,13:23:22.219,161.6300,100
48242793044075,13:24:02.793,161.6400,1
48250495983780,13:24:10.495,161.6100,100
48250495989348,13:24:10.495,161.6100,100
48250589105177,13:24:10.589,161.6100,100
48277008616331,13:24:37.008,161.6500,93
48277008629787,13:24:37.008,161.6500,7
48291844695995,13:24:51.844,161.6400,100
48291845704722,13:24:51.845,161.6400,100
48291846947866,13:24:51.846,161.6400,100
48291847753664,13:24:51.847,161.6400,100
48291852086203,13:24:51.852,161.6400,100
48307211853740,13:25:07.211,161.6400,100
48344231274987,13:25:44.231,161.6700,100
48351806628388,13:25:51.806,161.6700,9
48375763769778,13:26:15.763,161.6500,100
48375764273179,13:26:15.764,161.6500,100
48375764815014,13:26:15.764,161.6500,100
48375765660626,13:26:15.765,161.6200,100
48375765692218,13:26:15.765,161.6100,100
48425480064706,13:27:05.480,161.6000,100
48425480642540,13:27:05.480,161.6000,100
48427025003227,13:27:07.025,161.5300,1
48427025014150,13:27:07.025,161.5600,100
48427025023206,13:27:07.025,161.5700,82
48427026601578,13:27:07.026,161.5500,15
48512380118338,13:28:32.380,161.5900,1
48519179071470,13:28:39.179,161.5900,100
48519179071470,13:28:39.179,161.5900,100
48572076661472,13:29:32.076,161.6100,1
48614340260646,13:30:14.340,161.5900,24
48614340328217,13:30:14.340,161.5900,76
48614340328217,13:30:14.340,161.5900,24
48614340338906,13:30:14.340,161.5900,46
48614340692374,13:30:14.340,161.5900,30
48614340692374,13:30:14.340,161.5900,70
48614340775317,13:30:14.340,161.5900,30
48614341356802,13:30:14.341,161.5800,2
48666874025634,13:31:06.874,161.6300,5
48666874025634,13:31:06.874,161.6300,5
48682478895429,13:31:22.478,161.5900,37
48682491206906,13:31:22.491,161.6100,63
48682495962830,13:31:22.495,161.5900,100
48682496186243,13:31:22.496,161.5900,100
48682496431872,13:31:22.496,161.5900,75
48682497270822,13:31:22.497,161.5900,25
48682497270822,13:31:22.497,161.5900,75
48831849119818,13:33:51.849,161.5500,36
48831849274209,13:33:51.849,161.5500,64
48831849274209,13:33:51.849,161.5500,100
48831849274209,13:33:51.849,161.5500,36
48845716631390,13:34:05.716,161.5500,64
48845716631390,13:34:05.716,161.5500,36
48847718652269,13:34:07.718,161.5500,64
48847718652269,13:34:07.718,161.5500,36
48848139863761,13:34:08.139,161.5500,18
48848389401653,13:34:08.389,161.5500,46
48848389401653,13:34:08.389,161.5500,100
48848389910538,13:34:08.389,161.5400,100
48868983977131,13:34:28.983,161.5300,1
48868983977131,13:34:28.983,161.5300,2
48951622689200,13:35:51.622,161.5000,36
48951622739765,13:35:51.622,161.5000,64
48951622739765,13:35:51.622,161.5000,36
48961265625928,13:36:01.265,161.5300,1
49027964732787,13:37:07.964,161.5300,64
49027964732787,13:37:07.964,161.5300,100
49027965143091,13:37:07.965,161.5300,100
49027965329213,13:37:07.965,161.5300,100
49041521553867,13:37:21.521,161.4900,8
49053601471090,13:37:33.601,161.5200,100
49066695476861,13:37:46.695,161.5300,100
49066695476861,13:37:46.695,161.5300,100
49066697156358,13:37:46.697,161.5500,24
49066698902539,13:37:46.698,161.5400,2
49066702806675,13:37:46.702,161.5500,2
49066702829752,13:37:46.702,161.5800,49
49066702831277,13:37:46.702,161.5800,51
49122478486212,13:38:42.478,161.6200,100
49198575232398,13:39:58.575,161.6400,100
49198575310073,13:39:58.575,161.6400,33
49198575332409,13:39:58.575,161.6400,1
49198575343104,13:39:58.575,161.6400,58
49198575510365,13:39:58.575,161.6400,100
49216653688504,13:40:16.653,161.6200,87
49227245122701,13:40:27.245,161.6500,67
49227245122701,13:40:27.245,161.6600,1
49238327098410,13:40:38.327,161.6300,57
49238327167655,13:40:38.327,161.6300,43
49238327167655,13:40:38.327,161.6300,57
49238327258839,13:40:38.327,161.6300,43
49238327258839,13:40:38.327,161.6300,57
49238327663565,13:40:38.327,161.6300,43
49238327663565,13:40:38.327,161.6300,5
49238327715981,13:40:38.327,161.6300,95
49281603993620,13:41:21.603,161.6300,100
49281604455956,13:41:21.604,161.6300,23
49338375455937,13:42:18.375,161.6700,5
49338380552647,13:42:18.380,161.6500,10
49341684431747,13:42:21.684,161.6600,22
49341684867459,13:42:21.684,161.6700,10
49341684867459,13:42:21.684,161.6700,9
49352037326413,13:42:32.037,161.6700,1
49352037326413,13:42:32.037,161.6700,3
49352037326413,13:42:32.037,161.6700,3
49388526873810,13:43:08.526,161.6700,1
49397992916140,13:43:17.992,161.7100,7
49431121869725,13:43:51.121,161.6800,100
49431134944151,13:43:51.134,161.6700,100
49431135284735,13:43:51.135,161.6600,100
49431135319136,13:43:51.135,161.6600,6
49431159063860,13:43:51.159,161.6600,94
49455226226141,13:44:15.226,161.6200,100
49455226226141,13:44:15.226,161.6200,100
49455226588365,13:44:15.226,161.6200,100
49455231027531,13:44:15.231,161.5900,1
49455274005396,13:44:15.274,161.5800,1
49455275778644,13:44:15.275,161.5600,5
49455275778644,13:44:15.275,161.5600,95
49455275922595,13:44:15.275,161.5600,5
49455275922595,13:44:15.275,161.5600,10
49456522926174,13:44:16.522,161.5500,1
49456522926174,13:44:16.522,161.5500,4
49456523525462,13:44:16.523,161.5400,1
49456523525462,13:44:16.523,161.5400,9
49462899011940,13:44:22.899,161.5300,1
49462899011940,13:44:22.899,161.5300,9
49462899272153,13:44:22.899,161.5200,1
49462899272153,13:44:22.899,161.5200,99
49462899349106,13:44:22.899,161.5200,1
49462899349106,13:44:22.899,161.5200,100
49462899362186,13:44:22.899,161.5100,1
49462899362186,13:44:22.899,161.5100,9
49462899377612,13:44:22.899,161.5000,2
49462899377612,13:44:22.899,161.5000,78
49462899450970,13:44:22.899,161.5000,10
49463461921025,13:44:23.461,161.5200,100
49491106017015,13:44:51.106,161.4900,1
49491106983313,13:44:51.106,161.4900,10
49491119402283,13:44:51.119,161.4900,100
49491131404083,13:44:51.131,161.5000,10
49491131404083,13:44:51.131,161.5100,1
49491131404083,13:44:51.131,161.5100,18
49501280871678,13:45:01.280,161.5100,100
49501280871678,13:45:01.280,161.4900,10
49501280871678,13:45:01.280,161.4900,49
49501281694622,13:45:01.281,161.4900,100
49501281934228,13:45:01.281,161.4900,100
49501282567832,13:45:01.282,161.4900,48
49501282584616,13:45:01.282,161.4900,24
49501282784367,13:45:01.282,161.4900,28
49501293049817,13:45:01.293,161.4900,100
49501293167853,13:45:01.293,161.4800,1
49501293167853,13:45:01.293,161.4800,9
49501293915631,13:45:01.293,161.4600,12
49501302028446,13:45:01.302,161.4500,1
49501302028446,13:45:01.302,161.4500,4
49501302096417,13:45:01.302,161.4400,1
49516471837557,13:45:16.471,161.4300,100
49516524141862,13:45:16.524,161.4300,100
49519143737401,13:45:19.143,161.4600,100
49537745124156,13:45:37.745,161.4600,100
49549321930785,13:45:49.321,161.4700,100
49549322037125,13:45:49.322,161.4700,100
49555286868862,13:45:55.286,161.5000,2
49555286868862,13:45:55.286,161.5000,98
49555287934399,13:45:55.287,161.5000,2
49555287999220,13:45:55.287,161.5200,100
49555289055768,13:45:55.289,161.5200,100
49625065859199,13:47:05.065,161.4800,100
49659035975716,13:47:39.035,161.4700,4
49659035975716,13:47:39.035,161.4700,33
49659036606746,13:47:39.036,161.4700,1
49659036672437,13:47:39.036,161.4700,66
49659036672437,13:47:39.036,161.4700,34
49659036712044,13:47:39.036,161.4700,66
49659036712044,13:47:39.036,161.4700,100
49666047488186,13:47:46.047,161.4200,1
49740658992617,13:49:00.658,161.4000,4
49740659039587,13:49:00.659,161.4000,6
49740659039587,13:49:00.659,161.3900,100
49740659039587,13:49:00.659,161.3900,94
49740659110582,13:49:00.659,161.3900,6
49740659110582,13:49:00.659,161.3900,100
49740659110582,13:49:00.659,161.3900,94
49740659115763,13:49:00.659,161.3900,6
49740660362392,13:49:00.660,161.3500,100
49740660822729,13:49:00.660,161.3300,1
49740660896291,13:49:00.660,161.3300,99
49760124279183,13:49:20.124,161.3200,1
49796946949605,13:49:56.946,161.3300,200
49805156830665,13:50:05.156,161.2900,100
49885210566418,13:51:25.210,161.3800,100
49885211025545,13:51:25.211,161.3800,2
49894039734032,13:51:34.039,161.3300,1
49894039744969,13:51:34.039,161.3500,30
49894040154295,13:51:34.040,161.3300,10
49894040408657,13:51:34.040,161.3300,90
49894046410528,13:51:34.046,161.3800,200
49894051522592,13:51:34.051,161.3400,10
49894052032739,13:51:34.052,161.3800,10
49900065397882,13:51:40.065,161.3200,100
49900065397882,13:51:40.065,161.3200,100
49943551576236,13:52:23.551,161.3100,100
49943551576236,13:52:23.551,161.3100,10
49943552087213,13:52:23.552,161.3100,90
49943552087213,13:52:23.552,161.3100,10
49943552286711,13:52:23.552,161.3100,90
49943552332429,13:52:23.552,161.3100,45
49943552516818,13:52:23.552,161.3100,100
49943552559673,13:52:23.552,161.3100,55
50027012755266,13:53:47.012,161.2800,1
50027012755266,13:53:47.012,161.2800,20
50051115601459,13:54:11.115,161.2700,200
50051129964858,13:54:11.129,161.2700,1
50057633106319,13:54:17.633,161.3100,1
50075151018031,13:54:35.151,161.2600,4
50075151018031,13:54:35.151,161.2600,96
50075169489171,13:54:35.169,161.2600,4
50075169489171,13:54:35.169,161.2600,100
50075169599451,13:54:35.169,161.2600,100
50075169658183,13:54:35.169,161.2600,39
50076524048335,13:54:36.524,161.2600,61
50076524048335,13:54:36.524,161.2600,39
50091428107497,13:54:51.428,161.2600,61
50091428107497,13:54:51.428,161.2600,39
50091428174107,13:54:51.428,161.2600,61
50091428174107,13:54:51.428,161.2600,39
50091428236758,13:54:51.428,161.2600,61
50106927780049,13:55:06.927,161.2400,100
50106927780049,13:55:06.927,161.2500,100
50129362506023,13:55:29.362,161.2000,100
50129362506023,13:55:29.362,161.2000,96
50129362577216,13:55:29.362,161.2000,4
50129362577216,13:55:29.362,161.2000,63
50129362942621,13:55:29.362,161.2000,5
50129362949234,13:55:29.362,161.2000,5
50129362976081,13:55:29.362,161.2000,5
50129363095756,13:55:29.363,161.2000,22
50129363095756,13:55:29.363,161.2000,100
50129363381754,13:55:29.363,161.2000,100
50129363622934,13:55:29.363,161.1900,1
50129364220410,13:55:29.364,161.1700,1
50129364805411,13:55:29.364,161.1600,1
50129366035965,13:55:29.366,161.1700,55
50129366341017,13:55:29.366,161.1900,83
50129366807213,13:55:29.366,161.1700,2
50130251974316,13:55:30.251,161.2000,13
50130253320040,13:55:30.253,161.2000,87
50130253320040,13:55:30.253,161.2000,100
50131390421166,13:55:31.390,161.2400,100
50131391246672,13:55:31.391,161.2500,100
50131391727531,13:55:31.391,161.2500,5
50131391727531,13:55:31.391,161.2500,95
50131391792510,13:55:31.391,161.2500,5
50131393569773,13:55:31.393,161.2700,100
50131721850495,13:55:31.721,161.3000,27
50132861390651,13:55:32.861,161.3800,3
50155530505346,13:55:55.530,161.4400,100
50155531195610,13:55:55.531,161.4300,100
50155531558607,13:55:55.531,161.4300,5
50155531607196,13:55:55.531,161.4300,90
50155531620045,13:55:55.531,161.4300,5
50220746814681,13:57:00.746,161.5000,1
50220747602880,13:57:00.747,161.5000,1
50220747830683,13:57:00.747,161.5000,98
50220747830683,13:57:00.747,161.5000,100
50220747830683,13:57:00.747,161.5000,1
50220747993052,13:57:00.747,161.5000,77
50220748005414,13:57:00.748,161.5000,22
50220748005414,13:57:00.748,161.5000,78
50220748388424,13:57:00.748,161.5000,22
50220753062755,13:57:00.753,161.5100,100
50227849584491,13:57:07.849,161.5800,80
50227849589667,13:57:07.849,161.5800,20
50227849654709,13:57:07.849,161.6100,5
50227850716703,13:57:07.850,161.6200,100
50228245307056,13:57:08.245,161.6800,100
50238973979949,13:57:18.973,161.7400,100
50238975118142,13:57:18.975,161.7300,100
50238975118142,13:57:18.975,161.7300,9
50238975594859,13:57:18.975,161.7100,66
50238975628645,13:57:18.975,161.7100,34
50238975628645,13:57:18.975,161.7100,66
50238975630127,13:57:18.975,161.7100,34
50253190631855,13:57:33.190,161.8300,7
50253192261415,13:57:33.192,161.8300,7
50300070074295,13:58:20.070,161.7800,1
50300070074295,13:58:20.070,161.8400,9
50331666182751,13:58:51.666,161.7300,100
50331666435585,13:58:51.666,161.7300,100
50331667262220,13:58:51.667,161.7000,100
50331668098827,13:58:51.668,161.6800,24
50331668131909,13:58:51.668,161.6800,76
50331668131909,13:58:51.668,161.6800,24
50331668131909,13:58:51.668,161.6700,100
50331668308739,13:58:51.668,161.6600,1
50331668308739,13:58:51.668,161.6500,1
50331668611728,13:58:51.668,161.6300,22
50331671388827,13:58:51.671,161.6300,1
50331673639159,13:58:51.673,161.6000,1
50347564226294,13:59:07.564,161.5900,3
50347564629285,13:59:07.564,161.5700,100
50347564822908,13:59:07.564,161.5700,100
50347564860563,13:59:07.564,161.5600,1
50347565053087,13:59:07.565,161.5400,9
50347565066508,13:59:07.565,161.5200,26
50347565067877,13:59:07.565,161.5100,1
50347565102891,13:59:07.565,161.4800,1
50347572334239,13:59:07.572,161.4500,1
50347572339730,13:59:07.572,161.4400,1
50347588441794,13:59:07.588,161.5500,2
50376106651285,13:59:36.106,161.4900,2
50376106651285,13:59:36.106,161.4600,24
50376106651285,13:59:36.106,161.4500,74
50376106745262,13:59:36.106,161.4900,2
50376106775547,13:59:36.106,161.4900,98
50376112832408,13:59:36.112,161.4900,2
50376529782117,13:59:36.529,161.4200,57
50376530231588,13:59:36.530,161.4200,43
50376530231588,13:59:36.530,161.4200,57
50376530292845,13:59:36.530,161.4200,43
50376530461526,13:59:36.530,161.4100,1
50376547971785,13:59:36.547,161.3700,1
50376557426844,13:59:36.557,161.3400,1
50376558173829,13:59:36.558,161.3300,1
50402713009704,14:00:02.713,161.1600,100
50402713136801,14:00:02.713,161.1600,100
50402713297851,14:00:02.713,161.1600,100
50402719352838,14:00:02.719,161.1600,100
50408990816029,14:00:08.990,161.4500,47
50408990816029,14:00:08.990,161.4500,50
50408990816029,14:00:08.990,161.4700,3
50408991076513,14:00:08.991,161.4700,97
50408991855532,14:00:08.991,161.4800,79
50408992011341,14:00:08.992,161.4800,21
50408992011341,14:00:08.992,161.4800,100
50408992306379,14:00:08.992,161.4900,24
50408992373175,14:00:08.992,161.4900,24
50408992627981,14:00:08.992,161.4900,24
50408992707511,14:00:08.992,161.4900,150
50408992861608,14:00:08.992,161.4900,24
50408993057459,14:00:08.993,161.4900,16
50408993058010,14:00:08.993,161.4900,24
50408993598834,14:00:08.993,161.4900,24
50408993644524,14:00:08.993,161.4900,24
50408993914432,14:00:08.993,161.4900,24
50408994796743,14:00:08.994,161.4900,24
50408994891429,14:00:08.994,161.4900,18
50408994891429,14:00:08.994,161.5100,24
50408994891429,14:00:08.994,161.5500,58
50408995587706,14:00:08.995,161.5500,5
50408995827702,14:00:08.995,161.5500,19
50408996506765,14:00:08.996,161.5500,100
50416198127704,14:00:16.198,162.0100,2
50446507855912,14:00:46.507,162.0100,24
50446507855912,14:00:46.507,162.0100,100
50446508841065,14:00:46.508,161.9700,4
50482754547630,14:01:22.754,162.3200,2
50556556882669,14:02:36.556,161.9900,100
50556556882669,14:02:36.556,161.9900,13
50556556882669,14:02:36.556,161.9900,24
50556556882669,14:02:36.556,161.9900,100
50556556882669,14:02:36.556,161.9900,100
50556556882669,14:02:36.556,161.9900,4
50556557214865,14:02:36.557,161.9900,100
50556557313148,14:02:36.557,161.9900,100
50556558323178,14:02:36.558,161.9800,100
50556558323178,14:02:36.558,161.9800,100
50556558323178,14:02:36.558,161.9800,100
50563051537320,14:02:43.051,162.1100,1
50587229497572,14:03:07.229,162.0400,20
50587229497572,14:03:07.229,162.0400,30
50587229497572,14:03:07.229,162.0400,50
50587230021108,14:03:07.230,162.0400,27
50590476400192,14:03:10.476,162.0900,100
50591451015396,14:03:11.451,162.0900,200
50597830008343,14:03:17.830,162.0800,100
50597830008343,14:03:17.830,162.0500,200
50597867493297,14:03:17.867,162.1700,100
50598859812838,14:03:18.859,162.1700,100
50598867028472,14:03:18.867,162.1700,100
50600862014080,14:03:20.862,162.1700,10
50600862014080,14:03:20.862,162.1900,90
50600862062648,14:03:20.862,162.1900,10
50600862389598,14:03:20.862,162.2000,100
50600862389598,14:03:20.862,162.2000,100
50600862854576,14:03:20.862,162.2100,100
50600862897353,14:03:20.862,162.2400,95
50600862932402,14:03:20.862,162.2400,5
50600862932402,14:03:20.862,162.2400,95
50600863092805,14:03:20.863,162.2400,5
50600863138702,14:03:20.863,162.2500,100
50600863151049,14:03:20.863,162.2500,100
50601257734453,14:03:21.257,162.2500,100
50604292256857,14:03:24.292,162.3300,10
50607075413721,14:03:27.075,162.3300,1
50607368960705,14:03:27.368,162.2200,100
50626847041083,14:03:46.847,162.2200,5
50626847041083,14:03:46.847,162.2200,27
50640108997595,14:04:00.108,162.2300,34
50640374776536,14:04:00.374,162.2300,34
50653192874398,14:04:13.192,162.3800,21
50653192888648,14:04:13.192,162.3800,79
50653192888648,14:04:13.192,162.3900,100
50653192903636,14:04:13.192,162.4100,100
50683720761326,14:04:43.720,162.4000,100
50705413322664,14:05:05.413,162.5500,75
50705413322664,14:05:05.413,162.5600,25
50705532852462,14:05:05.532,162.5700,100
50705533307673,14:05:05.533,162.5700,62
50705533422833,14:05:05.533,162.5800,38
50705640560470,14:05:05.640,162.5700,100
50705642965989,14:05:05.642,162.5700,100
50705738092411,14:05:05.738,162.5900,95
50705738092411,14:05:05.738,162.5800,100
50705738092411,14:05:05.738,162.5700,5
50705739014716,14:05:05.739,162.5700,95
50705739014716,14:05:05.739,162.5700,5
50759784460219,14:05:59.784,162.4900,100
50759784460219,14:05:59.784,162.4900,100
50759784735402,14:05:59.784,162.4900,100
50759784825761,14:05:59.784,162.4900,100
50759784825761,14:05:59.784,162.4900,100
50759784847761,14:05:59.784,162.4900,73
50759784847761,14:05:59.784,162.4800,27
50759784897205,14:05:59.784,162.4800,36
50759785225508,14:05:59.785,162.4800,37
50780518018592,14:06:20.518,162.3200,5
50796613731499,14:06:36.613,162.3300,24
50796613731499,14:06:36.613,162.3300,76
50796613880837,14:06:36.613,162.3300,24
50796613880837,14:06:36.613,162.3300,76
50796613948469,14:06:36.613,162.3300,24
50796613948469,14:06:36.613,162.3300,76
50796614011944,14:06:36.614,162.3300,24
50796614011944,14:06:36.614,162.3300,76
50796614081628,14:06:36.614,162.3300,24
50796614081628,14:06:36.614,162.3300,76
50796614154117,14:06:36.614,162.3300,24
50796614154117,14:06:36.614,162.3300,76
50796614217620,14:06:36.614,162.3300,24
50796614217620,14:06:36.614,162.3300,8
50796616023099,14:06:36.616,162.2900,30
50796616704637,14:06:36.616,162.2800,8
50831014276075,14:07:11.014,162.3600,1
50855294072242,14:07:35.294,162.3000,61
50875533731622,14:07:55.533,162.3900,19
50875533738877,14:07:55.533,162.3900,81
50875533966750,14:07:55.533,162.3550,200
50900007803395,14:08:20.007,162.3100,100
50900007875217,14:08:20.007,162.3100,100
50900007875217,14:08:20.007,162.3100,39
50900007924838,14:08:20.007,162.3000,100
50900009875617,14:08:20.009,162.2800,100
50939188415684,14:08:59.188,162.3300,75
50939188415684,14:08:59.188,162.3500,1
50939188415684,14:08:59.188,162.3500,24
50939188487053,14:08:59.188,162.3500,76
50939562369699,14:08:59.562,162.4100,81
50939562377588,14:08:59.562,162.4100,19
51023152897618,14:10:23.152,162.4100,15
51023152897618,14:10:23.152,162.4100,85
51023152909439,14:10:23.152,162.4100,100
51023152964320,14:10:23.152,162.4000,100
51023152996917,14:10:23.152,162.4000,100
