timestamp,time,price,volume
34080015048765,09:28:00.015,84.4000,10
34080015048765,09:28:00.015,84.4000,30
34200010909838,09:30:00.010,84.2200,38
34200078927850,09:30:00.078,84.3500,50
34200080213396,09:30:00.080,84.3500,50
34200424870936,09:30:00.424,84.2000,12876
34200440068178,09:30:00.440,84.3000,91
34200474405326,09:30:00.474,84.3500,238
34200931358094,09:30:00.931,84.7000,59
34201232879474,09:30:01.232,84.7900,39
34201239233989,09:30:01.239,84.7900,61
34201239233989,09:30:01.239,84.8000,239
34201239271126,09:30:01.239,84.8000,111
34201239875214,09:30:01.239,84.6700,100
34207410875563,09:30:07.410,84.7300,1
34222279110745,09:30:22.279,84.5100,1
34222281129938,09:30:22.281,84.4800,100
34222281129938,09:30:22.281,84.5100,59
34222282216225,09:30:22.282,84.4800,100
34262734390327,09:31:02.734,84.3300,20
34262734420088,09:31:02.734,84.3300,41
34262734423826,09:31:02.734,84.3300,59
34262734450913,09:31:02.734,84.3100,1000
34262734494040,09:31:02.734,84.3100,240
34262734495598,09:31:02.734,84.3100,75
34262734643698,09:31:02.734,84.3700,100
34262734707443,09:31:02.734,84.3000,9
34262734707443,09:31:02.734,84.3000,6
34262735706407,09:31:02.735,84.2500,24
34262735706407,09:31:02.735,84.2500,3
34270622764284,09:31:10.622,84.3800,100
34270623602633,09:31:10.623,84.5000,100
34298148970720,09:31:38.148,84.5650,100
34298148970720,09:31:38.148,84.7300,6
34346695027342,09:32:26.695,84.6000,100
34346698267799,09:32:26.698,84.7000,76
34378394052026,09:32:58.394,84.6800,20
34379691874329,09:32:59.691,84.7000,10
34380012317840,09:33:00.012,84.7000,100
34380012549240,09:33:00.012,84.7000,3
34394944236653,09:33:14.944,84.6850,100
34422165282935,09:33:42.165,84.8000,3
34422165637763,09:33:42.165,84.7600,100
34422165838942,09:33:42.165,84.8300,12
34422166314663,09:33:42.166,84.8300,75
34422166633472,09:33:42.166,84.8300,13
34422166633472,09:33:42.166,84.8300,87
34422166852538,09:33:42.166,84.8300,13
34484007719143,09:34:44.007,84.8200,15
34484105377609,09:34:44.105,84.7950,100
34522389698017,09:35:22.389,84.7800,10
34522389698017,09:35:22.389,84.7600,15
34551703626248,09:35:51.703,84.7400,75
34562758686442,09:36:02.758,84.7250,100
34590229480800,09:36:30.229,84.7250,100
34590229514306,09:36:30.229,84.7500,20
34591316949993,09:36:31.316,84.6900,30
34591316949993,09:36:31.316,84.6700,30
34591316949993,09:36:31.316,84.6500,40
34591317335261,09:36:31.317,84.6400,1
34591317335261,09:36:31.317,84.6400,99
34591317361255,09:36:31.317,84.6400,1
34591317840896,09:36:31.317,84.6000,50
34592399544604,09:36:32.399,84.6200,81
34605486339531,09:36:45.486,84.6300,8
34605807734700,09:36:45.807,84.5200,14
34624534870293,09:37:04.534,84.6000,100
34624535103870,09:37:04.535,84.6400,15
34624535183662,09:37:04.535,84.7000,100
34675642689074,09:37:55.642,84.5800,100
34675642689074,09:37:55.642,84.5200,20
34675642689074,09:37:55.642,84.5100,100
34675642689074,09:37:55.642,84.5000,80
34675684583631,09:37:55.684,84.5000,220
34675684812124,09:37:55.684,84.4400,100
34693063486525,09:38:13.063,84.4600,14
34694007241206,09:38:14.007,84.5200,100
34694008041163,09:38:14.008,84.5200,100
34757276515217,09:39:17.276,84.5850,100
34854185807871,09:40:54.185,84.6650,100
34887498729783,09:41:27.498,84.6500,100
34897629877896,09:41:37.629,84.4700,100
34897629877896,09:41:37.629,84.4600,94
35014512351800,09:43:34.512,84.4500,700
35014512930140,09:43:34.512,84.4600,70
35014512930140,09:43:34.512,84.4700,8
35014520067002,09:43:34.520,84.5000,30
35014520067002,09:43:34.520,84.5000,70
35048598762816,09:44:08.598,84.2600,146
35064808251674,09:44:24.808,84.1900,100
35143705995571,09:45:43.705,84.3400,70
35215925860509,09:46:55.925,84.4700,1
35284274100391,09:48:04.274,84.3200,100
35291623595312,09:48:11.623,84.2500,100
35291623754607,09:48:11.623,84.1500,100
35291623776009,09:48:11.623,84.1600,100
35416548891983,09:50:16.548,84.1000,100
35416548934081,09:50:16.548,84.1000,100
35416549149590,09:50:16.549,84.1300,70
35416549322336,09:50:16.549,84.1000,70
35416549676738,09:50:16.549,84.1100,70
35464521054155,09:51:04.521,84.1000,50
35466252224938,09:51:06.252,84.1200,100
35525501619099,09:52:05.501,84.2200,1
35602037790998,09:53:22.037,84.1200,55
35657873293880,09:54:17.873,84.1800,99
35658000522711,09:54:18.000,84.1800,100
35715364291092,09:55:15.364,84.2400,100
35715364291092,09:55:15.364,84.2400,50
35725758150424,09:55:25.758,84.2500,100
35725758150424,09:55:25.758,84.2500,50
35725758616000,09:55:25.758,84.2700,100
35748282484250,09:55:48.282,84.2200,100
35775310363510,09:56:15.310,84.1500,100
35775310473012,09:56:15.310,84.2100,10
35777406315358,09:56:17.406,84.2600,100
35795255126789,09:56:35.255,84.3400,15
35795255151091,09:56:35.255,84.3400,85
35836033695901,09:57:16.033,84.4600,100
35871607671706,09:57:51.607,84.3000,100
35871607674617,09:57:51.607,84.3000,25
35871607674617,09:57:51.607,84.3000,25
35871607682950,09:57:51.607,84.3000,75
35871811966458,09:57:51.811,84.2700,2
35938215950774,09:58:58.215,84.2700,98
35941809151726,09:59:01.809,84.2900,100
35944539463725,09:59:04.539,84.2800,100
35944539463725,09:59:04.539,84.2500,100
35944539463725,09:59:04.539,84.2400,200
35944539463725,09:59:04.539,84.2400,100
35944540260951,09:59:04.540,84.2200,100
35944590145584,09:59:04.590,84.2000,100
35944753070270,09:59:04.753,84.2000,20
36141389248347,10:02:21.389,84.1000,50
36141389248347,10:02:21.389,84.0500,25
36141389248347,10:02:21.389,84.0300,125
36141390826938,10:02:21.390,84.0100,200
36141390826938,10:02:21.390,84.0100,100
36142068019746,10:02:22.068,84.0900,300
36167237446264,10:02:47.237,84.0000,300
36167237446264,10:02:47.237,84.0000,100
36167237446264,10:02:47.237,84.0000,50
36167237446264,10:02:47.237,84.0000,120
36167237446264,10:02:47.237,84.0000,240
36167237446264,10:02:47.237,84.0000,150
36167745284651,10:02:47.745,83.9100,200
36169600564049,10:02:49.600,83.8800,10
36216110891732,10:03:36.110,83.8500,25
36216111757013,10:03:36.111,83.8500,25
36262092035672,10:04:22.092,83.7900,100
36262092037279,10:04:22.092,83.8100,1
36262092090860,10:04:22.092,83.8000,1
36262092092142,10:04:22.092,83.8000,9
36304883022108,10:05:04.883,83.7900,1
36304883022108,10:05:04.883,83.7900,9
36304883022108,10:05:04.883,83.7900,90
36304883050930,10:05:04.883,83.7900,110
36312231577483,10:05:12.231,83.7600,100
36312231577483,10:05:12.231,83.7500,100
36315357217354,10:05:15.357,83.7000,21
36319059560050,10:05:19.059,83.7000,300
36319059677833,10:05:19.059,83.7000,79
36319060048187,10:05:19.060,83.6700,100
36348764882677,10:05:48.764,83.6400,2
36386103108977,10:06:26.103,83.6400,98
36386103108977,10:06:26.103,83.7000,100
36386103108977,10:06:26.103,83.7000,14
36386103108977,10:06:26.103,83.7000,2
36386103154509,10:06:26.103,83.7000,98
36386103155793,10:06:26.103,83.7000,98
36386103185462,10:06:26.103,83.7000,2
36399868518926,10:06:39.868,83.7600,1
36399878023058,10:06:39.878,83.8000,100
36502020047785,10:08:22.020,84.0200,3
36544144896111,10:09:04.144,84.1000,16
36581282323987,10:09:41.282,84.1000,100
36640290925543,10:10:40.290,84.0700,100
36640292044486,10:10:40.292,84.1000,100
36640305589865,10:10:40.305,84.1400,25
36651608653988,10:10:51.608,84.0800,100
36651608890561,10:10:51.608,84.0700,50
36688999412019,10:11:28.999,84.0800,100
36689000579927,10:11:29.000,84.0800,100
36759557636617,10:12:39.557,84.2000,100
36759557636617,10:12:39.557,84.2000,3
36759558313440,10:12:39.558,84.2500,100
36778403587063,10:12:58.403,84.2400,50
36801454880808,10:13:21.454,84.2900,100
36900063560645,10:15:00.063,84.2900,100
36913858320107,10:15:13.858,84.4500,100
36913858320107,10:15:13.858,84.4500,4
36995022240427,10:16:35.022,84.5200,100
37002713415123,10:16:42.713,84.4500,33
37002713415123,10:16:42.713,84.4500,67
37003465986243,10:16:43.465,84.4500,33
37003465986243,10:16:43.465,84.4500,67
37004892642503,10:16:44.892,84.4500,33
37004892785111,10:16:44.892,84.4500,67
37010462217077,10:16:50.462,84.5700,4
37010462258266,10:16:50.462,84.5100,100
37010472873915,10:16:50.472,84.5600,2
37030434282717,10:17:10.434,84.5000,200
37030434282717,10:17:10.434,84.5500,100
37030434308260,10:17:10.434,84.5500,100
37030435371571,10:17:10.435,84.5700,100
37030435411041,10:17:10.435,84.5700,98
37030435415017,10:17:10.435,84.5700,2
37030435706173,10:17:10.435,84.6000,1
37037948276098,10:17:17.948,84.5000,100
37073681105686,10:17:53.681,84.5000,100
37075986379316,10:17:55.986,84.5400,40
37075986405251,10:17:55.986,84.5400,60
37075986948706,10:17:55.986,84.5000,100
37076451455687,10:17:56.451,84.6000,50
37076451482440,10:17:56.451,84.6000,49
37076451482440,10:17:56.451,84.6000,100
37076453210391,10:17:56.453,84.6000,10
37076453210391,10:17:56.453,84.6000,40
37077556419313,10:17:57.556,84.6000,60
37083891603073,10:18:03.891,84.4800,100
37101222031147,10:18:21.222,84.4700,100
37182578602785,10:19:42.578,84.4500,100
37194742151571,10:19:54.742,84.5100,50
37246239367405,10:20:46.239,84.4700,50
37246239367405,10:20:46.239,84.5000,50
37246239396557,10:20:46.239,84.5000,50
37246239670616,10:20:46.239,84.5000,100
37246239725824,10:20:46.239,84.5100,100
37247153923468,10:20:47.153,84.6000,100
37251968312974,10:20:51.968,84.5350,100
37258263338750,10:20:58.263,84.5300,100
37261098069976,10:21:01.098,84.5200,100
37262042001146,10:21:02.042,84.5900,100
37262042179244,10:21:02.042,84.5600,10
37262042179244,10:21:02.042,84.5300,190
37262042230028,10:21:02.042,84.5400,100
37262042231516,10:21:02.042,84.5300,10
37262042436864,10:21:02.042,84.5200,100
37262045736926,10:21:02.045,84.5300,10
37262049163934,10:21:02.049,84.6000,90
37262049189070,10:21:02.049,84.6000,10
37264668057133,10:21:04.668,84.5400,100
37264668057133,10:21:04.668,84.6200,5
37264668116910,10:21:04.668,84.6200,100
37267416959534,10:21:07.416,84.6400,100
37288027786518,10:21:28.027,84.6800,50
37288029534346,10:21:28.029,84.6400,40
37337791026877,10:22:17.791,84.6450,100
37341541432847,10:22:21.541,84.6900,15
37341541432847,10:22:21.541,84.6900,5
37341541503441,10:22:21.541,84.6900,20
37341541505053,10:22:21.541,84.6900,20
37341541641995,10:22:21.541,84.6900,4
37341542038875,10:22:21.542,84.6900,6
37341542038875,10:22:21.542,84.7000,2
37341542068015,10:22:21.542,84.7000,6
37341575005884,10:22:21.575,84.8000,110
37348938983010,10:22:28.938,84.8000,70
37348943634047,10:22:28.943,84.8300,100
37383482608814,10:23:03.482,84.8900,100
37383482900510,10:23:03.482,84.9200,25
37386449127076,10:23:06.449,84.9900,100
37386463722807,10:23:06.463,85.0000,8
37386463722807,10:23:06.463,85.0000,45
37386465137663,10:23:06.465,84.9900,100
37412747482392,10:23:32.747,85.0700,91
37412747517459,10:23:32.747,85.0700,9
37412747517459,10:23:32.747,85.0700,56
37471689375799,10:24:31.689,85.1200,100
37472177509629,10:24:32.177,85.0500,1
37472177509629,10:24:32.177,85.0500,1
37472178276416,10:24:32.178,85.0500,20
37472178289909,10:24:32.178,85.0500,79
37472178289909,10:24:32.178,85.0300,20
37472178289909,10:24:32.178,85.0200,1
37472178410817,10:24:32.178,85.0200,19
37472178579485,10:24:32.178,85.0200,19
37472178585638,10:24:32.178,85.0200,1
37472178611328,10:24:32.178,85.0100,31
37472178613295,10:24:32.178,85.0100,37
37472178621194,10:24:32.178,85.0100,2
37472178635346,10:24:32.178,85.0100,18
37472178640686,10:24:32.178,85.0100,12
37487193913425,10:24:47.193,84.9650,100
37487194023648,10:24:47.194,85.0200,100
37487194023648,10:24:47.194,85.0200,100
37506848370753,10:25:06.848,85.0000,90
37551467614880,10:25:51.467,84.9900,10
37568989942454,10:26:08.989,85.0100,100
37568989942454,10:26:08.989,85.0100,6
37569066330842,10:26:09.066,85.0200,100
37594870816008,10:26:34.870,85.1100,100
37602342912232,10:26:42.342,85.1200,50
37602343012090,10:26:42.343,85.0600,10
37602352271552,10:26:42.352,85.1200,10
37612492523865,10:26:52.492,85.0500,100
37673047450490,10:27:53.047,85.1200,200
37673047854587,10:27:53.047,85.1300,15
37711239206763,10:28:31.239,85.1700,6
37711239206763,10:28:31.239,85.1700,100
37711239304490,10:28:31.239,85.1800,100
37711239424298,10:28:31.239,85.1800,100
37711239453726,10:28:31.239,85.1800,767
37711239472290,10:28:31.239,85.1800,33
37711239678100,10:28:31.239,85.2000,50
37711239690314,10:28:31.239,85.2000,67
37711239698724,10:28:31.239,85.2000,33
37714686235702,10:28:34.686,85.2400,100
37714687612352,10:28:34.687,85.1700,52
37714687619835,10:28:34.687,85.1700,48
37714688007274,10:28:34.688,85.1700,100
37714688135336,10:28:34.688,85.1700,100
37717053733976,10:28:37.053,85.1300,100
37717263969710,10:28:37.263,85.1300,20
37729138427431,10:28:49.138,85.2000,100
37729138571373,10:28:49.138,85.2200,100
37738588241049,10:28:58.588,85.2100,100
37778297382721,10:29:38.297,85.1200,200
37806004028926,10:30:06.004,85.1900,6
37881180985877,10:31:21.180,85.1800,100
37881180985877,10:31:21.180,85.1800,10
37895161640874,10:31:35.161,85.1600,100
37903994450969,10:31:43.994,85.2500,24
37913177313931,10:31:53.177,85.2500,100
37921679135319,10:32:01.679,85.2400,100
37922159416424,10:32:02.159,85.1500,151
37922159445783,10:32:02.159,85.1500,824
37922159445783,10:32:02.159,85.1500,154
37922159833335,10:32:02.159,85.1500,313
37922159880102,10:32:02.159,85.1500,44
37922159986211,10:32:02.159,85.1500,989
37927760401759,10:32:07.760,85.1600,40
37985573853915,10:33:05.573,85.1600,100
37985573853915,10:33:05.573,85.1600,6
37985573853915,10:33:05.573,85.1600,100
37985575666340,10:33:05.575,85.2400,100
38090888450444,10:34:50.888,85.1950,100
38090897927227,10:34:50.897,85.2400,100
38090897927227,10:34:50.897,85.2400,6
38092435311371,10:34:52.435,85.1900,24
38092435957461,10:34:52.435,85.1700,200
38148529533195,10:35:48.529,85.2000,100
38157550069035,10:35:57.550,85.2000,24
38218944705160,10:36:58.944,85.2000,100
38243826385694,10:37:23.826,85.1000,15
38248038651344,10:37:28.038,85.1000,25
38287458479082,10:38:07.458,85.0600,100
38314019481182,10:38:34.019,85.1100,6
38314019481182,10:38:34.019,85.1100,94
38314019532163,10:38:34.019,85.1100,6
38314019532163,10:38:34.019,85.1100,100
38314019550676,10:38:34.019,85.1100,100
38344338108981,10:39:04.338,85.1800,100
38354452240325,10:39:14.452,85.1700,18
38355238905546,10:39:15.238,85.1700,82
38355238905546,10:39:15.238,85.1700,90
38355240430663,10:39:15.240,85.2000,128
38355240565165,10:39:15.240,85.2100,10
38387740894920,10:39:47.740,85.2100,90
38387740894920,10:39:47.740,85.2100,10
38387740931418,10:39:47.740,85.2100,90
38398457018518,10:39:58.457,85.1300,100
38415001915823,10:40:15.001,85.1100,200
38420193561864,10:40:20.193,85.2200,100
38431380097481,10:40:31.380,85.1800,100
38466345428175,10:41:06.345,85.2000,25
38544599468939,10:42:24.599,85.1900,100
38564112575574,10:42:44.112,85.2300,100
38564112575574,10:42:44.112,85.2300,100
38564112604345,10:42:44.112,85.2300,6
38564117397911,10:42:44.117,85.2300,100
38564264911589,10:42:44.264,85.2200,100
38564264911589,10:42:44.264,85.2300,100
38566267561241,10:42:46.267,85.2500,76
38566267561241,10:42:46.267,85.2500,324
38566267596802,10:42:46.267,85.2500,76
38566267596802,10:42:46.267,85.2500,5
38566268724733,10:42:46.268,85.2900,100
38566268724733,10:42:46.268,85.2900,100
38566270413478,10:42:46.270,85.3200,1000
38566270413478,10:42:46.270,85.3200,100
38566270496718,10:42:46.270,85.3200,100
38566272611967,10:42:46.272,85.2400,100
38566273100241,10:42:46.273,85.3100,100
38566274915746,10:42:46.274,85.3200,100
38566276858506,10:42:46.276,85.3100,24
38566276858506,10:42:46.276,85.3100,10
38566276858506,10:42:46.276,85.3200,100
38566276858506,10:42:46.276,85.3400,66
38566277644971,10:42:46.277,85.3400,34
38566277644971,10:42:46.277,85.3400,66
38571878542051,10:42:51.878,85.3300,100
38591180649005,10:43:11.180,85.3300,60
38593668346170,10:43:13.668,85.3400,100
38593668424392,10:43:13.668,85.3500,100
38593668450047,10:43:13.668,85.3500,60
38593668450047,10:43:13.668,85.3500,100
38608777536531,10:43:28.777,85.4000,100
38608777536531,10:43:28.777,85.4000,100
38615183396318,10:43:35.183,85.4000,100
38624507020138,10:43:44.507,85.3400,20
38624507020138,10:43:44.507,85.3400,10
38636323165406,10:43:56.323,85.3200,9
38646799715199,10:44:06.799,85.3300,100
38646799715199,10:44:06.799,85.3300,100
38646799715199,10:44:06.799,85.3300,31
38646799715199,10:44:06.799,85.3300,6
38646800209265,10:44:06.800,85.3300,100
38646801290995,10:44:06.801,85.3300,100
38646801319698,10:44:06.801,85.3300,63
38689160262847,10:44:49.160,85.3300,100
38762488715622,10:46:02.488,85.4400,60
38764928323349,10:46:04.928,85.4400,60
38776432618515,10:46:16.432,85.4400,100
38783651023564,10:46:23.651,85.4900,100
38783651023564,10:46:23.651,85.4900,100
38783651023564,10:46:23.651,85.4900,7
38783651023564,10:46:23.651,85.4900,46
38783651097639,10:46:23.651,85.4900,50
38783651162926,10:46:23.651,85.4900,4
38783651625176,10:46:23.651,85.5000,25
38783651785578,10:46:23.651,85.5200,25
38783651785578,10:46:23.651,85.5200,75
38783652008696,10:46:23.652,85.5200,25
38783654885721,10:46:23.654,85.4700,100
38791165023963,10:46:31.165,85.5500,40
38793654706690,10:46:33.654,85.4800,100
38836716974006,10:47:16.716,85.4600,5
38836716974006,10:47:16.716,85.4200,55
38836716986337,10:47:16.716,85.4200,5
38845696897465,10:47:25.696,85.3500,85
38855484774273,10:47:35.484,85.3600,35
38855484774273,10:47:35.484,85.3800,100
38855484774273,10:47:35.484,85.3800,15
38871382096314,10:47:51.382,85.3600,100
38911759622826,10:48:31.759,85.3500,13
38933444085095,10:48:53.444,85.3500,7
38933444147959,10:48:53.444,85.3500,93
38933444752300,10:48:53.444,85.3500,7
38937375607702,10:48:57.375,85.4200,100
38937485056181,10:48:57.485,85.4200,673
38942418417649,10:49:02.418,85.4400,200
38942642224350,10:49:02.642,85.4400,100
38994785141832,10:49:54.785,85.4500,100
38998509955033,10:49:58.509,85.4400,100
38998509955033,10:49:58.509,85.4400,100
38998509985430,10:49:58.509,85.4500,100
39002946965571,10:50:02.946,85.4200,100
39015185828536,10:50:15.185,85.5000,7
39015185833831,10:50:15.185,85.5000,7
39015186050656,10:50:15.186,85.5200,7
39038464303143,10:50:38.464,85.5000,100
39038464828203,10:50:38.464,85.5000,3
39050519173874,10:50:50.519,85.4200,100
39052573183591,10:50:52.573,85.4200,100
39052573202190,10:50:52.573,85.4200,100
39081348952244,10:51:21.348,85.5000,100
39101086381487,10:51:41.086,85.5550,100
39114401182248,10:51:54.401,85.5100,20
39149089231745,10:52:29.089,85.5100,100
39149090744073,10:52:29.090,85.5100,100
39149091852690,10:52:29.091,85.5100,10
39149092950961,10:52:29.092,85.5000,10
39150093554698,10:52:30.093,85.5100,10
39153995481257,10:52:33.995,85.5300,7
39186022740644,10:53:06.022,85.5000,77
39186022769934,10:53:06.022,85.5000,73
39192354520125,10:53:12.354,85.4600,100
39219537814666,10:53:39.537,85.4700,7
39219537814666,10:53:39.537,85.4700,18
39257301005524,10:54:17.301,85.4000,55
39263281506390,10:54:23.281,85.4000,1
39276934342929,10:54:36.934,85.3900,2
39276934571643,10:54:36.934,85.3900,55
39325826836625,10:55:25.826,85.4200,19
39325826845588,10:55:25.826,85.4200,81
39325826845588,10:55:25.826,85.4200,7
39325826845588,10:55:25.826,85.4200,21
39325826845588,10:55:25.826,85.4200,19
39325826859193,10:55:25.826,85.4200,81
39340102197529,10:55:40.102,85.3200,5
39341559961597,10:55:41.559,85.3100,25
39346354350562,10:55:46.354,85.2800,59
39351565397493,10:55:51.565,85.2500,100
39351565943781,10:55:51.565,85.2500,92
39351566156552,10:55:51.566,85.2500,8
39351566513068,10:55:51.566,85.2400,25
39351566583285,10:55:51.566,85.2300,4
39357626253339,10:55:57.626,85.2800,100
39437260639332,10:57:17.260,85.2600,100
39473447402620,10:57:53.447,85.1400,100
39473458027584,10:57:53.458,85.1500,100
39473458027584,10:57:53.458,85.1500,29
39473458143030,10:57:53.458,85.1600,100
39493188236848,10:58:13.188,85.1900,50
39498983996439,10:58:18.983,85.1900,25
39557153155009,10:59:17.153,85.1400,28
39557153158878,10:59:17.153,85.1400,65
39557153177654,10:59:17.153,85.1400,7
39557153177654,10:59:17.153,85.1400,59
39557153179646,10:59:17.153,85.1400,41
39557153179646,10:59:17.153,85.1400,78
39557153193634,10:59:17.153,85.1400,22
39607727906509,11:00:07.727,85.2000,100
39664074466558,11:01:04.074,85.2500,6
39665022423253,11:01:05.022,85.2500,100
39726298433825,11:02:06.298,85.2300,100
39726298463473,11:02:06.298,85.2300,6
39726298807814,11:02:06.298,85.2400,143
39730059225650,11:02:10.059,85.2300,40
39742793833992,11:02:22.793,85.3000,88
39743623582666,11:02:23.623,85.3000,12
39743623590386,11:02:23.623,85.3000,100
39766496428110,11:02:46.496,85.3400,100
39844271732919,11:04:04.271,85.2500,100
39865293432314,11:04:25.293,85.3300,6
39881482028762,11:04:41.482,85.2700,100
39881482259606,11:04:41.482,85.2700,100
39881482259606,11:04:41.482,85.2700,89
39884047558572,11:04:44.047,85.3000,12
39884047608527,11:04:44.047,85.3000,3
39884528547040,11:04:44.528,85.2600,4
39979796639604,11:06:19.796,85.2400,2
39985281269006,11:06:25.281,85.3000,100
39985281269006,11:06:25.281,85.3000,75
39985306122906,11:06:25.306,85.3000,20
39985306145920,11:06:25.306,85.3000,5
39985306282568,11:06:25.306,85.3100,94
39985306998294,11:06:25.306,85.3100,6
40090389357170,11:08:10.389,85.3200,100
40090611539754,11:08:10.611,85.3600,200
40090611615946,11:08:10.611,85.3600,100
40090612050679,11:08:10.612,85.3700,100
40090612050679,11:08:10.612,85.3700,100
40090612081949,11:08:10.612,85.3700,7
40090612081949,11:08:10.612,85.3700,59
40126449995995,11:08:46.449,85.4600,20
40137531842849,11:08:57.531,85.4600,23
40145586423765,11:09:05.586,85.4600,57
40147968653228,11:09:07.968,85.4500,25
40177019720921,11:09:37.019,85.3800,20
40177019720921,11:09:37.019,85.3800,2
40203438475832,11:10:03.438,85.4300,53
40213322183029,11:10:13.322,85.4300,7
40239475948513,11:10:39.475,85.4500,100
40239476054342,11:10:39.476,85.4500,70
40239476069079,11:10:39.476,85.4500,10
40239476070550,11:10:39.476,85.4500,20
40260654143254,11:11:00.654,85.4600,15
40288923535343,11:11:28.923,85.4600,66
40291423595755,11:11:31.423,85.4600,19
40291423595755,11:11:31.423,85.4700,47
40347401931836,11:12:27.401,85.4700,1
40363855299794,11:12:43.855,85.4200,100
40375613562322,11:12:55.613,85.4100,5
40443112820026,11:14:03.112,85.3550,100
40515787639280,11:15:15.787,85.3700,29
40515787639280,11:15:15.787,85.3700,71
40538323678643,11:15:38.323,85.3100,100
40552845257050,11:15:52.845,85.3100,100
40552845283974,11:15:52.845,85.3100,100
40552845283974,11:15:52.845,85.3100,29
40581362278625,11:16:21.362,85.2500,94
40657625942876,11:17:37.625,85.2250,100
40658779493564,11:17:38.779,85.2600,200
40673882316035,11:17:53.882,85.1800,100
40723224774050,11:18:43.224,85.1200,100
40768389923069,11:19:28.389,85.1100,1
40837981062132,11:20:37.981,85.1100,100
40862974488746,11:21:02.974,85.1500,100
40862974525635,11:21:02.974,85.1500,100
40862974525635,11:21:02.974,85.1500,100
40862974525635,11:21:02.974,85.1500,6
40862974525635,11:21:02.974,85.1500,100
40862974853006,11:21:02.974,85.1600,37
40862974943146,11:21:02.974,85.1600,63
40863221544926,11:21:03.221,85.1800,100
40921833182255,11:22:01.833,85.1800,100
40921833211446,11:22:01.833,85.1800,71
40933481604626,11:22:13.481,85.1500,40
40941165141660,11:22:21.165,85.1400,200
40950189699536,11:22:30.189,85.1300,100
40974457835565,11:22:54.457,85.1100,100
41095361819486,11:24:55.361,85.1000,100
41150707519279,11:25:50.707,85.0800,1
41205004482179,11:26:45.004,85.0750,100
41214526800265,11:26:54.526,85.0200,3
41303205367512,11:28:23.205,85.0650,100
41303322625989,11:28:23.322,85.0200,20
41303322625989,11:28:23.322,85.0200,7
41303322947601,11:28:23.322,85.0650,200
41303322975835,11:28:23.322,85.0200,13
41303322975835,11:28:23.322,85.0200,14
41303323046345,11:28:23.323,85.0200,27
41303323153110,11:28:23.323,85.0200,27
41303323206679,11:28:23.323,85.0200,27
41319213944222,11:28:39.213,85.0400,100
41365677048192,11:29:25.677,85.0400,100
41366146451993,11:29:26.146,85.0700,100
41370899963830,11:29:30.899,85.0700,5
41370900008236,11:29:30.900,85.0700,95
41370900008236,11:29:30.900,85.0700,7
41370900008236,11:29:30.900,85.0700,100
41370900008236,11:29:30.900,85.0700,100
41370900277206,11:29:30.900,85.0700,100
41370902072265,11:29:30.902,85.0900,100
41370902072265,11:29:30.902,85.0900,100
41370902376358,11:29:30.902,85.0900,100
41370906495433,11:29:30.906,85.1000,100
41370906794778,11:29:30.906,85.1100,100
41376296793434,11:29:36.296,85.1400,7
41376296793434,11:29:36.296,85.1600,68
41376297201941,11:29:36.297,85.1600,32
41376298045315,11:29:36.298,85.1700,100
41376298099757,11:29:36.298,85.1700,6
41409208977777,11:30:09.208,85.2000,121
41409208985531,11:30:09.208,85.2000,58
41409209007528,11:30:09.209,85.2000,21
41409209007528,11:30:09.209,85.2000,100
41428339024140,11:30:28.339,85.1900,100
41428340698585,11:30:28.340,85.2100,93
41428340723170,11:30:28.340,85.2100,7
41442841759103,11:30:42.841,85.2100,7
41511880653266,11:31:51.880,85.2700,20
41527801450112,11:32:07.801,85.2700,30
41532438369046,11:32:12.438,85.2150,100
41550753371956,11:32:30.753,85.2900,71
41550753371956,11:32:30.753,85.2900,17
41564448286302,11:32:44.448,85.3100,100
41564448286302,11:32:44.448,85.3100,7
41567234673410,11:32:47.234,85.3500,200
41567234822600,11:32:47.234,85.3400,100
41567244257885,11:32:47.244,85.3500,100
41570260549493,11:32:50.260,85.4000,100
41570272715984,11:32:50.272,85.4000,10
41571089378424,11:32:51.089,85.3300,100
41571090049317,11:32:51.090,85.3300,200
41572860951394,11:32:52.860,85.3300,100
41572878351684,11:32:52.878,85.4000,100
41574827966654,11:32:54.827,85.4000,100
41587398878855,11:33:07.398,85.4400,100
41626104921633,11:33:46.104,85.4500,50
41626105639352,11:33:46.105,85.4500,100
41626951932443,11:33:46.951,85.4500,50
41645669086881,11:34:05.669,85.4800,100
41645669086881,11:34:05.669,85.4800,8
41645669107490,11:34:05.669,85.4800,100
41645669190456,11:34:05.669,85.4500,10
41645669290609,11:34:05.669,85.4800,10
41645669290609,11:34:05.669,85.4900,48
41645669298345,11:34:05.669,85.4900,58
41645669314775,11:34:05.669,85.4900,108
41645669327917,11:34:05.669,85.4900,86
41645674356671,11:34:05.674,85.4800,188
41647275250779,11:34:07.275,85.4400,100
41647275250779,11:34:07.275,85.4400,100
41651821500223,11:34:11.821,85.4400,100
41651821500223,11:34:11.821,85.4400,100
41651821500223,11:34:11.821,85.4400,100
41651821528770,11:34:11.821,85.4400,100
41777571959072,11:36:17.571,85.4600,100
41804001354608,11:36:44.001,85.4650,100
41838970229451,11:37:18.970,85.4700,100
41840961514069,11:37:20.961,85.5100,100
41856466290089,11:37:36.466,85.4200,100
41857043181845,11:37:37.043,85.4100,100
41857331212328,11:37:37.331,85.4000,100
41858307321890,11:37:38.307,85.3600,32
41866616998124,11:37:46.616,85.4700,100
41878920162731,11:37:58.920,85.4700,8
41878920162731,11:37:58.920,85.4700,35
41878920188007,11:37:58.920,85.4700,65
41878920188537,11:37:58.920,85.4700,65
41878920394800,11:37:58.920,85.4700,35
41886242448878,11:38:06.242,85.5200,8
41886242492673,11:38:06.242,85.5200,79
41888912286509,11:38:08.912,85.5500,30
41888915369146,11:38:08.915,85.5700,70
41888915400422,11:38:08.915,85.5700,30
41890945823810,11:38:10.945,85.6000,1
41922523538102,11:38:42.523,85.6100,100
41926627515905,11:38:46.627,85.6200,100
41926627822220,11:38:46.627,85.6200,100
41940413782780,11:39:00.413,85.6000,40
41948560031707,11:39:08.560,85.6300,100
41948561503616,11:39:08.561,85.6000,100
41948562222593,11:39:08.562,85.5800,100
41948562451620,11:39:08.562,85.5800,100
41948562451620,11:39:08.562,85.5800,72
41948562461007,11:39:08.562,85.5800,28
41948562975172,11:39:08.562,85.5800,10
41960107341415,11:39:20.107,85.6100,100
41977232028138,11:39:37.232,85.6400,100
41977232029518,11:39:37.232,85.6500,100
41994594548586,11:39:54.594,85.6900,100
41994594548586,11:39:54.594,85.6900,20
41998117251679,11:39:58.117,85.6900,60
41998117275428,11:39:58.117,85.7000,50
42013736048701,11:40:13.736,85.7200,3
42013736072962,11:40:13.736,85.7200,12
42016537429639,11:40:16.537,85.7100,200
42016537651631,11:40:16.537,85.7100,100
42016537738044,11:40:16.537,85.7400,9
42016537758287,11:40:16.537,85.7400,9
42016537794055,11:40:16.537,85.7400,19
42016537946934,11:40:16.537,85.7400,72
42016538021111,11:40:16.538,85.7500,7
42016538021111,11:40:16.538,85.7500,10
42026539020667,11:40:26.539,85.7800,2
42026539242461,11:40:26.539,85.8300,100
42026540140722,11:40:26.540,85.8300,100
42026540140722,11:40:26.540,85.8400,100
42026541145381,11:40:26.541,85.8300,20
42026541806618,11:40:26.541,85.8300,5
42026542894495,11:40:26.542,85.8300,30
42026543743833,11:40:26.543,85.8300,45
42026544740504,11:40:26.544,85.8500,19
42026544740504,11:40:26.544,85.8500,66
42026545806926,11:40:26.545,85.8500,5
42026645103371,11:40:26.645,85.8500,29
42026645103371,11:40:26.645,85.8500,100
42026647625763,11:40:26.647,85.8600,25
42026742593799,11:40:26.742,85.9000,10
42115839862358,11:41:55.839,85.8600,10
42115839862358,11:41:55.839,85.8400,3
42115839862358,11:41:55.839,85.8400,12
42115839862358,11:41:55.839,85.8400,2
42119029118481,11:41:59.029,85.9000,100
42119029805612,11:41:59.029,85.9100,61
42119029815892,11:41:59.029,85.8800,400
42119029833618,11:41:59.029,85.9100,39
42119029833618,11:41:59.029,85.9100,100
42119033151629,11:41:59.033,85.9600,75
42119034166512,11:41:59.034,85.9600,25
42119034166512,11:41:59.034,85.9700,50
42119035066934,11:41:59.035,85.9500,75
42119421389999,11:41:59.421,85.9000,200
42120302909407,11:42:00.302,85.8800,700
42120302909407,11:42:00.302,85.9000,100
42120302909407,11:42:00.302,85.9000,200
42120302909407,11:42:00.302,85.9000,25
42120302909407,11:42:00.302,85.9800,12
42120302909407,11:42:00.302,85.9800,300
42120302909407,11:42:00.302,85.9900,25
42120304220517,11:42:00.304,86.0000,16
42120304220517,11:42:00.304,86.0000,15
42120304220517,11:42:00.304,86.0000,115
42120304220517,11:42:00.304,86.0000,40
42120304220517,11:42:00.304,86.0000,100
42120305717327,11:42:00.305,86.0300,100
42120305749217,11:42:00.305,86.0300,100
42120305798901,11:42:00.305,86.0300,100
42120305905524,11:42:00.305,86.0300,100
42120305988534,11:42:00.305,86.0300,100
42120306421333,11:42:00.306,86.0300,98
42120306458709,11:42:00.306,86.0300,2
42120306458709,11:42:00.306,86.0300,181
42120310578278,11:42:00.310,86.0400,100
42120310578278,11:42:00.310,86.0400,100
42120312545190,11:42:00.312,86.0400,100
42120320161979,11:42:00.320,86.0500,87
42120330334690,11:42:00.330,86.0500,47
42120342821802,11:42:00.342,86.0600,100
42124416770001,11:42:04.416,86.0300,100
42124416770001,11:42:04.416,86.0300,200
42124416856570,11:42:04.416,86.0300,100
42124416876869,11:42:04.416,86.0300,100
42124417309346,11:42:04.417,86.0300,100
42124417310606,11:42:04.417,86.0300,100
42124417340154,11:42:04.417,86.0300,100
42124417398989,11:42:04.417,86.0300,100
42124417458498,11:42:04.417,86.0300,100
42124417833953,11:42:04.417,86.0300,100
42124418716321,11:42:04.418,86.0300,100
42124418951240,11:42:04.418,86.0300,100
42124418986945,11:42:04.418,86.0300,44
42124424797110,11:42:04.424,86.0300,100
42125025550588,11:42:05.025,86.0300,100
42125025638361,11:42:05.025,86.0300,100
42125026279556,11:42:05.026,86.0300,100
42127868628983,11:42:07.868,86.0300,22
42142610797415,11:42:22.610,85.9600,200
42142611416696,11:42:22.611,85.9600,100
42143065392538,11:42:23.065,85.9700,100
42146207909103,11:42:26.207,85.9000,100
42177530170477,11:42:57.530,85.9300,100
42177530170477,11:42:57.530,85.9400,100
42177530403528,11:42:57.530,85.9400,100
42177530422769,11:42:57.530,85.9400,39
42177530431618,11:42:57.530,85.9400,61
42197259220396,11:43:17.259,85.9100,100
42197259329099,11:43:17.259,85.9100,100
42221099333798,11:43:41.099,85.9400,11
42239883504271,11:43:59.883,85.9500,100
42239883733798,11:43:59.883,85.9500,76
42307243826314,11:45:07.243,85.9500,30
42307243826314,11:45:07.243,85.9500,10
42307243826314,11:45:07.243,85.9500,108
42309611388202,11:45:09.611,85.9500,50
42314075554822,11:45:14.075,86.0000,13
42324555077622,11:45:24.555,86.0200,70
42332723571967,11:45:32.723,86.0700,100
42336098309715,11:45:36.098,86.0600,200
42337165366400,11:45:37.165,86.0700,100
42343184375002,11:45:43.184,86.1200,25
42343185668159,11:45:43.185,86.1600,100
42355048839887,11:45:55.048,86.1900,100
42355052527924,11:45:55.052,86.1900,100
42355052574853,11:45:55.052,86.1900,100
42355056524259,11:45:55.056,86.1900,22
42357405298849,11:45:57.405,86.1200,100
42365007458208,11:46:05.007,86.1600,79
42370560979290,11:46:10.560,86.0700,109
42370560980603,11:46:10.560,86.0700,91
42385025557675,11:46:25.025,86.1300,100
42385025591463,11:46:25.025,86.1300,100
42385650440359,11:46:25.650,86.1700,25
42397530825428,11:46:37.530,86.1200,100
42397530825428,11:46:37.530,86.1200,200
42397530825428,11:46:37.530,86.1200,100
42397531067025,11:46:37.531,86.1100,22
42397531170331,11:46:37.531,86.1100,28
42409429307155,11:46:49.429,86.1700,100
42416259405587,11:46:56.259,86.1700,95
42416259405587,11:46:56.259,86.1700,5
42426006611657,11:47:06.006,86.1700,11
42426006611657,11:47:06.006,86.1700,89
42426006639267,11:47:06.006,86.1700,11
42426006639267,11:47:06.006,86.1700,100
42430760596288,11:47:10.760,86.1800,5
42431095095050,11:47:11.095,86.1800,7
42434576291460,11:47:14.576,86.2000,24
42444078276577,11:47:24.078,86.1600,30
42464378014504,11:47:44.378,86.2000,16
42467531362686,11:47:47.531,86.1900,50
42492903333118,11:48:12.903,86.2100,100
42498679029779,11:48:18.679,86.2500,100
42498701487200,11:48:18.701,86.2600,100
42509523959742,11:48:29.523,86.1600,100
42509523959742,11:48:29.523,86.1500,100
42509523959742,11:48:29.523,86.1400,100
42509523959742,11:48:29.523,86.1400,20
42509523959742,11:48:29.523,86.1400,100
42513668241103,11:48:33.668,86.1400,100
42513668511631,11:48:33.668,86.1400,100
42530104001388,11:48:50.104,86.2300,98
42530104021444,11:48:50.104,86.2300,52
42584008525148,11:49:44.008,86.2100,10
42590854469820,11:49:50.854,86.1100,100
42590854497938,11:49:50.854,86.1100,100
42590854497938,11:49:50.854,86.1100,200
42590854527827,11:49:50.854,86.1100,40
42590854527827,11:49:50.854,86.1000,160
42590854595506,11:49:50.854,86.1000,40
42603284313192,11:50:03.284,86.0000,1
42606562265293,11:50:06.562,86.0400,100
42623007903843,11:50:23.007,85.9550,100
42623007903843,11:50:23.007,86.0400,50
42697158876308,11:51:37.158,85.9600,100
42709988912202,11:51:49.988,85.9100,60
42709988912202,11:51:49.988,85.8900,40
42709988939753,11:51:49.988,85.8900,60
42709989156892,11:51:49.989,85.8800,54
42709989163859,11:51:49.989,85.8800,46
42775603505055,11:52:55.603,85.7250,100
42781755588240,11:53:01.755,85.6600,200
42782456432839,11:53:02.456,85.5900,50
42782456785633,11:53:02.456,85.6400,2
42782604963175,11:53:02.604,85.5900,2
42799937536718,11:53:19.937,85.6200,58
42822456183837,11:53:42.456,85.5200,193
42822456208190,11:53:42.456,85.5200,107
42822456211638,11:53:42.456,85.5200,107
42822456213607,11:53:42.456,85.5200,107
42856985001783,11:54:16.985,85.5700,2
42856985001783,11:54:16.985,85.5700,100
42856985001783,11:54:16.985,85.5700,54
42856985001783,11:54:16.985,85.5700,1
42856985001783,11:54:16.985,85.5700,5
42856985001783,11:54:16.985,85.5700,4
42856985037422,11:54:16.985,85.5700,96
42856985037422,11:54:16.985,85.5700,42
42856985037422,11:54:16.985,85.5700,7
42856985037422,11:54:16.985,85.5700,11
42856985037422,11:54:16.985,85.5700,1
42856985037422,11:54:16.985,85.5700,6
42871524341785,11:54:31.524,85.5600,100
42917047891563,11:55:17.047,85.4750,100
42923578005884,11:55:23.578,85.5100,100
42928477438403,11:55:28.477,85.4900,100
42929916576553,11:55:29.916,85.4700,1
42930450489285,11:55:30.450,85.4800,99
42930734717924,11:55:30.734,85.4900,25
42930734717924,11:55:30.734,85.4900,35
42933690359439,11:55:33.690,85.4700,200
42935279483669,11:55:35.279,85.4800,100
42935279994364,11:55:35.279,85.4800,10
42937879009030,11:55:37.879,85.4900,100
42937883427821,11:55:37.883,85.4900,10
42937910099229,11:55:37.910,85.5100,100
42937910440969,11:55:37.910,85.5100,36
42937910446131,11:55:37.910,85.5100,64
42937910446131,11:55:37.910,85.5100,36
42937910466619,11:55:37.910,85.5100,64
42938923232551,11:55:38.923,85.5200,100
42942224020860,11:55:42.224,85.4900,200
42942224050639,11:55:42.224,85.4900,200
42942224534856,11:55:42.224,85.4900,100
42942224565015,11:55:42.224,85.4900,100
42942224568929,11:55:42.224,85.4900,115
42942225107050,11:55:42.225,85.4800,91
42942225153524,11:55:42.225,85.4800,9
42943015830757,11:55:43.015,85.5200,100
42943015830757,11:55:43.015,85.5200,100
42943015830757,11:55:43.015,85.5200,100
42943016425721,11:55:43.016,85.5300,100
42943016429666,11:55:43.016,85.5300,100
42943016714469,11:55:43.016,85.5400,100
42953140653451,11:55:53.140,85.5600,100
42953141002564,11:55:53.141,85.5700,100
42953141002564,11:55:53.141,85.5700,100
42953141002564,11:55:53.141,85.5700,100
42953141108088,11:55:53.141,85.5700,100
42953141338095,11:55:53.141,85.5800,100
42960004258096,11:56:00.004,85.5700,100
42983333716155,11:56:23.333,85.5000,1
42988813067090,11:56:28.813,85.5000,1
42993075849380,11:56:33.075,85.5500,100
42993076189043,11:56:33.076,85.5600,100
43012186657690,11:56:52.186,85.6000,7
43039117908887,11:57:19.117,85.7100,100
43070013078661,11:57:50.013,85.7600,100
43070013078661,11:57:50.013,85.7600,100
43070024634105,11:57:50.024,85.7600,80
43087982140432,11:58:07.982,85.7700,100
43087982140432,11:58:07.982,85.7700,100
43090767454707,11:58:10.767,85.7700,37
43090767454707,11:58:10.767,85.7700,9
43090767454707,11:58:10.767,85.7700,2
43141258012404,11:59:01.258,85.7950,100
43142530240726,11:59:02.530,85.8600,16
43152912264247,11:59:12.912,85.8500,50
43152912264247,11:59:12.912,85.8600,84
43152912264247,11:59:12.912,85.8700,16
43152912300542,11:59:12.912,85.8700,84
43152912631502,11:59:12.912,85.8700,84
43152916495156,11:59:12.916,85.8700,10
43228335842229,12:00:28.335,86.0000,800
43228335988582,12:00:28.335,86.0000,700
43228335988582,12:00:28.335,86.0000,12
43228335988582,12:00:28.335,86.0000,10
43242440201779,12:00:42.440,86.0000,50
43253564166567,12:00:53.564,85.9900,100
43253564496234,12:00:53.564,85.9900,200
43253564708403,12:00:53.564,85.9500,20
43253565024106,12:00:53.565,85.9500,100
43253565033300,12:00:53.565,85.9500,100
43253565214784,12:00:53.565,85.9500,200
43253565456894,12:00:53.565,85.9500,100
43271468887785,12:01:11.468,85.9300,100
43275970436462,12:01:15.970,85.9400,100
43275970436462,12:01:15.970,85.9400,100
43275970461761,12:01:15.970,85.9400,53
43275971211487,12:01:15.971,85.9600,100
43275981050617,12:01:15.981,86.0000,9
43275981275406,12:01:15.981,86.0000,54
43281141444979,12:01:21.141,86.0000,137
43342993367020,12:02:22.993,86.0100,100
43376348250959,12:02:56.348,86.0200,20
43376359586112,12:02:56.359,86.0300,10
43376359624577,12:02:56.359,86.0300,100
43393402536368,12:03:13.402,85.9900,100
43402105410937,12:03:22.105,86.0400,100
43402122825528,12:03:22.122,86.0500,5
43402122825528,12:03:22.122,86.0500,5
43402122825528,12:03:22.122,86.0500,8
43402123339130,12:03:22.123,86.0700,25
43402123655916,12:03:22.123,86.0700,74
43404446878945,12:03:24.446,86.0700,1
43404446878945,12:03:24.446,86.0700,24
43417470886666,12:03:37.470,86.0000,66
43417470886666,12:03:37.470,86.0000,34
43417470917246,12:03:37.470,86.0000,32
43423685343091,12:03:43.685,86.0100,100
43437490998764,12:03:57.490,85.9900,200
43437490998764,12:03:57.490,85.9800,338
43437491035304,12:03:57.491,85.9800,200
43485541324719,12:04:45.541,86.0500,100
43485541324719,12:04:45.541,86.0500,10
43485541324719,12:04:45.541,86.0500,200
43485541324719,12:04:45.541,86.0500,200
43485541358582,12:04:45.541,86.0500,100
43485541388277,12:04:45.541,86.0600,100
43485543901488,12:04:45.543,86.0600,20
43485543901488,12:04:45.543,86.0700,56
43485543955697,12:04:45.543,86.0700,20
43485546061385,12:04:45.546,86.1000,60
43485547688485,12:04:45.547,86.1400,100
43485553685975,12:04:45.553,86.0600,100
43513823966462,12:05:13.823,86.1400,100
43513824488920,12:05:13.824,86.1400,100
43516082224539,12:05:16.082,86.1000,11
43555851457630,12:05:55.851,86.0750,60
43571323955122,12:06:11.323,86.1250,94
43574580977937,12:06:14.580,86.1500,200
43574580977937,12:06:14.580,86.1500,11
43574610135124,12:06:14.610,86.1200,10
43574610135124,12:06:14.610,86.1200,56
43575617055476,12:06:15.617,86.1500,10
43575617055476,12:06:15.617,86.1500,100
43575617055476,12:06:15.617,86.1800,25
43575618008022,12:06:15.618,86.1900,100
43575618446658,12:06:15.618,86.1500,100
43578574072966,12:06:18.574,86.1300,66
43595398778727,12:06:35.398,86.2200,200
43595398803158,12:06:35.398,86.2200,150
43595398811668,12:06:35.398,86.2200,50
43595398811668,12:06:35.398,86.2000,150
43595398904373,12:06:35.398,86.2000,50
43595399036335,12:06:35.399,86.2200,10
43595399482877,12:06:35.399,86.2000,10
43595399482877,12:06:35.399,86.2000,90
43595399528602,12:06:35.399,86.2000,10
43595400352258,12:06:35.400,86.2100,100
43596441216037,12:06:36.441,86.2000,100
43598777789359,12:06:38.777,86.2300,90
43598777819391,12:06:38.777,86.2300,110
43604595547085,12:06:44.595,86.2400,100
43604596971681,12:06:44.596,86.2500,200
43606156069358,12:06:46.156,86.3000,100
43606161158884,12:06:46.161,86.3200,25
43606161158884,12:06:46.161,86.3200,15
43620518973682,12:07:00.518,86.3000,10
43641501318801,12:07:21.501,86.3300,100
43651372435770,12:07:31.372,86.2200,30
43651372435770,12:07:31.372,86.2100,70
43651372848399,12:07:31.372,86.2100,100
43651372873993,12:07:31.372,86.2100,30
43651372878374,12:07:31.372,86.2100,5
43651372878374,12:07:31.372,86.2100,20
43716001697116,12:08:36.001,86.2000,20
43718994025861,12:08:38.994,86.2300,25
43726708977511,12:08:46.708,86.2000,100
43726708977511,12:08:46.708,86.2300,75
43726708977511,12:08:46.708,86.2300,13
43726708994319,12:08:46.708,86.2300,87
43726708994319,12:08:46.708,86.2300,11
43726708994319,12:08:46.708,86.2300,2
43726708994319,12:08:46.708,86.2300,88
43726709017304,12:08:46.709,86.2300,12
43731668237820,12:08:51.668,86.2900,100
43731673924870,12:08:51.673,86.3300,5
43734876988373,12:08:54.876,86.3200,100
43738225411192,12:08:58.225,86.3300,100
43738461500833,12:08:58.461,86.3400,100
43753256564716,12:09:13.256,86.3800,85
43753256695045,12:09:13.256,86.3800,30
43753256728448,12:09:13.256,86.3800,55
43753421633818,12:09:13.421,86.3450,300
43766903079043,12:09:26.903,86.3200,20
43766903079043,12:09:26.903,86.3100,300
43766903079043,12:09:26.903,86.3100,180
43766903316296,12:09:26.903,86.3100,9
43766903335565,12:09:26.903,86.3100,11
43776027799461,12:09:36.027,86.3200,100
43776533033436,12:09:36.533,86.3400,74
43776542888599,12:09:36.542,86.3300,100
43776554443189,12:09:36.554,86.3400,100
43779026570754,12:09:39.026,86.3600,100
43779026570754,12:09:39.026,86.3600,100
43779256848708,12:09:39.256,86.3700,100
43779256848708,12:09:39.256,86.3700,100
43779655839621,12:09:39.655,86.3800,30
43779655839621,12:09:39.655,86.3800,100
43779655839621,12:09:39.655,86.3800,90
43779655839621,12:09:39.655,86.3800,80
43782027133682,12:09:42.027,86.3800,20
43782027133682,12:09:42.027,86.3900,80
43803464226577,12:10:03.464,86.3700,200
43812805507470,12:10:12.805,86.3750,100
43816799003993,12:10:16.799,86.4100,11
43816799003993,12:10:16.799,86.4100,3
43816799064424,12:10:16.799,86.4100,11
43816799610592,12:10:16.799,86.4100,86
43816799610592,12:10:16.799,86.4100,20
43817039721982,12:10:17.039,86.4600,100
43817039721982,12:10:17.039,86.4600,25
43856103933424,12:10:56.103,86.4800,25
43856103933424,12:10:56.103,86.4900,63
43860176724486,12:11:00.176,86.4900,18
43860176732457,12:11:00.176,86.4900,19
43860176732457,12:11:00.176,86.4900,31
43860176782337,12:11:00.176,86.4900,55
43860182519296,12:11:00.182,86.4900,14
43903056984574,12:11:43.056,86.4900,100
43903067878342,12:11:43.067,86.5000,100
43903067903561,12:11:43.067,86.5000,9
43903069631845,12:11:43.069,86.5400,15
43903070697102,12:11:43.070,86.5500,100
43903070937254,12:11:43.070,86.5300,100
43903071050473,12:11:43.071,86.5200,100
43903071477883,12:11:43.071,86.5300,100
43903075250314,12:11:43.075,86.5600,90
43903082635778,12:11:43.082,86.5600,10
43903084021921,12:11:43.084,86.5800,100
43903085439960,12:11:43.085,86.5900,100
43903085439960,12:11:43.085,86.5900,100
43905322791198,12:11:45.322,86.6100,4
43905323063569,12:11:45.323,86.6100,100
43905323089609,12:11:45.323,86.6100,96
43905323236162,12:11:45.323,86.6200,25
43905323236162,12:11:45.323,86.6200,75
43916253847049,12:11:56.253,86.6100,150
43916253878708,12:11:56.253,86.6100,24
43933746977477,12:12:13.746,86.5900,100
43942096785217,12:12:22.096,86.6200,100
43951415737933,12:12:31.415,86.5800,100
43951415737933,12:12:31.415,86.5800,12
43951415778139,12:12:31.415,86.5800,80
43951417814990,12:12:31.417,86.6200,100
43951424206405,12:12:31.424,86.6400,108
43958898310767,12:12:38.898,86.6400,192
43958898373378,12:12:38.898,86.6400,25
43958898386176,12:12:38.898,86.6400,75
43958898455354,12:12:38.898,86.7000,25
43958898486930,12:12:38.898,86.7000,75
43958899502784,12:12:38.899,86.7200,25
43962450540188,12:12:42.450,86.6550,125
43967673536700,12:12:47.673,86.6000,100
43975088739995,12:12:55.088,86.6500,12
43988842678735,12:13:08.842,86.6500,1
43998683835356,12:13:18.683,86.6700,50
44008258496541,12:13:28.258,86.7100,100
44018971933787,12:13:38.971,86.7000,100
44024576464938,12:13:44.576,86.7100,100
44024591503600,12:13:44.591,86.7100,100
44024591503600,12:13:44.591,86.7100,100
44024592144345,12:13:44.592,86.7200,191
44024592185053,12:13:44.592,86.7200,109
44026130510104,12:13:46.130,86.7500,1
44027162618083,12:13:47.162,86.7600,52
44030380300507,12:13:50.380,86.7700,100
44030380300507,12:13:50.380,86.7700,100
44032035894853,12:13:52.035,86.7900,24
44032035894853,12:13:52.035,86.7900,100
44032035894853,12:13:52.035,86.7900,100
44032037029561,12:13:52.037,86.7650,100
44043856370348,12:14:03.856,86.7400,100
44044884295689,12:14:04.884,86.7700,12
44044884310999,12:14:04.884,86.7700,12
44046929077643,12:14:06.929,86.8250,200
44046929640606,12:14:06.929,86.8500,30
44046929640606,12:14:06.929,86.8600,60
44076923426354,12:14:36.923,86.8500,1
44083981738272,12:14:43.981,86.7400,35
44103883195920,12:15:03.883,86.6800,1
44103883790146,12:15:03.883,86.7150,100
44109670632962,12:15:09.670,86.7150,100
44122848126594,12:15:22.848,86.7150,100
44122848126594,12:15:22.848,86.7150,100
44129928329710,12:15:29.928,86.7500,21
44137085893634,12:15:37.085,86.7500,231
44149845080369,12:15:49.845,86.7200,56
44152501428505,12:15:52.501,86.6900,100
44152501455972,12:15:52.501,86.6900,100
44152501455972,12:15:52.501,86.6900,200
44152501688882,12:15:52.501,86.6600,1
44152502236147,12:15:52.502,86.7200,100
44152502236147,12:15:52.502,86.7200,100
44152502353025,12:15:52.502,86.7200,100
44181250025263,12:16:21.250,86.7100,100
44188278476678,12:16:28.278,86.7150,200
44188278476678,12:16:28.278,86.6800,200
44191216776902,12:16:31.216,86.7150,200
44199149544032,12:16:39.149,86.7500,98
44204171255638,12:16:44.171,86.7500,650
44204171255638,12:16:44.171,86.7500,100
44204171255638,12:16:44.171,86.7500,300
44204171255638,12:16:44.171,86.7500,12
44204171255638,12:16:44.171,86.7500,70
44204171255638,12:16:44.171,86.7500,100
44204171299406,12:16:44.171,86.7500,100
44204171330436,12:16:44.171,86.7700,100
44204172293240,12:16:44.172,86.7500,100
44204172699244,12:16:44.172,86.7800,100
44205728991406,12:16:45.728,86.7950,100
44241769374345,12:17:21.769,86.7700,100
44253397146287,12:17:33.397,86.7700,200
44253397146287,12:17:33.397,86.7300,79
44253397175275,12:17:33.397,86.7700,200
44253397233995,12:17:33.397,86.7300,100
44253397233995,12:17:33.397,86.7300,100
44258252586032,12:17:38.252,86.7700,200
44271394418490,12:17:51.394,86.7500,100
44271394418490,12:17:51.394,86.7500,103
44271394418490,12:17:51.394,86.7500,300
44321605947506,12:18:41.605,86.7200,100
44321605947506,12:18:41.605,86.7200,100
44321606233371,12:18:41.606,86.7300,100
44321609665704,12:18:41.609,86.7900,100
44321609665704,12:18:41.609,86.8000,25
44321609665704,12:18:41.609,86.8000,50
44321609696166,12:18:41.609,86.8000,100
44321610650341,12:18:41.610,86.7900,25
44321611939090,12:18:41.611,86.7900,75
44324006027054,12:18:44.006,86.7000,20
44327466652117,12:18:47.466,86.6900,93
44327466689276,12:18:47.466,86.6200,1
44327466743191,12:18:47.466,86.6200,1
44327657317445,12:18:47.657,86.6300,100
44327658254951,12:18:47.658,86.6200,25
44328519661652,12:18:48.519,86.6200,35
44337471227441,12:18:57.471,86.6200,15
44337553962389,12:18:57.553,86.6200,1
44337554040179,12:18:57.554,86.6000,1
44342468353478,12:19:02.468,86.5900,1
44343624747118,12:19:03.624,86.5200,1
44343624842835,12:19:03.624,86.5100,1
44372266454461,12:19:32.266,86.6300,12
44372266454461,12:19:32.266,86.6300,43
44372266483247,12:19:32.266,86.6000,112
44372266668475,12:19:32.266,86.6000,112
44372266795861,12:19:32.266,86.6300,57
44372266824338,12:19:32.266,86.6000,100
44372266827689,12:19:32.266,86.6000,76
44372266827689,12:19:32.266,86.6300,24
44372266829337,12:19:32.266,86.6300,76
44372266883116,12:19:32.266,86.6300,24
44372266940686,12:19:32.266,86.6300,24
44372602059150,12:19:32.602,86.6300,76
44372602059150,12:19:32.602,86.6300,78
44372602059150,12:19:32.602,86.6300,22
44372602059150,12:19:32.602,86.6300,24
44372602089638,12:19:32.602,86.6300,76
44372602089638,12:19:32.602,86.6300,200
44388117143576,12:19:48.117,86.5600,75
44398248194160,12:19:58.248,86.6000,100
44398248194160,12:19:58.248,86.6000,100
44398257885787,12:19:58.257,86.6000,100
44417170168469,12:20:17.170,86.6600,12
44504871545550,12:21:44.871,86.5850,300
44504871545550,12:21:44.871,86.5400,60
44504871572839,12:21:44.871,86.5400,240
44504871572839,12:21:44.871,86.5400,200
44508936922415,12:21:48.936,86.5450,100
44516179403456,12:21:56.179,86.5450,100
44526188830886,12:22:06.188,86.5900,100
44528722359330,12:22:08.722,86.5500,200
44528722359330,12:22:08.722,86.5500,100
44532010235551,12:22:12.010,86.5700,15
44535242553096,12:22:15.242,86.5700,19
44535242553096,12:22:15.242,86.5800,81
44535242584749,12:22:15.242,86.5800,19
44535242584749,12:22:15.242,86.5800,100
44547641000845,12:22:27.641,86.5900,12
44547641000845,12:22:27.641,86.5900,56
44547641000845,12:22:27.641,86.5900,2
44547642243992,12:22:27.642,86.5900,100
44555156935117,12:22:35.156,86.6100,100
44555159476228,12:22:35.159,86.6200,100
44555175718872,12:22:35.175,86.6300,100
44555175718872,12:22:35.175,86.6300,78
44555175773005,12:22:35.175,86.6300,22
44560073998920,12:22:40.073,86.6200,13
44560073998920,12:22:40.073,86.6200,87
44560074232427,12:22:40.074,86.6200,13
44566006430274,12:22:46.006,86.6600,200
44566007351115,12:22:46.007,86.6400,100
44566007378084,12:22:46.007,86.6400,100
44572885531386,12:22:52.885,86.6500,40
44572889850198,12:22:52.889,86.6500,60
44572889874338,12:22:52.889,86.6500,140
44572889876317,12:22:52.889,86.6500,100
44577998961460,12:22:57.998,86.6900,2
44580005478981,12:23:00.005,86.6600,180
44587471401263,12:23:07.471,86.5300,1
44593780503870,12:23:13.780,86.5000,1
44593780503870,12:23:13.780,86.5000,1
44593784004502,12:23:13.784,86.4900,1
44604791261216,12:23:24.791,86.4900,15
44607038169770,12:23:27.038,86.5200,20
44607471823865,12:23:27.471,86.4900,5
44607471849808,12:23:27.471,86.4900,22
44610591324222,12:23:30.591,86.4900,5
44611873667504,12:23:31.873,86.5200,100
44612472094823,12:23:32.472,86.4900,2
44613609973180,12:23:33.609,86.4900,2
44613610007078,12:23:33.610,86.4900,16
44613610056980,12:23:33.610,86.4800,60
44613610084618,12:23:33.610,86.4800,40
44614519284448,12:23:34.519,86.4800,7
44614519311690,12:23:34.519,86.4800,5
44614519311690,12:23:34.519,86.4800,10
44617470493932,12:23:37.470,86.4800,15
44645601079237,12:24:05.601,86.4400,7
44645601166024,12:24:05.601,86.4500,100
44645601188313,12:24:05.601,86.4500,100
44648604070124,12:24:08.604,86.4000,90
44648604729388,12:24:08.604,86.3900,1
44648605853650,12:24:08.605,86.3800,1
44648605877737,12:24:08.605,86.3800,100
44648605880387,12:24:08.605,86.3800,100
44648606106772,12:24:08.606,86.3600,75
44648898504011,12:24:08.898,86.3600,10
44650925764697,12:24:10.925,86.4000,100
44664102280074,12:24:24.102,86.3700,85
44664125147577,12:24:24.125,86.3700,12
44664125147577,12:24:24.125,86.3700,45
44667376255711,12:24:27.376,86.3800,98
44667376255711,12:24:27.376,86.3800,2
44702628265541,12:25:02.628,86.2300,1
44766901292200,12:26:06.901,86.2500,56
44766901311685,12:26:06.901,86.2500,44
44768788366313,12:26:08.788,86.2900,30
44768807384922,12:26:08.807,86.3100,10
44788644208524,12:26:28.644,86.3200,1
44796245379911,12:26:36.245,86.3100,100
44796245379911,12:26:36.245,86.3200,99
44796245379911,12:26:36.245,86.3200,1
44805283497795,12:26:45.283,86.3200,99
44805283497795,12:26:45.283,86.3200,1
44805283729399,12:26:45.283,86.3200,11
44821977082040,12:27:01.977,86.3900,100
44821977082040,12:27:01.977,86.4000,20
44834737119140,12:27:14.737,86.4000,100
44834737119140,12:27:14.737,86.4000,38
44837898666716,12:27:17.898,86.4100,100
44848287327589,12:27:28.287,86.4500,20
44850967674761,12:27:30.967,86.4500,80
44876893632509,12:27:56.893,86.4800,100
44907474431664,12:28:27.474,86.4050,100
44907474519320,12:28:27.474,86.4000,5
44918217560666,12:28:38.217,86.3400,100
44926300386453,12:28:46.300,86.4100,100
44926750679348,12:28:46.750,86.3800,100
44929871126979,12:28:49.871,86.4100,1
44929871126979,12:28:49.871,86.4100,99
44943714526545,12:29:03.714,86.4100,1
44943714526545,12:29:03.714,86.4100,11
44943714526545,12:29:03.714,86.4100,100
44947179176858,12:29:07.179,86.4100,100
44947209020944,12:29:07.209,86.4400,73
45066281594530,12:31:06.281,86.4700,33
45070405231637,12:31:10.405,86.4300,100
45070426275371,12:31:10.426,86.4700,33
45109608704986,12:31:49.608,86.4900,100
45109608704986,12:31:49.608,86.4900,2
45109608704986,12:31:49.608,86.4900,100
45109608738591,12:31:49.608,86.5000,41
45109608738591,12:31:49.608,86.5000,100
45109608738591,12:31:49.608,86.5000,100
45109608738591,12:31:49.608,86.5000,7
45109611055200,12:31:49.611,86.5000,200
45113793952684,12:31:53.793,86.5000,23
45125974431082,12:32:05.974,86.4900,100
45125982123832,12:32:05.982,86.5000,29
45132839843089,12:32:12.839,86.4500,100
45140141599054,12:32:20.141,86.4450,100
45145830460012,12:32:25.830,86.4250,100
45145831797874,12:32:25.831,86.4250,100
45155787869105,12:32:35.787,86.4700,3
45157520965747,12:32:37.520,86.4700,100
45157521436493,12:32:37.521,86.4750,100
45157521859868,12:32:37.521,86.4800,100
45157522088314,12:32:37.522,86.4800,38
45157531344133,12:32:37.531,86.4800,62
45157626779289,12:32:37.626,86.4700,85
45204056231666,12:33:24.056,86.4700,1
45204061168562,12:33:24.061,86.4900,11
45208927378361,12:33:28.927,86.4500,8
45208927409107,12:33:28.927,86.4200,992
45208930598082,12:33:28.930,86.3900,30
45208930623301,12:33:28.930,86.3900,200
45216233660332,12:33:36.233,86.4000,50
45222145852616,12:33:42.145,86.3900,20
45234929405052,12:33:54.929,86.4000,16
45238836299971,12:33:58.836,86.4000,84
45238837413088,12:33:58.837,86.4100,100
45273341433887,12:34:33.341,86.4100,105
45273341463509,12:34:33.341,86.4100,395
45327781293959,12:35:27.781,86.3800,100
45327781293959,12:35:27.781,86.3800,1
45327781293959,12:35:27.781,86.3800,100
45327782797268,12:35:27.782,86.3400,10
45327783360296,12:35:27.783,86.3800,10
45327783930414,12:35:27.783,86.3900,100
45327783930414,12:35:27.783,86.3900,100
45327784225165,12:35:27.784,86.3600,10
45327785056251,12:35:27.785,86.3300,200
45327785065304,12:35:27.785,86.3300,200
45327785124001,12:35:27.785,86.3300,463
45327785124001,12:35:27.785,86.3300,10
45355194714022,12:35:55.194,86.3800,22
45363273740094,12:36:03.273,86.3900,40
45363273740094,12:36:03.273,86.3700,60
45363274169141,12:36:03.274,86.3600,40
45379079749242,12:36:19.079,86.3500,100
45393232788316,12:36:33.232,86.3100,100
45396245798670,12:36:36.245,86.4000,8
45417600618504,12:36:57.600,86.3100,100
45419308956166,12:36:59.308,86.3800,100
45419308983649,12:36:59.308,86.3800,16
45468227792352,12:37:48.227,86.3600,100
45468244504910,12:37:48.244,86.4000,3
45468244504910,12:37:48.244,86.4000,97
45468244526785,12:37:48.244,86.4000,3
45528144372806,12:38:48.144,86.4600,10
45528144372806,12:38:48.144,86.4600,40
45535087970724,12:38:55.087,86.3900,61
45546453772951,12:39:06.453,86.3700,100
45546453869698,12:39:06.453,86.3600,100
45593435602433,12:39:53.435,86.2800,1
45593435602433,12:39:53.435,86.2800,1
45593435602433,12:39:53.435,86.2800,25
45684351288857,12:41:24.351,86.3050,100
45684365020421,12:41:24.365,86.3400,100
45684365020421,12:41:24.365,86.3400,11
45684365020421,12:41:24.365,86.3400,100
45684367854086,12:41:24.367,86.3900,100
45684369626144,12:41:24.369,86.4000,100
45684369674794,12:41:24.369,86.4000,100
45684369674794,12:41:24.369,86.4000,100
45684372490403,12:41:24.372,86.4100,100
45684373682415,12:41:24.373,86.4200,100
45684390807934,12:41:24.390,86.4700,100
45694808024421,12:41:34.808,86.4450,100
45757279224795,12:42:37.279,86.4400,100
45757279224795,12:42:37.279,86.4400,6
45757279224795,12:42:37.279,86.4400,11
45773608954762,12:42:53.608,86.4200,20
45776453892672,12:42:56.453,86.4200,80
45776453892672,12:42:56.453,86.4000,20
45789598782154,12:43:09.598,86.4600,100
45789599424804,12:43:09.599,86.4800,7
45789599424804,12:43:09.599,86.4800,93
45789599452098,12:43:09.599,86.4800,7
45789599454804,12:43:09.599,86.4800,7
45789600538090,12:43:09.600,86.4600,100
45789601039347,12:43:09.601,86.4800,93
45791599694195,12:43:11.599,86.4900,100
45791599694195,12:43:11.599,86.4900,7
45791601945040,12:43:11.601,86.5000,100
45792186498980,12:43:12.186,86.4800,100
45792186914397,12:43:12.186,86.4800,184
45792186943632,12:43:12.186,86.4800,116
45792689786073,12:43:12.689,86.5000,100
45843404869320,12:44:03.404,86.4600,1
45847314901311,12:44:07.314,86.4800,29
45847314901311,12:44:07.314,86.4900,71
45847314996781,12:44:07.314,86.4900,29
45847314996781,12:44:07.314,86.4900,12
45850289816003,12:44:10.289,86.4500,100
45850289816003,12:44:10.289,86.4500,20
45943003842205,12:45:43.003,86.4000,100
45974817595266,12:46:14.817,86.3700,100
46038034198305,12:47:18.034,86.3700,100
46045571197420,12:47:25.571,86.4200,12
46045593810323,12:47:25.593,86.3900,87
46073530816629,12:47:53.530,86.4200,50
46073530816629,12:47:53.530,86.4000,150
46073531044422,12:47:53.531,86.4000,48
46116137549913,12:48:36.137,86.4800,30
46117442620790,12:48:37.442,86.4800,10
46117452899805,12:48:37.452,86.4900,49
46183518306111,12:49:43.518,86.4550,100
46206295525567,12:50:06.295,86.4900,100
46206295525567,12:50:06.295,86.4900,100
46206295525567,12:50:06.295,86.4900,100
46206295559859,12:50:06.295,86.4900,12
46261636821868,12:51:01.636,86.4700,100
46262134589823,12:51:02.134,86.4800,100
46262134589823,12:51:02.134,86.4800,100
46266437896771,12:51:06.437,86.4550,8
46281773573804,12:51:21.773,86.4800,20
46281773609394,12:51:21.773,86.4800,80
46281774709363,12:51:21.774,86.4900,100
46281774772282,12:51:21.774,86.4900,100
46331807324913,12:52:11.807,86.5000,5
46331807352449,12:52:11.807,86.5000,95
46331807352449,12:52:11.807,86.5000,100
46331807352449,12:52:11.807,86.5000,12
46340388059090,12:52:20.388,86.4400,100
46340389255295,12:52:20.389,86.4300,100
46340389280556,12:52:20.389,86.4300,100
46343399889059,12:52:23.399,86.4300,100
46363074575039,12:52:43.074,86.3400,100
46363074972042,12:52:43.074,86.3900,100
46363075992838,12:52:43.075,86.3900,100
46363075992838,12:52:43.075,86.3900,25
46363078057245,12:52:43.078,86.3600,47
46364821199195,12:52:44.821,86.3900,15
46379151289671,12:52:59.151,86.3600,100
46387300800884,12:53:07.300,86.3600,200
46387301510169,12:53:07.301,86.3600,15
46387301510169,12:53:07.301,86.3600,85
46387301537006,12:53:07.301,86.3600,15
46454004326935,12:54:14.004,86.3300,100
46455052826017,12:54:15.052,86.3300,100
46481001499655,12:54:41.001,86.3000,100
46481060955131,12:54:41.060,86.2400,1
46481060955131,12:54:41.060,86.2400,1
46488594660335,12:54:48.594,86.2250,100
46488594665220,12:54:48.594,86.2300,100
46497807717220,12:54:57.807,86.2200,2
46497807717220,12:54:57.807,86.2200,29
46522952155905,12:55:22.952,86.2100,50
46522952155905,12:55:22.952,86.2100,2
46522952155905,12:55:22.952,86.2100,100
46522953088089,12:55:22.953,86.2100,200
46528336669867,12:55:28.336,86.1800,5
46528336708111,12:55:28.336,86.1700,1
46535687255035,12:55:35.687,86.1900,1
46538598720456,12:55:38.598,86.1500,2
46543438209277,12:55:43.438,86.1200,1
46543438209277,12:55:43.438,86.1200,1
46561267824628,12:56:01.267,86.1300,3
46565064956701,12:56:05.064,86.1600,100
46565075548988,12:56:05.075,86.1700,100
46565075548988,12:56:05.075,86.1700,11
46565077457226,12:56:05.077,86.1800,100
46565077457226,12:56:05.077,86.1800,100
46565079809326,12:56:05.079,86.2100,100
46583998973892,12:56:23.998,86.2250,100
46620889294561,12:57:00.889,86.2600,100
46620894210172,12:57:00.894,86.2700,100
46644888444977,12:57:24.888,86.2400,100
46664855060942,12:57:44.855,86.2800,100
46664855060942,12:57:44.855,86.2900,100
46664855294414,12:57:44.855,86.2900,58
46686072549154,12:58:06.072,86.3100,100
46686086248369,12:58:06.086,86.3200,100
46686086248369,12:58:06.086,86.3200,12
46686089534811,12:58:06.089,86.3300,100
46686089902393,12:58:06.089,86.3300,9
46730553137983,12:58:50.553,86.3800,20
46730572755195,12:58:50.572,86.4100,200
46730585689647,12:58:50.585,86.4300,100
46730592030409,12:58:50.592,86.4400,100
46738308489013,12:58:58.308,86.4700,100
46738308525908,12:58:58.308,86.4700,100
46738312473586,12:58:58.312,86.4300,10
46741254052415,12:59:01.254,86.4500,12
46742695299138,12:59:02.695,86.3400,100
46772373257028,12:59:32.373,86.4000,100
46772373257028,12:59:32.373,86.4000,10
46772373257028,12:59:32.373,86.4000,5
46772373289148,12:59:32.373,86.4000,99
46772373336666,12:59:32.373,86.4000,96
46772694993312,12:59:32.694,86.4000,100
46821723647557,13:00:21.723,86.3200,100
46821723674517,13:00:21.723,86.3200,182
46821723674517,13:00:21.723,86.3200,100
46822172302662,13:00:22.172,86.3500,100
46822184624054,13:00:22.184,86.3600,200
46822184624054,13:00:22.184,86.3600,67
46826952290431,13:00:26.952,86.2700,2
46826952290431,13:00:26.952,86.2700,98
46827951911660,13:00:27.951,86.2500,2
46834569918934,13:00:34.569,86.2600,100
46834569918934,13:00:34.569,86.2600,9
46845390282156,13:00:45.390,86.2400,2
46850110083439,13:00:50.110,86.3000,100
46850110083439,13:00:50.110,86.3100,100
46850122638215,13:00:50.122,86.3200,12
46850123939811,13:00:50.123,86.3300,100
46850130462580,13:00:50.130,86.3700,100
46850137331203,13:00:50.137,86.3800,7
46943143352012,13:02:23.143,86.3300,100
46951113279208,13:02:31.113,86.3600,22
46991788480419,13:03:11.788,86.3100,100
46991788480419,13:03:11.788,86.3000,100
47021809190908,13:03:41.809,86.3400,100
47070246859841,13:04:30.246,86.2200,2
47070246859841,13:04:30.246,86.2200,3
47082447249310,13:04:42.447,86.2700,2
47082447249310,13:04:42.447,86.2700,98
47082508661188,13:04:42.508,86.2100,1
47082508661188,13:04:42.508,86.2100,100
47086565237457,13:04:46.565,86.2000,1
47086565237457,13:04:46.565,86.1900,2
47086565237457,13:04:46.565,86.1900,8
47086565237457,13:04:46.565,86.1900,89
47086565357729,13:04:46.565,86.1900,11
47098686279456,13:04:58.686,86.2050,100
47106800561487,13:05:06.800,86.2400,100
47106800561487,13:05:06.800,86.2400,12
47106800561487,13:05:06.800,86.2400,70
47106800561487,13:05:06.800,86.2400,100
47135838467407,13:05:35.838,86.2900,25
47140965209010,13:05:40.965,86.2600,100
47203036479487,13:06:43.036,86.2000,100
47203036479487,13:06:43.036,86.1900,100
47203036507764,13:06:43.036,86.1900,100
47204281541423,13:06:44.281,86.1900,21
47204281586778,13:06:44.281,86.1600,1
47236062757357,13:07:16.062,86.1450,100
47236062856909,13:07:16.062,86.1200,2
47236062856909,13:07:16.062,86.1200,3
47256912435935,13:07:36.912,86.1200,24
47256913991088,13:07:36.913,86.1000,1
47256913991088,13:07:36.913,86.1000,1
47256913991088,13:07:36.913,86.1000,3
47256913991088,13:07:36.913,86.1000,71
47256914019744,13:07:36.914,86.1000,29
47267492951957,13:07:47.492,86.1200,11
47268590924909,13:07:48.590,86.1400,100
47268592435709,13:07:48.592,86.1500,12
47268592435709,13:07:48.592,86.1500,59
47268592435709,13:07:48.592,86.1500,100
47268592435709,13:07:48.592,86.1500,100
47268593296246,13:07:48.593,86.1600,55
47268594439291,13:07:48.594,86.1500,100
47268595601920,13:07:48.595,86.1600,45
47268595601920,13:07:48.595,86.1600,48
47268595879216,13:07:48.595,86.1600,152
47268708122864,13:07:48.708,86.1700,94
47268708167688,13:07:48.708,86.1700,106
47268708183272,13:07:48.708,86.1800,88
47268708231437,13:07:48.708,86.1800,71
47268708459915,13:07:48.708,86.1800,41
47269708114151,13:07:49.708,86.1900,100
47273090785232,13:07:53.090,86.1400,100
47274211388107,13:07:54.211,86.1900,100
47290561846952,13:08:10.561,86.1400,100
47290561930869,13:08:10.561,86.1400,100
47315707638838,13:08:35.707,86.2800,100
47336839690199,13:08:56.839,86.2800,11
47336848939965,13:08:56.848,86.2800,17
47340708008730,13:09:00.708,86.2900,100
47369708315971,13:09:29.708,86.3800,100
47369708315971,13:09:29.708,86.3800,100
47369708662224,13:09:29.708,86.3400,10
47374709448915,13:09:34.709,86.3100,100
47377020847007,13:09:37.020,86.3100,100
47377020847007,13:09:37.020,86.3100,100
47379766685164,13:09:39.766,86.3000,100
47379766685164,13:09:39.766,86.3000,20
47386142309093,13:09:46.142,86.2500,100
47425103885135,13:10:25.103,86.2500,50
47425103885135,13:10:25.103,86.2100,50
47439279531563,13:10:39.279,86.3000,3
47439279586461,13:10:39.279,86.3000,22
47447097340104,13:10:47.097,86.3100,30
47447097340104,13:10:47.097,86.3100,200
47447097340104,13:10:47.097,86.3100,12
47447097853488,13:10:47.097,86.3400,155
47447098167308,13:10:47.098,86.3400,45
47447099414244,13:10:47.099,86.3500,58
47447099440536,13:10:47.099,86.3500,242
47447135220853,13:10:47.135,86.3700,100
47447135220853,13:10:47.135,86.3700,100
47447135220853,13:10:47.135,86.3700,100
47447709263578,13:10:47.709,86.3950,100
47447709263578,13:10:47.709,86.4300,19
47461477199764,13:11:01.477,86.3600,92
47472155641926,13:11:12.155,86.4300,70
47472155869588,13:11:12.155,86.4300,30
47472155869588,13:11:12.155,86.4300,18
47472155896569,13:11:12.155,86.4300,63
47472155896569,13:11:12.155,86.4300,100
47487091656804,13:11:27.091,86.3800,100
47487091656804,13:11:27.091,86.3800,50
47487091656804,13:11:27.091,86.3800,200
47487091691766,13:11:27.091,86.3800,96
47487092160690,13:11:27.092,86.3700,4
47493158934016,13:11:33.158,86.3600,100
47494767658115,13:11:34.767,86.3600,100
47500824287884,13:11:40.824,86.3500,100
47506090983654,13:11:46.090,86.3500,60
47509091067948,13:11:49.091,86.3500,15
47522144850444,13:12:02.144,86.4200,25
47522144884880,13:12:02.144,86.4200,75
47531919639823,13:12:11.919,86.4300,100
47550031863338,13:12:30.031,86.3500,100
47561103116564,13:12:41.103,86.3400,100
47567199289962,13:12:47.199,86.3400,100
47570936300442,13:12:50.936,86.3400,200
47570936300442,13:12:50.936,86.3400,100
47583395608753,13:13:03.395,86.2700,10
47583395608753,13:13:03.395,86.2700,90
47590367301581,13:13:10.367,86.2600,100
47590367530822,13:13:10.367,86.2600,41
47590367681749,13:13:10.367,86.2600,159
47590367681749,13:13:10.367,86.2600,100
47600863810089,13:13:20.863,86.2600,100
47607097314517,13:13:27.097,86.3100,200
47607097345531,13:13:27.097,86.3100,100
47607097345531,13:13:27.097,86.3100,12
47629636253107,13:13:49.636,86.3300,7
47629636253107,13:13:49.636,86.3300,100
47629636253107,13:13:49.636,86.3300,100
47635261296966,13:13:55.261,86.3800,200
47648178140881,13:14:08.178,86.3900,100
47648190032459,13:14:08.190,86.4200,13
47648190032459,13:14:08.190,86.4200,87
47678331681406,13:14:38.331,86.4300,100
47686091010014,13:14:46.091,86.3900,2
47687401320325,13:14:47.401,86.3800,100
47693756656478,13:14:53.756,86.3800,16
47693757162753,13:14:53.757,86.3800,50
47693757187862,13:14:53.757,86.3800,50
47697898632493,13:14:57.898,86.4100,100
47697898632493,13:14:57.898,86.4100,100
47697898666988,13:14:57.898,86.4200,100
47697898666988,13:14:57.898,86.4200,78
47718540167652,13:15:18.540,86.4000,200
47719710821985,13:15:19.710,86.4000,200
47729461328957,13:15:29.461,86.4000,100
47754733842763,13:15:54.733,86.4000,200
47761605348394,13:16:01.605,86.4000,60
47777061824155,13:16:17.061,86.4000,60
47803348861440,13:16:43.348,86.4000,180
47805443832277,13:16:45.443,86.4000,61
47810560798563,13:16:50.560,86.4000,100
47819518652759,13:16:59.518,86.4000,1
47837828367432,13:17:17.828,86.3800,200
47837829561284,13:17:17.829,86.3700,500
47837829561284,13:17:17.829,86.3700,100
47838710781773,13:17:18.710,86.3800,100
47838717299969,13:17:18.717,86.3800,100
47843787165267,13:17:23.787,86.4000,33
47893796921188,13:18:13.796,86.4000,100
47917774642521,13:18:37.774,86.4000,200
47917775252188,13:18:37.775,86.4000,105
47966479594950,13:19:26.479,86.3650,100
47967711688368,13:19:27.711,86.3500,100
47967716232641,13:19:27.716,86.3700,100
47967716232641,13:19:27.716,86.3700,100
47967716232641,13:19:27.716,86.3700,28
47967716232641,13:19:27.716,86.3700,144
47967716232641,13:19:27.716,86.3700,28
47967716266960,13:19:27.716,86.3700,72
47984478269619,13:19:44.478,86.3500,100
47992140254152,13:19:52.140,86.3500,36
47992801195172,13:19:52.801,86.3900,100
48007087283657,13:20:07.087,86.3500,64
48007087283657,13:20:07.087,86.3500,100
48007087283657,13:20:07.087,86.3500,36
48007087314288,13:20:07.087,86.3500,10
48021393371809,13:20:21.393,86.3500,100
48021394079244,13:20:21.394,86.3400,100
48021394214489,13:20:21.394,86.3400,100
48045839227674,13:20:45.839,86.3500,100
48045839251223,13:20:45.839,86.3500,23
48052110575201,13:20:52.110,86.3500,100
48058654646997,13:20:58.654,86.3500,200
48058656245220,13:20:58.656,86.3800,100
48064815974597,13:21:04.815,86.3400,100
48068188894994,13:21:08.188,86.3400,200
48068188894994,13:21:08.188,86.3400,100
48068188925041,13:21:08.188,86.3400,100
48071096866039,13:21:11.096,86.3400,100
48071096971212,13:21:11.096,86.3500,10
48071317610678,13:21:11.317,86.3400,100
48072685204097,13:21:12.685,86.3300,100
48075376862110,13:21:15.376,86.3400,100
48075478030128,13:21:15.478,86.3400,90
48081697248819,13:21:21.697,86.3300,100
48081697476525,13:21:21.697,86.3300,98
48100313805429,13:21:40.313,86.3700,30
48100313805429,13:21:40.313,86.3700,100
48150907368109,13:22:30.907,86.3400,23
48166247542375,13:22:46.247,86.3600,100
48167063220766,13:22:47.063,86.3600,54
48180717354794,13:23:00.717,86.3900,49
48180717386309,13:23:00.717,86.3900,51
48180717386309,13:23:00.717,86.3900,13
48181717424364,13:23:01.717,86.4000,200
48181717424364,13:23:01.717,86.4200,100
48181717424364,13:23:01.717,86.4300,100
48221977282403,13:23:41.977,86.4000,100
48236148629476,13:23:56.148,86.3600,200
48236150536116,13:23:56.150,86.3400,100
48259639267329,13:24:19.639,86.3700,40
48259639299906,13:24:19.639,86.3800,116
48259639299906,13:24:19.639,86.3800,13
48259639299906,13:24:19.639,86.3800,100
48311705634470,13:25:11.705,86.4400,4
48311710633237,13:25:11.710,86.4100,100
48311716115373,13:25:11.716,86.4400,2
48311716981783,13:25:11.716,86.4500,1
48311716981783,13:25:11.716,86.4500,100
48336501346849,13:25:36.501,86.4200,100
48362259617822,13:26:02.259,86.4700,83
48362259650323,13:26:02.259,86.4700,17
48369712593227,13:26:09.712,86.4200,47
48376250281548,13:26:16.250,86.5000,15
48376250281548,13:26:16.250,86.5000,13
48407788146884,13:26:47.788,86.4700,100
48428676176789,13:27:08.676,86.4300,200
48428717714416,13:27:08.717,86.4900,100
48476188274642,13:27:56.188,86.4900,100
48480219246073,13:28:00.219,86.5000,93
48490450689419,13:28:10.450,86.4400,100
48490450689419,13:28:10.450,86.4400,100
48490451039817,13:28:10.451,86.4400,100
48490452241180,13:28:10.452,86.4300,100
48490452269003,13:28:10.452,86.4300,100
48490452280620,13:28:10.452,86.4300,100
48554929132310,13:29:14.929,86.5000,100
48554929194598,13:29:14.929,86.5000,100
48554929209671,13:29:14.929,86.5000,100
48554929278167,13:29:14.929,86.5000,13
48554929278167,13:29:14.929,86.5000,20
48554929370785,13:29:14.929,86.5000,172
48554929766155,13:29:14.929,86.4900,10
48554933947997,13:29:14.933,86.4800,5
48555719380518,13:29:15.719,86.4800,100
48555719380518,13:29:15.719,86.4900,61
48555719380518,13:29:15.719,86.4900,1
48555720243630,13:29:15.720,86.4900,19
48555720243630,13:29:15.720,86.4900,19
48558610553644,13:29:18.610,86.4900,25
48560249104378,13:29:20.249,86.4500,69
48560249207726,13:29:20.249,86.4500,23
48560249251533,13:29:20.249,86.4500,8
48560249251533,13:29:20.249,86.4500,100
48560249275009,13:29:20.249,86.4500,100
48560249280496,13:29:20.249,86.4500,108
48560249292528,13:29:20.249,86.4500,100
48560249512982,13:29:20.249,86.4500,6
48560249649026,13:29:20.249,86.4500,56
48565282756298,13:29:25.282,86.4700,50
48565283404724,13:29:25.283,86.4700,50
48615165406296,13:30:15.165,86.4800,200
48626736849908,13:30:26.736,86.4600,100
48635601477426,13:30:35.601,86.5000,1
48635601477426,13:30:35.601,86.5000,100
48635601477426,13:30:35.601,86.5000,100
48635601506490,13:30:35.601,86.5000,200
48636062992294,13:30:36.062,86.5000,13
48667504402476,13:31:07.504,86.4600,100
48667504402476,13:31:07.504,86.4600,46
48667504428391,13:31:07.504,86.4600,1
48667504432264,13:31:07.504,86.4600,153
48667504432264,13:31:07.504,86.4600,1
48667504448997,13:31:07.504,86.4600,154
48667504655276,13:31:07.504,86.4600,16
48667504682143,13:31:07.504,86.4600,11
48667504826332,13:31:07.504,86.4600,5
48668920765053,13:31:08.920,86.4800,27
48668920765053,13:31:08.920,86.4800,89
48696540890110,13:31:36.540,86.4700,200
48701244905520,13:31:41.244,86.4700,200
48701725311641,13:31:41.725,86.4800,50
48701725449007,13:31:41.725,86.4800,50
48702725157411,13:31:42.725,86.4900,100
48711201218992,13:31:51.201,86.4700,100
48711201310623,13:31:51.201,86.4700,200
48723266213748,13:32:03.266,86.4800,100
48723266213748,13:32:03.266,86.4800,13
48759338307726,13:32:39.338,86.4700,89
48759338510630,13:32:39.338,86.4500,200
48766690950458,13:32:46.690,86.4500,5
48800163124553,13:33:20.163,86.4000,2
48869993691845,13:34:29.993,86.4100,100
48869993822512,13:34:29.993,86.4000,100
48886470506775,13:34:46.470,86.4100,100
48889338579066,13:34:49.338,86.3900,100
48889339004840,13:34:49.339,86.3800,38
48889339576506,13:34:49.339,86.3800,162
48889339576506,13:34:49.339,86.3800,138
48889339603428,13:34:49.339,86.3800,62
48889384147876,13:34:49.384,86.3600,1
48889384610707,13:34:49.384,86.3500,1
48889553094615,13:34:49.553,86.3700,20
48891716628045,13:34:51.716,86.3400,1
48901084082752,13:35:01.084,86.3400,100
48901084082752,13:35:01.084,86.3400,59
48901084082752,13:35:01.084,86.3400,103
48901086238903,13:35:01.086,86.3700,13
48901086238903,13:35:01.086,86.3700,100
48901086281118,13:35:01.086,86.3700,100
48901088336258,13:35:01.088,86.3800,100
48901094919795,13:35:01.094,86.4100,200
48935108972488,13:35:35.108,86.3300,100
48997279892387,13:36:37.279,86.4100,100
48997280130744,13:36:37.280,86.4100,11
48997280141667,13:36:37.280,86.4100,2
49027962509236,13:37:07.962,86.3800,134
49027962528974,13:37:07.962,86.3800,44
49027962533246,13:37:07.962,86.3800,45
49027962537374,13:37:07.962,86.3800,161
49029929257331,13:37:09.929,86.3400,100
49126171154174,13:38:46.171,86.3600,200
49126171497454,13:38:46.171,86.3700,100
49126171504645,13:38:46.171,86.3700,100
49126171657269,13:38:46.171,86.3700,13
49126171657269,13:38:46.171,86.3700,87
49126171724969,13:38:46.171,86.3700,13
49167310074197,13:39:27.310,86.3500,100
49167315224622,13:39:27.315,86.3500,100
49226059415431,13:40:26.059,86.3800,100
49226059415431,13:40:26.059,86.3800,126
49228287833708,13:40:28.287,86.4000,100
49228287833708,13:40:28.287,86.4000,13
49234626473604,13:40:34.626,86.4300,100
49234626880660,13:40:34.626,86.4300,100
49236224012321,13:40:36.224,86.4600,75
49236224358045,13:40:36.224,86.4600,25
49329178282344,13:42:09.178,86.5000,2
49329178282344,13:42:09.178,86.5000,2
49329178282344,13:42:09.178,86.5000,100
49329178282344,13:42:09.178,86.5000,10
49339752382657,13:42:19.752,86.5000,3
49339752382657,13:42:19.752,86.5000,97
49340231844752,13:42:20.231,86.5000,48
49350592719012,13:42:30.592,86.5000,255
49350592719012,13:42:30.592,86.5000,145
49351669510438,13:42:31.669,86.5000,1
49365872004151,13:42:45.872,86.4500,100
49365890067450,13:42:45.890,86.4700,33
49368387205439,13:42:48.387,86.4700,33
49368387742731,13:42:48.387,86.4400,12
49368387816771,13:42:48.387,86.4400,34
49373173405748,13:42:53.173,86.4400,100
49373175281971,13:42:53.175,86.4400,54
49373175281971,13:42:53.175,86.4400,200
49416125426976,13:43:36.125,86.4800,70
49416125426976,13:43:36.125,86.4800,30
49479830877329,13:44:39.830,86.4500,35
49485475514500,13:44:45.475,86.4500,65
49485475514500,13:44:45.475,86.4500,53
49485475857395,13:44:45.475,86.4500,47
49485475857395,13:44:45.475,86.4500,13
49496297796385,13:44:56.297,86.5000,153
49570249098906,13:46:10.249,86.5000,47
49570249098906,13:46:10.249,86.5000,7
49578990120232,13:46:18.990,86.4900,100
49587270662736,13:46:27.270,86.4400,200
49587270662736,13:46:27.270,86.4400,100
49649391939549,13:47:29.391,86.4300,100
49680833399093,13:48:00.833,86.4300,100
49753232131035,13:49:13.232,86.3700,200
49753263162007,13:49:13.263,86.3500,1
49793849315964,13:49:53.849,86.3800,100
49798580012811,13:49:58.580,86.3900,100
49855495307751,13:50:55.495,86.3800,20
49923888529088,13:52:03.888,86.3400,1
49955670817001,13:52:35.670,86.3300,50
49955670887431,13:52:35.670,86.3300,269
49955671170519,13:52:35.671,86.3200,23
49955671170519,13:52:35.671,86.3200,1
49955671238510,13:52:35.671,86.3100,1
49955672055404,13:52:35.672,86.3000,1
49955673559893,13:52:35.673,86.2900,1
49955673559893,13:52:35.673,86.2900,1
49955673559893,13:52:35.673,86.2900,4
49978889522510,13:52:58.889,86.3000,100
49978889522510,13:52:58.889,86.3000,40
49978889522510,13:52:58.889,86.3000,100
49978889522510,13:52:58.889,86.3000,100
49978890009316,13:52:58.890,86.2900,100
49978890009316,13:52:58.890,86.2900,10
49978890037566,13:52:58.890,86.2900,10
49982599674896,13:53:02.599,86.3000,10
49982599674896,13:53:02.599,86.3000,10
49983629155250,13:53:03.629,86.3100,27
49983629196943,13:53:03.629,86.3100,73
49983629377692,13:53:03.629,86.2950,100
49988929336983,13:53:08.929,86.3100,100
49988929336983,13:53:08.929,86.3100,100
49988929400219,13:53:08.929,86.3100,100
49991746784793,13:53:11.746,86.2900,34
49991746864822,13:53:11.746,86.2900,100
49991746873422,13:53:11.746,86.2900,45
49991746873945,13:53:11.746,86.2900,3
49991746875430,13:53:11.746,86.2900,18
50037246126525,13:53:57.246,86.3200,13
50041558453360,13:54:01.558,86.2800,1
50058829998254,13:54:18.829,86.3200,12
50058831448295,13:54:18.831,86.3200,100
50073561801701,13:54:33.561,86.3200,20
50073561801701,13:54:33.561,86.3200,80
50132355974403,13:55:32.355,86.2700,1
50132355991982,13:55:32.355,86.2700,1
50132356114539,13:55:32.356,86.2700,2
50156202748566,13:55:56.202,86.2500,1
50181057142388,13:56:21.057,86.2300,1
50242113952030,13:57:22.113,86.2200,1
50242144297082,13:57:22.144,86.2100,1
50249774354893,13:57:29.774,86.2000,1
50281385677075,13:58:01.385,86.1800,1
50281385677075,13:58:01.385,86.1700,1
50303702466558,13:58:23.702,86.1600,1
50303702819996,13:58:23.702,86.1500,1
50303702823789,13:58:23.702,86.1400,1
50303702883904,13:58:23.702,86.1200,1
50303702883904,13:58:23.702,86.1200,1
50308566115708,13:58:28.566,86.1100,1
50308566217082,13:58:28.566,86.1000,1
50308566217082,13:58:28.566,86.1000,1
50310106690246,13:58:30.106,86.1700,100
50310106763352,13:58:30.106,86.0900,1
50310111163143,13:58:30.111,86.0800,1000
50310111781101,13:58:30.111,86.0700,1
50310881999590,13:58:30.881,86.0500,1
50310882308263,13:58:30.882,86.0400,1
50310882308263,13:58:30.882,86.0400,1
50323428328514,13:58:43.428,86.0250,100
50323428520161,13:58:43.428,86.0400,3
50323428520161,13:58:43.428,86.0400,100
50323428520161,13:58:43.428,86.0400,62
50323429089493,13:58:43.429,86.0300,10
50330798365684,13:58:50.798,86.0200,1
50331670490857,13:58:51.670,86.0100,100
50331670490857,13:58:51.670,86.0100,200
50331670490857,13:58:51.670,86.0100,2
50331670590328,13:58:51.670,86.0100,100
50331670623316,13:58:51.670,86.0100,100
50331670844229,13:58:51.670,86.0000,20
50331670844229,13:58:51.670,86.0000,5
50331670844229,13:58:51.670,86.0000,46
50331670852053,13:58:51.670,86.0000,44
50331670852053,13:58:51.670,86.0000,6
50331670857602,13:58:51.670,86.0000,50
50331673538919,13:58:51.673,86.0000,1
50331674022925,13:58:51.674,86.0000,29
50331674022925,13:58:51.674,86.0000,1
50331674022925,13:58:51.674,86.0000,1
50331695836702,13:58:51.695,86.0000,24
50331788242846,13:58:51.788,85.9900,57
50332574602302,13:58:52.574,85.9800,1
50332697268309,13:58:52.697,85.9700,1
50332697277929,13:58:52.697,85.9600,1
50333795560361,13:58:53.795,85.9500,1
50333795568834,13:58:53.795,85.9400,1
50333795644911,13:58:53.795,85.9300,1
50395042480044,13:59:55.042,85.9100,2
50401370990418,14:00:01.370,85.8900,1
50401370990418,14:00:01.370,85.8900,1
50407576044938,14:00:07.576,85.9500,20
50407576064883,14:00:07.576,85.9600,8
50407576064883,14:00:07.576,85.9700,31
50407576141476,14:00:07.576,85.9200,100
50407576297759,14:00:07.576,85.9700,28
50407576414530,14:00:07.576,85.9700,36
50407576943980,14:00:07.576,85.9500,95
50407576971934,14:00:07.576,85.9500,5
50408592448743,14:00:08.592,85.9900,39
50408622400876,14:00:08.622,85.9900,14
50408622429375,14:00:08.622,85.9900,33
50408990928650,14:00:08.990,85.9900,14
50408990928650,14:00:08.990,86.0000,86
50409044457713,14:00:09.044,86.0000,14
50409044457713,14:00:09.044,86.0100,67
50409268568245,14:00:09.268,86.0100,33
50409268568245,14:00:09.268,86.0100,67
50409268599626,14:00:09.268,86.0100,33
50410042254098,14:00:10.042,86.0100,100
50424987897470,14:00:24.987,86.1800,100
50447060636871,14:00:47.060,86.0100,2
50447060692728,14:00:47.060,86.0000,2
50457632227420,14:00:57.632,86.1800,100
50457633990818,14:00:57.633,86.1900,1
50457633990818,14:00:57.633,86.1900,99
50457634234049,14:00:57.634,86.1900,1
50457634244139,14:00:57.634,86.2200,2
50457634246631,14:00:57.634,86.2200,98
50457635615641,14:00:57.635,86.2400,91
50463570532751,14:01:03.570,86.2300,100
50463947787389,14:01:03.947,86.2300,100
50463955951555,14:01:03.955,86.2400,9
50463955951555,14:01:03.955,86.2500,10
50466032319012,14:01:06.032,86.2500,90
50466032319012,14:01:06.032,86.2500,10
50466032453148,14:01:06.032,86.2500,5
50515081387309,14:01:55.081,86.3300,20
50543823328877,14:02:23.823,86.1800,5
50543823328877,14:02:23.823,86.1600,95
50592038135318,14:03:12.038,86.2400,50
50592040317664,14:03:12.040,86.2400,50
50592040745921,14:03:12.040,86.2500,6
50592040796294,14:03:12.040,86.2500,94
50592080524500,14:03:12.080,86.2400,66
50645659220501,14:04:05.659,86.2800,100
50645659450501,14:04:05.659,86.2800,4
50654514176169,14:04:14.514,86.2800,6
50670626200595,14:04:30.626,86.3300,4
50670626200595,14:04:30.626,86.3400,7
50690275120912,14:04:50.275,86.3400,11
50700555962763,14:05:00.555,86.3600,200
50714873404708,14:05:14.873,86.3600,100
50714873404708,14:05:14.873,86.3900,100
50714873914699,14:05:14.873,86.3900,100
50714874516649,14:05:14.874,86.4200,100
50736025259816,14:05:36.025,86.3300,100
50861993669471,14:07:41.993,86.2500,100
50861993677895,14:07:41.993,86.2300,2
50861993897080,14:07:41.993,86.2200,1
50861993913667,14:07:41.993,86.2100,2
50861993913667,14:07:41.993,86.2100,99
50861993917462,14:07:41.993,86.2100,1
50861993924151,14:07:41.993,86.2000,1
50861993924151,14:07:41.993,86.2000,1
50861994243144,14:07:41.994,86.2000,18
50861994249776,14:07:41.994,86.2000,41
50861994728646,14:07:41.994,86.2000,41
50861995256798,14:07:41.995,86.2100,100
50861996263148,14:07:41.996,86.1900,8
50862495106085,14:07:42.495,86.2100,100
50862495106085,14:07:42.495,86.2100,9
50905182043825,14:08:25.182,86.2300,100
50930268400489,14:08:50.268,86.2500,100
50930268477588,14:08:50.268,86.2100,10
50930268477588,14:08:50.268,86.2100,10
50930268528863,14:08:50.268,86.2500,10
50939685305333,14:08:59.685,86.2600,2
50939685305333,14:08:59.685,86.2600,100
50939685305333,14:08:59.685,86.2600,20
51003985271489,14:10:03.985,86.2100,100
51003985271489,14:10:03.985,86.2100,100
51003985271489,14:10:03.985,86.2000,8
51003985271489,14:10:03.985,86.2000,200
51003985505630,14:10:03.985,86.2000,200
51021696972352,14:10:21.696,86.2600,25
51063071369276,14:11:03.071,86.2600,3
51063071391475,14:11:03.071,86.2200,100
51063071391475,14:11:03.071,86.2600,97
51063071391475,14:11:03.071,86.2600,149
51063071392456,14:11:03.071,86.2600,151
51063075455993,14:11:03.075,86.2600,100
51063078721680,14:11:03.078,86.2600,35
51063078746943,14:11:03.078,86.2600,65
51063106517558,14:11:03.106,86.2500,100
51063106517558,14:11:03.106,86.2300,100
51063106517558,14:11:03.106,86.2300,110
51063213720037,14:11:03.213,86.2200,100
51063213720037,14:11:03.213,86.2000,200
51063213720037,14:11:03.213,86.2000,100
51066896946749,14:11:06.896,86.2100,100
51066896946749,14:11:06.896,86.2000,500
51066899473039,14:11:06.899,86.2000,100
51066899506319,14:11:06.899,86.2000,500
51069554463889,14:11:09.554,86.2100,100
51088514975811,14:11:28.514,86.2000,500
51088515194706,14:11:28.515,86.1900,100
51088516128358,14:11:28.516,86.1800,1
51088516128358,14:11:28.516,86.1800,5
51088516872551,14:11:28.516,86.1700,1
51088516872551,14:11:28.516,86.1700,1
51090240003148,14:11:30.240,86.1600,100
51090240762997,14:11:30.240,86.1500,2
51090352668180,14:11:30.352,86.1400,2
51095783466822,14:11:35.783,86.1700,8
51095800758183,14:11:35.800,86.1800,7
51095800758183,14:11:35.800,86.1800,20
51130617666280,14:12:10.617,86.1100,13
51145855929833,14:12:25.855,86.1350,67
51145856190996,14:12:25.856,86.1400,33
51145856190996,14:12:25.856,86.1800,4
51145856220023,14:12:25.856,86.1400,100
51152021330318,14:12:32.021,86.1900,100
51152021779487,14:12:32.021,86.2000,8
51152022093111,14:12:32.022,86.2100,20
51152192054525,14:12:32.192,86.2300,100
51152192088207,14:12:32.192,86.2300,300
51152193726471,14:12:32.193,86.2300,100
51152198408980,14:12:32.198,86.1900,100
51153149760179,14:12:33.149,86.2200,100
51237816422589,14:13:57.816,86.2250,100
51240045485407,14:14:00.045,86.2700,100
51240045485407,14:14:00.045,86.2700,100
51240050045031,14:14:00.050,86.2600,10
51240050045031,14:14:00.050,86.2500,200
51240050045031,14:14:00.050,86.2500,100
51240050045031,14:14:00.050,86.2500,100
51240050045031,14:14:00.050,86.2500,50
51261178623178,14:14:21.178,86.2700,10
51261178623178,14:14:21.178,86.2700,10
51261178623178,14:14:21.178,86.2700,10
51261178623178,14:14:21.178,86.2700,29
51261178655880,14:14:21.178,86.2700,271
51261178655880,14:14:21.178,86.2700,5
51261178655880,14:14:21.178,86.2700,100
51261181362307,14:14:21.181,86.2800,100
51261187041152,14:14:21.187,86.2400,10
51261187237426,14:14:21.187,86.2200,10
51263181232405,14:14:23.181,86.2000,100
51263181232405,14:14:23.181,86.2000,300
51265020625308,14:14:25.020,86.2500,100
51265020656288,14:14:25.020,86.2600,200
51267421655271,14:14:27.421,86.1800,100
51267421655271,14:14:27.421,86.1800,44
51267421655271,14:14:27.421,86.1800,456
51273281870200,14:14:33.281,86.2300,100
51280660250819,14:14:40.660,86.2500,100
51280674096822,14:14:40.674,86.2600,11
51283537102427,14:14:43.537,86.2700,100
51283537215238,14:14:43.537,86.2700,100
51283540196614,14:14:43.540,86.2300,100
51283540196614,14:14:43.540,86.2100,100
51283540196614,14:14:43.540,86.2100,100
51283540196614,14:14:43.540,86.2000,100
51284553346617,14:14:44.553,86.1800,100
51303083062483,14:15:03.083,86.1800,100
51331238262265,14:15:31.238,86.1100,12
51340629432553,14:15:40.629,86.1400,100
51340629458802,14:15:40.629,86.1400,100
51387246188691,14:16:27.246,86.1100,100
51387458256487,14:16:27.458,86.1000,100
51400210487689,14:16:40.210,86.1500,23
51400210611527,14:16:40.210,86.1500,77
51400210611527,14:16:40.210,86.1500,3
51401065837573,14:16:41.065,86.1600,100
51403673821866,14:16:43.673,86.1800,26
51403673855180,14:16:43.673,86.1800,74
51403674256231,14:16:43.674,86.1800,100
51409021128638,14:16:49.021,86.1900,100
51409021200875,14:16:49.021,86.1900,100
51409023058647,14:16:49.023,86.1900,5
51435803687367,14:17:15.803,86.1900,1
51451359113269,14:17:31.359,86.2500,1
51456834568618,14:17:36.834,86.1800,20
51458144627015,14:17:38.144,86.1600,5
51488415879318,14:18:08.415,86.1300,100
51515673308250,14:18:35.673,86.1500,65
51538520300317,14:18:58.520,86.1400,100
51601130410506,14:20:01.130,86.1200,1
51635684370276,14:20:35.684,86.0700,100
51641760049179,14:20:41.760,86.1000,71
51641760085718,14:20:41.760,86.0650,100
51641760085718,14:20:41.760,86.1000,29
51641760085718,14:20:41.760,86.1000,3
51641760085718,14:20:41.760,86.1000,100
51644520667040,14:20:44.520,86.1000,30
51644520703073,14:20:44.520,86.1000,70
51644520703073,14:20:44.520,86.1000,3
51747529318838,14:22:27.529,86.0600,9
51747529318838,14:22:27.529,86.0600,91
51803800871399,14:23:23.800,86.1400,100
51803800871399,14:23:23.800,86.1400,3
51803800871399,14:23:23.800,86.1400,100
51803807254168,14:23:23.807,86.1600,10
51819313683331,14:23:39.313,86.1700,10
51819313683331,14:23:39.313,86.1900,90
51863553419805,14:24:23.553,86.1600,70
51872135596679,14:24:32.135,86.1400,200
51872792352939,14:24:32.792,86.0700,100
51872792352939,14:24:32.792,86.0600,9
51872792352939,14:24:32.792,86.0500,200
51872792352939,14:24:32.792,86.0500,91
51902250205252,14:25:02.250,86.1300,1
51954185613308,14:25:54.185,86.1350,100
51974706290411,14:26:14.706,86.1300,100
52012538668787,14:26:52.538,86.1300,20
52056313680568,14:27:36.313,86.1350,100
52057928946002,14:27:37.928,86.1600,25
52079887155199,14:27:59.887,86.1200,100
52086710351973,14:28:06.710,86.0900,7
52094332080233,14:28:14.332,86.0600,100
52106990149851,14:28:26.990,86.0900,12
52112639831460,14:28:32.639,86.0100,5
52112639831460,14:28:32.639,86.0100,100
52112639831460,14:28:32.639,86.0100,200
52112640294024,14:28:32.640,86.0000,1
52112640294024,14:28:32.640,86.0000,50
52112640294024,14:28:32.640,85.9900,4
52112640294024,14:28:32.640,85.9800,40
52165097429087,14:29:25.097,85.9700,100
52165097429087,14:29:25.097,85.9900,100
52165097429087,14:29:25.097,85.9900,100
52165097429087,14:29:25.097,86.0000,100
52165097429087,14:29:25.097,86.0000,10
52165097429087,14:29:25.097,86.0000,98
52165097483514,14:29:25.097,86.0000,1
52165097483514,14:29:25.097,86.0000,134
52165097513819,14:29:25.097,86.0000,71
52165097971181,14:29:25.097,86.0000,3
52165198445215,14:29:25.198,85.9700,100
52165349677148,14:29:25.349,85.9400,100
52165600671651,14:29:25.600,85.9400,100
52167162834346,14:29:27.162,85.8700,100
52193673355560,14:29:53.673,85.9100,100
52203154909267,14:30:03.154,85.8700,5
52203154909267,14:30:03.154,85.8100,100
52203154909267,14:30:03.154,85.8100,200
52203154909267,14:30:03.154,85.8100,95
52232194371646,14:30:32.194,85.8700,84
52232194383218,14:30:32.194,85.8700,16
52232194383218,14:30:32.194,85.8700,61
52232194393175,14:30:32.194,85.8700,39
52232384208338,14:30:32.384,85.8800,100
52232678566015,14:30:32.678,85.8500,100
52238665123653,14:30:38.665,85.8400,4
52277042451267,14:31:17.042,85.8000,36
52277042451267,14:31:17.042,85.7900,64
52315537272662,14:31:55.537,85.8500,100
52315951936946,14:31:55.951,85.8700,100
52315952021830,14:31:55.952,85.7900,200
52315952021830,14:31:55.952,85.7900,26
52315952769498,14:31:55.952,85.7500,1
52320036296342,14:32:00.036,85.7500,100
52320036296342,14:32:00.036,85.7400,100
52320036296342,14:32:00.036,85.7400,100
52348491634711,14:32:28.491,85.7900,18
52348491634711,14:32:28.491,85.7900,15
52352752565780,14:32:32.752,85.7700,100
52352752565780,14:32:32.752,85.7600,100
52352752565780,14:32:32.752,85.7600,100
52368423753738,14:32:48.423,85.8050,50
52368424335230,14:32:48.424,85.8050,100
52376523827136,14:32:56.523,85.8050,15
52376526541780,14:32:56.526,85.8300,100
52407867788897,14:33:27.867,85.8500,100
52407867788897,14:33:27.867,85.8500,1
52407867788897,14:33:27.867,85.8500,100
52407867788897,14:33:27.867,85.8500,7
52407867788897,14:33:27.867,85.8500,2
52407870562911,14:33:27.870,85.9000,100
52407870600538,14:33:27.870,85.9100,100
52407870915393,14:33:27.870,85.9100,100
52414796014033,14:33:34.796,85.9100,100
52414797295009,14:33:34.797,85.9300,25
52421990574469,14:33:41.990,85.9700,10
52433527414115,14:33:53.527,86.0000,400
52440396241963,14:34:00.396,86.0300,100
52441558279462,14:34:01.558,86.0300,4
52447959378603,14:34:07.959,86.0300,96
52447959378603,14:34:07.959,86.0300,4
52447959501133,14:34:07.959,86.0300,96
52447961821708,14:34:07.961,86.0300,100
52448439984599,14:34:08.439,86.0300,100
52448445595216,14:34:08.445,86.0100,10
52448476220427,14:34:08.476,86.0000,40
52454356728526,14:34:14.356,85.9900,200
52461656872448,14:34:21.656,85.9900,1
52461951196839,14:34:21.951,85.9900,99
52491375656394,14:34:51.375,86.0500,100
52491375656394,14:34:51.375,86.0500,100
52491383777957,14:34:51.383,86.1200,100
52491383777957,14:34:51.383,86.1200,100
52491386900640,14:34:51.386,86.0400,100
52491386900640,14:34:51.386,86.0300,100
52491386939828,14:34:51.386,86.0300,100
52491386958171,14:34:51.386,86.0300,100
52493416393496,14:34:53.416,86.0000,100
52493416393496,14:34:53.416,86.0000,300
52497081670868,14:34:57.081,86.0100,70
52504218626196,14:35:04.218,86.0000,400
52514526163326,14:35:14.526,86.0350,100
52514526163326,14:35:14.526,86.0000,132
52514526163326,14:35:14.526,86.0000,100
52514526163326,14:35:14.526,86.0000,20
52515500012916,14:35:15.500,86.0000,48
52515500012916,14:35:15.500,86.0000,52
52515500243102,14:35:15.500,86.0000,48
52523617446335,14:35:23.617,86.0300,100
52558330330629,14:35:58.330,85.9600,200
52558330330629,14:35:58.330,85.9600,100
52558330330629,14:35:58.330,85.9600,8
52561136640774,14:36:01.136,85.9200,100
52564072858464,14:36:04.072,85.8800,4
52566328305753,14:36:06.328,85.8300,200
52588752111287,14:36:28.752,85.7900,4
52589932819291,14:36:29.932,85.8100,65
52639125368799,14:37:19.125,85.8200,16
52639125499202,14:37:19.125,85.8200,84
52639125499202,14:37:19.125,85.8200,100
52639125499202,14:37:19.125,85.8200,100
52648631626774,14:37:28.631,85.8700,100
52660003506294,14:37:40.003,85.9400,10
52665403640979,14:37:45.403,85.9700,100
52677784899884,14:37:57.784,86.0100,100
52677784899884,14:37:57.784,86.0100,100
52763124205715,14:39:23.124,85.9700,100
52763124459427,14:39:23.124,85.9400,66
52763124688440,14:39:23.124,85.9300,53
52763124690393,14:39:23.124,85.9300,37
52765281177597,14:39:25.281,85.9100,100
52776022241859,14:39:36.022,85.9100,2
52808740163387,14:40:08.740,85.9200,10
52822818237930,14:40:22.818,85.9400,100
52848341912409,14:40:48.341,85.9200,5
52868647884189,14:41:08.647,85.9300,100
52868649081819,14:41:08.649,85.9500,10
52908164736258,14:41:48.164,86.0000,300
52920778107120,14:42:00.778,86.0100,100
52920778107120,14:42:00.778,86.0100,100
52929150784117,14:42:09.150,86.0100,100
52929150784117,14:42:09.150,86.0100,1
52933343402372,14:42:13.343,86.0100,100
52933343402372,14:42:13.343,86.0000,100
52933347870611,14:42:13.347,86.0000,200
52934504559979,14:42:14.504,86.0300,100
52934504559979,14:42:14.504,86.0300,10
52934514469182,14:42:14.514,86.0000,82
52934515838319,14:42:14.515,86.0000,10
52954196831995,14:42:34.196,85.9900,33
52956698141530,14:42:36.698,85.9900,22
52973159174350,14:42:53.159,86.0300,10
52974546162507,14:42:54.546,86.0500,80
52974546182140,14:42:54.546,86.0500,16
52974546185339,14:42:54.546,86.0500,4
52974546185339,14:42:54.546,86.0500,100
52976785928219,14:42:56.785,86.0500,100
52976785928219,14:42:56.785,86.0300,200
52976785928219,14:42:56.785,86.0300,100
52976786366982,14:42:56.786,86.0300,100
52976847284218,14:42:56.847,86.0100,500
52977181980610,14:42:57.181,86.0000,300
52977182007926,14:42:57.182,86.0000,86
52977191285422,14:42:57.191,86.0000,200
52977191447895,14:42:57.191,86.0000,100
52985748397769,14:43:05.748,86.0100,100
52996140195613,14:43:16.140,85.9100,100
52996140221205,14:43:16.140,85.9100,200
52996140222526,14:43:16.140,85.9100,200
52996140225497,14:43:16.140,85.9100,200
52996140240419,14:43:16.140,85.9100,101
52996140260019,14:43:16.140,85.9100,100
52996140275776,14:43:16.140,85.9100,100
52996140319286,14:43:16.140,85.9100,100
52996140691962,14:43:16.140,85.9000,20
53013928662497,14:43:33.928,85.9200,100
53015968961294,14:43:35.968,85.9200,100
53015968961294,14:43:35.968,85.9200,5
53015968975789,14:43:35.968,85.9300,100
53046736293840,14:44:06.736,86.0200,15
53046739515340,14:44:06.739,86.0100,100
53087964582598,14:44:47.964,86.0400,12
53090116236839,14:44:50.116,86.0400,38
53090128663115,14:44:50.128,86.0500,3
53090128663115,14:44:50.128,86.0500,200
53090128663115,14:44:50.128,86.0500,100
53090130819355,14:44:50.130,86.0800,10
53090131024057,14:44:50.131,86.0700,10
53090132176783,14:44:50.132,86.0900,100
53090132661752,14:44:50.132,86.0500,400
53090138105786,14:44:50.138,86.0900,149
53090138132133,14:44:50.138,86.0900,151
53093484214095,14:44:53.484,86.0700,100
53093484214095,14:44:53.484,86.0800,100
53093487650597,14:44:53.487,86.0300,100
53093487650597,14:44:53.487,86.0100,100
53093487650597,14:44:53.487,86.0000,200
53093487704482,14:44:53.487,86.0000,100
53093490467508,14:44:53.490,86.0000,100
53093490909603,14:44:53.490,85.9900,100
53093498596326,14:44:53.498,86.0200,65
53110839655961,14:45:10.839,85.9900,10
53131024337263,14:45:31.024,86.0100,100
53131040325912,14:45:31.040,86.0200,100
53131042117921,14:45:31.042,86.0300,85
53160575133295,14:46:00.575,85.9800,78
53160575156056,14:46:00.575,85.9800,22
53160575156056,14:46:00.575,86.0100,55
53160575368245,14:46:00.575,86.0100,111
53160575372684,14:46:00.575,86.0100,11
53160575716625,14:46:00.575,86.0100,23
53161442003424,14:46:01.442,86.0300,1
53171240434501,14:46:11.240,86.0300,99
53171240434501,14:46:11.240,86.0300,2
53171240465960,14:46:11.240,86.0300,98
53171240465960,14:46:11.240,86.0300,100
53171240465960,14:46:11.240,86.0300,100
53171245852398,14:46:11.245,86.0300,10
53171246043259,14:46:11.246,86.0100,10
53171251697929,14:46:11.251,86.0100,100
53171251836193,14:46:11.251,86.0000,100
53171255882471,14:46:11.255,86.0000,10
53188768856496,14:46:28.768,86.0000,1
53188768883988,14:46:28.768,86.0000,98
53188768884497,14:46:28.768,86.0000,1
53189052682551,14:46:29.052,86.0000,100
53189052682551,14:46:29.052,86.0000,100
53189052682551,14:46:29.052,86.0000,400
53189054456799,14:46:29.054,86.0000,148
53196539146264,14:46:36.539,86.0700,100
53196555077291,14:46:36.555,86.0900,100
53196557804947,14:46:36.557,86.0400,10
53196557840435,14:46:36.557,86.0400,2
53196558050036,14:46:36.558,85.9900,1
53215889597138,14:46:55.889,86.0000,10
53228700896581,14:47:08.700,86.0000,35
53228700921100,14:47:08.700,86.0000,765
53228713068037,14:47:08.713,86.0000,100
53228713099225,14:47:08.713,86.0000,700
53228778155920,14:47:08.778,86.0100,100
53228778155920,14:47:08.778,86.0000,100
53228778155920,14:47:08.778,86.0000,200
53232204733689,14:47:12.204,86.0000,100
53232204733689,14:47:12.204,86.0000,600
53232207743144,14:47:12.207,86.0000,200
53246076287578,14:47:26.076,86.0100,100
53246076287578,14:47:26.076,86.0200,50
53246076314205,14:47:26.076,86.0200,50
53246076314205,14:47:26.076,86.0200,300
53262139987942,14:47:42.139,86.0000,15
53266103851503,14:47:46.103,86.0000,100
53291896878082,14:48:11.896,85.9900,8
53292552317340,14:48:12.552,85.9700,100
53292552383081,14:48:12.552,85.9700,3
53292731551588,14:48:12.731,85.9500,100
53294877952410,14:48:14.877,85.9400,20
53294878471780,14:48:14.878,85.9300,2
53301925645190,14:48:21.925,85.9200,100
53327289085516,14:48:47.289,85.9700,73
53327289111305,14:48:47.289,85.9700,27
53327289716856,14:48:47.289,85.9800,5
53459518329524,14:50:59.518,85.9700,100
53466901241046,14:51:06.901,85.9400,20
53466901332238,14:51:06.901,85.9300,3
53466901332238,14:51:06.901,85.9300,50
53489978147181,14:51:29.978,85.9000,13
53489978371157,14:51:29.978,85.9000,7
53489978371157,14:51:29.978,85.9000,20
53489978371157,14:51:29.978,85.9000,10
53512754407428,14:51:52.754,85.8400,100
53524214754824,14:52:04.214,85.8800,100
53536181017622,14:52:16.181,85.9200,100
53536181017622,14:52:16.181,85.9200,100
53536181017622,14:52:16.181,85.9200,100
53559686894820,14:52:39.686,85.9800,22
53559686894820,14:52:39.686,85.9800,14
53567325986264,14:52:47.325,86.0000,300
53567328342243,14:52:47.328,86.0000,400
53576024503940,14:52:56.024,85.9800,1000
53582880887665,14:53:02.880,86.0300,12
53582900103291,14:53:02.900,86.0500,63
53582900127817,14:53:02.900,86.0500,337
53582902114272,14:53:02.902,86.0500,100
53582908744403,14:53:02.908,86.0100,100
53582910468706,14:53:02.910,86.0100,100
53582915213976,14:53:02.915,86.0100,100
53582915262438,14:53:02.915,86.0100,200
53615370626901,14:53:35.370,86.0150,100
53615370626901,14:53:35.370,85.9800,200
53615370626901,14:53:35.370,85.9800,100
53627548353041,14:53:47.548,85.9400,93
53674339410048,14:54:34.339,85.9900,16
53761485391066,14:56:01.485,86.0400,100
53761485391066,14:56:01.485,86.0400,100
53761485684997,14:56:01.485,86.0500,5
53761491705652,14:56:01.491,86.0400,100
53761491705652,14:56:01.491,86.0200,10
53761491705652,14:56:01.491,86.0200,100
53761491705652,14:56:01.491,86.0100,200
53761491705652,14:56:01.491,86.0100,80
53761661920931,14:56:01.661,86.0500,10
53761661920931,14:56:01.661,86.0500,10
53761665024830,14:56:01.665,86.0200,100
