timestamp,time,price,volume
34200790165993,09:30:00.790,0.0000,0
34356046366282,09:32:36.046,64.0400,100
34356046378780,09:32:36.046,64.0200,10
34356046395805,09:32:36.046,64.0400,100
34356047184116,09:32:36.047,63.8500,100
34356048206292,09:32:36.048,64.0100,100
34381039319796,09:33:01.039,63.6200,1
34406888285449,09:33:26.888,63.6200,8
34408300156361,09:33:28.300,63.6200,100
34408300182911,09:33:28.300,63.6200,100
34408300182911,09:33:28.300,63.6200,100
34414752304876,09:33:34.752,63.5100,100
34415608747677,09:33:35.608,63.5000,100
34416501024421,09:33:36.501,63.5000,100
34419199458907,09:33:39.199,63.5000,1000
34419199464278,09:33:39.199,63.5000,100
34419199623173,09:33:39.199,63.5000,1000
34419199623643,09:33:39.199,63.5000,545
34419199647414,09:33:39.199,63.5000,100
34419199648667,09:33:39.199,63.5000,100
34419199657789,09:33:39.199,63.5000,74
34419199673689,09:33:39.199,63.5000,100
34419199741983,09:33:39.199,63.5000,1000
34419200179980,09:33:39.200,63.5000,80
34419200187849,09:33:39.200,63.5000,100
34419200649055,09:33:39.200,63.5000,300
34419201211174,09:33:39.201,63.5000,200
34419210358497,09:33:39.210,63.5000,78
34425549486586,09:33:45.549,63.7100,100
34425549571041,09:33:45.549,63.7200,100
34426805877981,09:33:46.805,63.7400,100
34458959251346,09:34:18.959,64.0400,82
34458959333664,09:34:18.959,64.0400,18
34458959333664,09:34:18.959,64.0400,82
34458959339172,09:34:18.959,64.0400,70
34458959462156,09:34:18.959,64.0400,48
34458959462156,09:34:18.959,64.0500,52
34458959473701,09:34:18.959,64.0500,48
34458959503355,09:34:18.959,64.0400,100
34458960132685,09:34:18.960,63.9900,100
34458960417573,09:34:18.960,64.0500,10
34474285307887,09:34:34.285,63.8100,9
34474287813473,09:34:34.287,63.7200,100
34474290403768,09:34:34.290,63.7200,100
34477819225417,09:34:37.819,63.6050,100
34479299749692,09:34:39.299,63.7800,100
34479300397455,09:34:39.300,63.7900,100
34497273801625,09:34:57.273,64.0600,7
34497273803323,09:34:57.273,64.1000,100
34498206242121,09:34:58.206,63.8800,9
34498206242121,09:34:58.206,63.8800,7
34498206311019,09:34:58.206,63.8800,100
34502999791978,09:35:02.999,63.8500,9
34868577934586,09:41:08.577,63.6600,9
34938617824432,09:42:18.617,63.4900,1000
34938617929179,09:42:18.617,63.4900,100
34938618654458,09:42:18.618,63.4900,63
34938618676035,09:42:18.618,63.4900,37
34938618676035,09:42:18.618,63.4900,63
34938618684772,09:42:18.618,63.4900,37
34938618684772,09:42:18.618,63.4900,100
34938618705223,09:42:18.618,63.4900,37
34938618727227,09:42:18.618,63.4900,37
34938618826810,09:42:18.618,63.4900,26
34938619047477,09:42:18.619,63.4800,21
34938619074392,09:42:18.619,63.4800,79
34938619276105,09:42:18.619,63.4800,150
34938619665058,09:42:18.619,63.4800,150
34938619665058,09:42:18.619,63.4700,150
34938631488995,09:42:18.631,63.4700,9
34938631526771,09:42:18.631,63.4700,9
34938631544895,09:42:18.631,63.4700,9
34938638471312,09:42:18.638,63.4700,9
34938638747355,09:42:18.638,63.4700,9
34938645853819,09:42:18.645,63.4700,5
34938645853819,09:42:18.645,63.4500,4
34938645882709,09:42:18.645,63.4500,5
34945990308088,09:42:25.990,63.2000,100
34953588364559,09:42:33.588,63.0900,9
34953588418342,09:42:33.588,63.0900,91
34953588621593,09:42:33.588,63.0900,55
34953588637424,09:42:33.588,63.0900,45
34953590248332,09:42:33.590,63.2200,5
34977856617017,09:42:57.856,63.1600,1
34983541559113,09:43:03.541,63.1400,1
34983541586304,09:43:03.541,63.1400,299
34983541625757,09:43:03.541,63.1400,100
34983541638618,09:43:03.541,63.1400,299
34983541667112,09:43:03.541,63.1400,1
34983541667112,09:43:03.541,63.1400,99
34983541667889,09:43:03.541,63.1400,1
34983541695988,09:43:03.541,63.1400,1
34983541748806,09:43:03.541,63.1400,299
34983541866895,09:43:03.541,63.1400,2
34983542055567,09:43:03.542,63.1400,298
34983542055567,09:43:03.542,63.1400,2
34983542656844,09:43:03.542,63.1400,300
34983558867279,09:43:03.558,63.1400,100
34998654264228,09:43:18.654,63.2600,1
34998654725401,09:43:18.654,63.2600,99
35019064601258,09:43:39.064,63.1200,100
35019064693255,09:43:39.064,63.1200,100
35019064701795,09:43:39.064,63.1200,100
35019064705004,09:43:39.064,63.1200,100
35019064756888,09:43:39.064,63.1200,100
35019065017461,09:43:39.065,63.1200,100
35019065017461,09:43:39.065,63.1200,100
35019065274387,09:43:39.065,63.0900,9
35019065370520,09:43:39.065,63.1200,100
35087564483629,09:44:47.564,63.0000,2
35087564483629,09:44:47.564,63.0000,290
35087564513151,09:44:47.564,63.0000,210
35087564891123,09:44:47.564,62.9200,9
35091304060861,09:44:51.304,62.9300,1
35125028473862,09:45:25.028,63.1000,44
35125028704197,09:45:25.028,63.1400,100
35126122919716,09:45:26.122,63.2900,100
35149539794635,09:45:49.539,63.4100,100
35149539794635,09:45:49.539,63.4500,100
35193795086924,09:46:33.795,63.3500,2
35193795400247,09:46:33.795,63.4400,65
35205043468069,09:46:45.043,63.3500,100
35205048879850,09:46:45.048,63.3000,100
35210277229026,09:46:50.277,63.3500,106
35229066281786,09:47:09.066,63.4300,100
35229066338444,09:47:09.066,63.4300,100
35229066650608,09:47:09.066,63.4300,500
35229066653450,09:47:09.066,63.4300,100
35229066668667,09:47:09.066,63.4300,200
35229066675094,09:47:09.066,63.4300,92
35229066675094,09:47:09.066,63.4500,408
35229066686736,09:47:09.066,63.4500,37
35229066714585,09:47:09.066,63.4500,55
35229066714585,09:47:09.066,63.4500,45
35229066718966,09:47:09.066,63.4500,26
35229066722364,09:47:09.066,63.4500,74
35297192472201,09:48:17.192,63.6000,100
35337607148982,09:48:57.607,63.5700,100
35542284255966,09:52:22.284,63.3300,20
35542284289409,09:52:22.284,63.3300,80
35542284549157,09:52:22.284,63.3300,71
35629117094845,09:53:49.117,63.3000,97
35629117183614,09:53:49.117,63.3000,3
35629118088193,09:53:49.118,63.2800,100
35662537776449,09:54:22.537,63.4300,100
35662773761814,09:54:22.773,63.5500,100
35907161339100,09:58:27.161,63.3900,100
35907162003363,09:58:27.162,63.3900,100
35918286627368,09:58:38.286,63.3200,100
35929991488927,09:58:49.991,63.3000,100
35929991829931,09:58:49.991,63.3000,100
35939933142117,09:58:59.933,63.2500,500
35939933176480,09:58:59.933,63.2500,137
35939933184688,09:58:59.933,63.2500,100
35939933255078,09:58:59.933,63.2500,263
35939933303656,09:58:59.933,63.2500,237
35939933343924,09:58:59.933,63.2500,100
35939957588411,09:58:59.957,63.2500,500
35940560894530,09:59:00.560,63.2500,200
35940560949747,09:59:00.560,63.2500,100
35940561022229,09:59:00.561,63.2500,100
35940561066878,09:59:00.561,63.2500,100
35940561164109,09:59:00.561,63.2500,100
35966655272527,09:59:26.655,63.2300,100
35999865398372,09:59:59.865,63.2400,100
36162386679199,10:02:42.386,63.1300,86
36162386679199,10:02:42.386,63.1300,12
36162386679199,10:02:42.386,63.1300,6
36162386855380,10:02:42.386,63.1100,9
36210219235828,10:03:30.219,63.1000,100
36340526404915,10:05:40.526,63.2500,100
36445508355865,10:07:25.508,63.2100,1
36452403451570,10:07:32.403,63.1600,12
36452403451570,10:07:32.403,63.1600,88
36452403483630,10:07:32.403,63.1600,12
36541473129793,10:09:01.473,63.1000,12
36541473129793,10:09:01.473,63.1000,88
36551428596875,10:09:11.428,63.1000,12
36579465913587,10:09:39.465,63.1200,32
36579465935744,10:09:39.465,63.1500,100
36579466320969,10:09:39.466,63.1400,68
36579467971060,10:09:39.467,63.2000,100
36624010038944,10:10:24.010,63.1400,10
36696936251995,10:11:36.936,63.3400,100
36851348806248,10:14:11.348,63.5000,11
36851348806248,10:14:11.348,63.5000,89
36851348836991,10:14:11.348,63.5000,11
36851349050661,10:14:11.349,63.5000,100
36851349145106,10:14:11.349,63.5000,10
36851349145106,10:14:11.349,63.5000,90
36870651137028,10:14:30.651,63.4800,100
36909590944045,10:15:09.590,63.4200,9
36909590944045,10:15:09.590,63.4200,37
36916534919652,10:15:16.534,63.4200,46
36930840139034,10:15:30.840,63.4200,9
36933836185505,10:15:33.836,63.4200,8
36933836185505,10:15:33.836,63.4200,37
36933836185505,10:15:33.836,63.4200,46
36933836185505,10:15:33.836,63.4200,9
36984180863365,10:16:24.180,63.3800,93
36990799936396,10:16:30.799,63.3900,93
37038982224423,10:17:18.982,63.4000,7
37038982224423,10:17:18.982,63.4000,42
37038982224423,10:17:18.982,63.4000,51
37038982256846,10:17:18.982,63.4000,7
37039489089748,10:17:19.489,63.3900,53
37047049105641,10:17:27.049,63.3900,4
37059184992317,10:17:39.184,63.4500,100
37059185046680,10:17:39.185,63.4500,31
37059185046680,10:17:39.185,63.4500,69
37059185074610,10:17:39.185,63.4500,31
37059185662179,10:17:39.185,63.4600,1
37100060003521,10:18:20.060,63.4000,42
37100060003521,10:18:20.060,63.4000,12
37221331265906,10:20:21.331,63.5000,100
37221344323895,10:20:21.344,63.5000,100
37344222007941,10:22:24.222,63.5700,100
37429324775550,10:23:49.324,63.5500,5
37429324775550,10:23:49.324,63.5300,9
37429324775550,10:23:49.324,63.5300,86
37469191494227,10:24:29.191,63.6700,15
37469191494227,10:24:29.191,63.6500,75
37530606179769,10:25:30.606,63.8000,100
37567410349608,10:26:07.410,63.7900,80
37639272130045,10:27:19.272,63.8400,44
37647312517133,10:27:27.312,64.0300,100
37647312517133,10:27:27.312,64.0300,100
37647312618330,10:27:27.312,63.9400,100
37649144201991,10:27:29.144,63.9100,7
37793948276770,10:29:53.948,63.9200,85
37793948276770,10:29:53.948,63.9000,100
37793948276770,10:29:53.948,63.9000,11
37871680929695,10:31:11.680,63.9200,32
37871680929695,10:31:11.680,63.9200,68
37871680960345,10:31:11.680,63.9200,32
37943864632808,10:32:23.864,63.8700,65
37947790609977,10:32:27.790,63.8700,35
37947790609977,10:32:27.790,63.8700,65
37958591493000,10:32:38.591,63.8600,77
37958591876576,10:32:38.591,63.8500,100
37958591876576,10:32:38.591,63.8500,100
37958591995654,10:32:38.591,63.8500,100
37958592017687,10:32:38.592,63.8500,100
37958594039536,10:32:38.594,63.9400,100
37958594801368,10:32:38.594,63.9500,100
37964771689650,10:32:44.771,63.9800,100
37964771689650,10:32:44.771,63.9800,100
37964772385185,10:32:44.772,64.0100,5
37964772820307,10:32:44.772,64.0200,6
37964773046522,10:32:44.773,64.0200,13
37972448716283,10:32:52.448,64.0600,100
38025023960044,10:33:45.023,64.1300,100
38029257852124,10:33:49.257,64.1700,81
38029257852124,10:33:49.257,64.1700,100
38078673105720,10:34:38.673,64.1700,200
38078673105720,10:34:38.673,64.1700,10
38078680278811,10:34:38.680,64.1600,50
38079612422938,10:34:39.612,64.1600,50
38147711467848,10:35:47.711,64.1500,100
38154939502825,10:35:54.939,64.2000,100
38220046053207,10:37:00.046,64.1900,100
38220046460313,10:37:00.046,64.2000,4
38220046486643,10:37:00.046,64.2000,96
38220046486643,10:37:00.046,64.2000,100
38289643800767,10:38:09.643,64.2000,100
38289727080267,10:38:09.727,64.2200,100
38289727396429,10:38:09.727,64.2200,100
38336496717002,10:38:56.496,64.2900,6
38373799134375,10:39:33.799,64.2600,10
38468544989272,10:41:08.544,64.2400,100
38468544989272,10:41:08.544,64.2300,100
38468544989272,10:41:08.544,64.2300,10
38468545019770,10:41:08.545,64.2300,90
38468545019770,10:41:08.545,64.2300,10
38468545390628,10:41:08.545,64.2300,100
38490917439731,10:41:30.917,64.2700,87
38510720997081,10:41:50.720,64.2600,100
38510720997081,10:41:50.720,64.2600,200
38510721445420,10:41:50.721,64.2800,90
38510722448298,10:41:50.722,64.2800,100
38510724381955,10:41:50.724,64.2900,100
38544565235008,10:42:24.565,64.2000,10
38549642959185,10:42:29.642,64.2100,100
38622287408961,10:43:42.287,64.1800,5
38622287512108,10:43:42.287,64.2100,100
38643268896009,10:44:03.268,64.2400,100
38643268926990,10:44:03.268,64.2400,100
38643270420906,10:44:03.270,64.2500,100
38657657759621,10:44:17.657,64.2700,20
38744482159302,10:45:44.482,64.3000,100
38844856359661,10:47:24.856,64.2700,62
38861305895732,10:47:41.305,64.2700,38
38861305895732,10:47:41.305,64.2700,190
38861305895732,10:47:41.305,64.2700,100
38931512499985,10:48:51.512,64.2500,100
38931512499985,10:48:51.512,64.2500,100
38951310415971,10:49:11.310,64.2100,5
38952509696114,10:49:12.509,64.2400,1
38952509696114,10:49:12.509,64.2400,100
38952510141853,10:49:12.510,64.2500,100
38952540092667,10:49:12.540,64.2500,100
38952540092667,10:49:12.540,64.2400,100
38952540127216,10:49:12.540,64.2400,100
39021360248813,10:50:21.360,64.2000,10
39021360248813,10:50:21.360,64.2000,8
39295540634987,10:54:55.540,64.2100,8
39304627258035,10:55:04.627,64.1400,86
39320961033643,10:55:20.961,64.1600,5
39322206317718,10:55:22.206,64.1400,100
39322206317718,10:55:22.206,64.1300,100
39322206345666,10:55:22.206,64.1300,200
39322206346259,10:55:22.206,64.1300,200
39322206393894,10:55:22.206,64.1300,200
39330172830362,10:55:30.172,64.2300,100
39333100021788,10:55:33.100,64.2700,100
39333100021788,10:55:33.100,64.2700,100
39340041606431,10:55:40.041,64.3100,4
39340042432860,10:55:40.042,64.3300,196
39340042458760,10:55:40.042,64.3300,4
39340042487153,10:55:40.042,64.3300,4
39354795785666,10:55:54.795,64.2900,37
39354795807464,10:55:54.795,64.2900,63
39354797775056,10:55:54.797,64.2700,15
39371043389915,10:56:11.043,64.2800,100
39392193843738,10:56:32.193,64.2700,100
39396947640532,10:56:36.947,64.2300,10
39407239006976,10:56:47.239,64.2400,100
39434217092702,10:57:14.217,64.1600,100
39443427152857,10:57:23.427,64.1200,42
39459523318461,10:57:39.523,64.1300,100
39539941158264,10:58:59.941,64.0800,2
39539941185667,10:58:59.941,64.0800,98
39539941185667,10:58:59.941,64.0800,100
39539941185667,10:58:59.941,64.0800,10
39557133196569,10:59:17.133,64.0200,100
39557133731724,10:59:17.133,64.0200,100
39609923195166,11:00:09.923,64.1100,28
39663157172863,11:01:03.157,64.1200,23
39664205842615,11:01:04.205,64.1600,5
39664205875770,11:01:04.205,64.1600,9
39664572501168,11:01:04.572,64.1600,2
39664572576621,11:01:04.572,64.1600,1
39664572601886,11:01:04.572,64.1600,2
39724701481780,11:02:04.701,64.2200,900
39724701664423,11:02:04.701,64.2200,100
39726155735527,11:02:06.155,64.2500,100
39848414636414,11:04:08.414,64.2700,100
39848414770124,11:04:08.414,64.2700,4
40023168401033,11:07:03.168,64.3400,56
40024161687345,11:07:04.161,64.3300,56
40024161713366,11:07:04.161,64.3300,44
40024161713366,11:07:04.161,64.3300,100
40024161718550,11:07:04.161,64.3300,50
40024161998570,11:07:04.161,64.3200,15
40050433625290,11:07:30.433,64.2800,9
40050433625290,11:07:30.433,64.2800,91
40050433673938,11:07:30.433,64.2800,9
40062136082709,11:07:42.136,64.3300,100
40264827444089,11:11:04.827,64.3300,100
40264827444089,11:11:04.827,64.3300,100
40264827444089,11:11:04.827,64.3300,5
40264827480479,11:11:04.827,64.3300,14
40264827573520,11:11:04.827,64.3300,100
40264827860564,11:11:04.827,64.3300,14
40264828017817,11:11:04.828,64.3300,9
40264828832892,11:11:04.828,64.3200,14
40264829444233,11:11:04.829,64.3200,2
40264830233003,11:11:04.830,64.3100,9
40264830747482,11:11:04.830,64.3300,87
40264830764790,11:11:04.830,64.3300,13
40296680552815,11:11:36.680,64.2500,16
40296680582042,11:11:36.680,64.2500,84
40296680582042,11:11:36.680,64.2500,100
40349923437043,11:12:29.923,64.2600,43
40437169541772,11:13:57.169,64.3100,100
40576439553718,11:16:16.439,64.3600,27
40703955208127,11:18:23.955,64.3300,100
40703955208127,11:18:23.955,64.3300,7
40703955208127,11:18:23.955,64.3300,9
40703962036843,11:18:23.962,64.2900,50
40707299597907,11:18:27.299,64.2900,100
40870143738131,11:21:10.143,64.2700,5
40870143738131,11:21:10.143,64.2700,95
40909522512049,11:21:49.522,64.2600,9
40909522911337,11:21:49.522,64.2500,14
40930535325363,11:22:10.535,64.2000,9
40945268224269,11:22:25.268,64.1700,2
40945268224269,11:22:25.268,64.1600,54
41109214954576,11:25:09.214,64.2100,30
41109214954576,11:25:09.214,64.2100,70
41109214984670,11:25:09.214,64.2100,30
41167674761237,11:26:07.674,64.1400,13
41167674761237,11:26:07.674,64.1400,100
41167674761237,11:26:07.674,64.1400,9
41254539613105,11:27:34.539,64.1300,60
41323989879862,11:28:43.989,64.1200,10
41323990236183,11:28:43.990,64.1000,5
41344298565691,11:29:04.298,64.0900,21
41382520620495,11:29:42.520,64.1100,105
41525742490613,11:32:05.742,64.1300,62
41538341293239,11:32:18.341,64.0800,7
41538341293239,11:32:18.341,64.0800,100
41538341369236,11:32:18.341,64.0700,9
41538341369236,11:32:18.341,64.0700,100
41538411712641,11:32:18.411,64.0500,5
41591315351960,11:33:11.315,64.1000,5
41591316062944,11:33:11.316,64.1200,100
41591316062944,11:33:11.316,64.1200,100
41591317194542,11:33:11.317,64.1400,47
41632442391778,11:33:52.442,64.0500,1
41633556775013,11:33:53.556,64.0700,5
41637191738477,11:33:57.191,64.0700,86
41713438846431,11:35:13.438,64.1300,100
41713438880470,11:35:13.438,64.1300,53
41740087770720,11:35:40.087,64.1000,52
41740087770720,11:35:40.087,64.1000,100
41770873807511,11:36:10.873,64.1100,100
41788030282716,11:36:28.030,64.0800,100
41806833202229,11:36:46.833,64.0500,100
41840720601626,11:37:20.720,64.0300,9
41863587612557,11:37:43.587,64.0300,48
41868033781642,11:37:48.033,64.0200,13
41948974165261,11:39:08.974,63.9800,70
41948974176857,11:39:08.974,63.9800,30
41948974176857,11:39:08.974,63.9800,10
41963012085049,11:39:23.012,64.0000,100
41963012217376,11:39:23.012,64.0200,8
42120565597456,11:42:00.565,64.0800,7
42120565597456,11:42:00.565,64.0800,93
42120565615127,11:42:00.565,64.0800,7
42122065829355,11:42:02.065,64.1000,100
42122067286213,11:42:02.067,64.1000,200
42122069463500,11:42:02.069,64.1100,100
42143158512648,11:42:23.158,64.1100,10
42144066215377,11:42:24.066,64.1000,100
42144067029002,11:42:24.067,64.0900,9
42144067029002,11:42:24.067,64.0700,91
42144067086282,11:42:24.067,64.0700,9
42435121492376,11:47:15.121,64.2100,41
42467348066964,11:47:47.348,64.2500,100
42639887888939,11:50:39.887,64.3600,9
42639887888939,11:50:39.887,64.3600,100
42639888716022,11:50:39.888,64.3500,99
42639888741881,11:50:39.888,64.3500,1
42674926274099,11:51:14.926,64.3100,100
42749119792743,11:52:29.119,64.2500,5
42952131179488,11:55:52.131,64.3300,1
42952131205522,11:55:52.131,64.3300,99
42952180943722,11:55:52.180,64.3600,25
43033795371137,11:57:13.795,64.3300,100
43033795371137,11:57:13.795,64.3200,100
43033795522563,11:57:13.795,64.3200,9
43033795541147,11:57:13.795,64.3200,100
43033795558336,11:57:13.795,64.3200,4
43033795655434,11:57:13.795,64.3200,6
43054307583060,11:57:34.307,64.2600,38
43235394518591,12:00:35.394,64.4700,21
43235440268769,12:00:35.440,64.5000,100
43240507498658,12:00:40.507,64.5100,200
43240507614914,12:00:40.507,64.5100,100
43240509150460,12:00:40.509,64.4900,8
43240509182019,12:00:40.509,64.4800,100
43241065783200,12:00:41.065,64.4500,100
43241065783200,12:00:41.065,64.4500,100
43241065783200,12:00:41.065,64.4500,100
43245821453475,12:00:45.821,64.4500,9
43245821453475,12:00:45.821,64.4500,91
43245840837144,12:00:45.840,64.4500,9
43262261257247,12:01:02.261,64.4500,1
43274162203787,12:01:14.162,64.4900,100
43274162210445,12:01:14.162,64.4900,100
43315281273746,12:01:55.281,64.4600,49
43315281299405,12:01:55.281,64.4600,51
43328647344025,12:02:08.647,64.4400,100
43328647344025,12:02:08.647,64.4400,9
43328647344025,12:02:08.647,64.4400,76
43328648728399,12:02:08.648,64.4400,2
43328648744216,12:02:08.648,64.4400,98
43334519662620,12:02:14.519,64.5300,6
43558762587786,12:05:58.762,64.5000,9
43560198163598,12:06:00.198,64.5000,91
43560198163598,12:06:00.198,64.4900,9
43560198163598,12:06:00.198,64.4900,100
43560198197939,12:06:00.198,64.4900,100
43560199216919,12:06:00.199,64.4800,1
43734003830536,12:08:54.003,64.5000,100
43744646100583,12:09:04.646,64.5300,100
43754447800053,12:09:14.447,64.5900,100
43754447827602,12:09:14.447,64.5900,12
43754447827602,12:09:14.447,64.5900,28
43754458844207,12:09:14.458,64.6200,100
43754534037742,12:09:14.534,64.6300,100
43754534037742,12:09:14.534,64.6500,14
43754534037742,12:09:14.534,64.6600,40
43754534037742,12:09:14.534,64.6800,146
43763851716373,12:09:23.851,64.5800,3
43763851754015,12:09:23.851,64.5800,3
43763851768355,12:09:23.851,64.5700,3
43783355161180,12:09:43.355,64.5700,100
43784264802352,12:09:44.264,64.5900,100
43809147345032,12:10:09.147,64.6300,70
43809151255416,12:10:09.151,64.5800,100
43809153344564,12:10:09.153,64.6100,100
43809502121037,12:10:09.502,64.6100,13
43830581734117,12:10:30.581,64.5800,9
43845587977674,12:10:45.587,64.5800,100
43847306353657,12:10:47.306,64.5700,26
43847306542319,12:10:47.306,64.6000,32
43847306572885,12:10:47.306,64.6200,168
43865869284205,12:11:05.869,64.6700,100
43865869284205,12:11:05.869,64.6700,100
43865869284205,12:11:05.869,64.6700,100
43865881724382,12:11:05.881,64.7000,10
43865881724382,12:11:05.881,64.7000,90
43867535332280,12:11:07.535,64.7100,6
43867535332280,12:11:07.535,64.7200,1
43867535332280,12:11:07.535,64.7200,4
43867535332280,12:11:07.535,64.7200,15
43867560582269,12:11:07.560,64.7600,1
43867560582269,12:11:07.560,64.7600,9
43867560582269,12:11:07.560,64.7700,1
43867560582269,12:11:07.560,64.7700,4
43867560582269,12:11:07.560,64.7700,100
43867560582269,12:11:07.560,64.7700,5
43867560582269,12:11:07.560,64.7700,54
43867575665621,12:11:07.575,64.7700,100
43972456169076,12:12:52.456,64.7600,6
44125540076008,12:15:25.540,64.7700,6
44126777337615,12:15:26.777,64.7900,74
44126777366188,12:15:26.777,64.7900,26
44153675683599,12:15:53.675,64.8100,10
44154197715285,12:15:54.197,64.8300,5
44154197715285,12:15:54.197,64.8300,7
44154197715285,12:15:54.197,64.8300,5
44154197715285,12:15:54.197,64.8300,6
44212706844486,12:16:52.706,64.8400,6
44213086143433,12:16:53.086,64.8500,1
44213086143433,12:16:53.086,64.8500,9
44213086750578,12:16:53.086,64.8600,5
44213086750578,12:16:53.086,64.8600,5
44229002655722,12:17:09.002,64.8800,10
44229005757214,12:17:09.005,64.8500,7
44235381630298,12:17:15.381,64.8200,4
44274734535097,12:17:54.734,64.8500,7
44363973915664,12:19:23.973,64.8000,100
44363973915664,12:19:23.973,64.8000,4
44363974459158,12:19:23.974,64.8000,100
44368544862228,12:19:28.544,64.7800,100
44368547437580,12:19:28.547,64.7700,100
44370627753109,12:19:30.627,64.7500,100
44466961176609,12:21:06.961,64.7300,5
44477030785066,12:21:17.030,64.7100,5
44492383445258,12:21:32.383,64.7400,2
44502709637975,12:21:42.709,64.7400,100
44502709688731,12:21:42.709,64.7500,100
44502709787066,12:21:42.709,64.7600,100
44502710550382,12:21:42.710,64.7600,10
44502710613056,12:21:42.710,64.7600,5
44553912007637,12:22:33.912,64.8400,100
44553912034827,12:22:33.912,64.8400,75
44553912092814,12:22:33.912,64.8400,35
44553912481505,12:22:33.912,64.8300,2
44553915538518,12:22:33.915,64.8300,3
44553915577030,12:22:33.915,64.8300,95
44554067380579,12:22:34.067,64.8300,1
44554067448219,12:22:34.067,64.8300,1
44554067473074,12:22:34.067,64.8300,3
44555922001353,12:22:35.922,64.8100,54
44557208415237,12:22:37.208,64.8600,100
44569363280844,12:22:49.363,64.8700,100
44575509043627,12:22:55.509,64.8800,10
44575509043627,12:22:55.509,64.8800,90
44585546557903,12:23:05.546,64.8900,1
44585546557903,12:23:05.546,64.8900,4
44585546557903,12:23:05.546,64.8900,5
44585546557903,12:23:05.546,64.8900,10
44585547407937,12:23:05.547,64.9000,10
44585547407937,12:23:05.547,64.9000,10
44585547889931,12:23:05.547,64.9100,10
44585547889931,12:23:05.547,64.9100,10
44585547889931,12:23:05.547,64.9300,5
44585547889931,12:23:05.547,64.9300,15
44585547889931,12:23:05.547,64.9400,10
44585547889931,12:23:05.547,64.9400,10
44591701268812,12:23:11.701,64.8800,100
44756110059286,12:25:56.110,64.8300,9
44756110327284,12:25:56.110,64.8400,91
44756110354854,12:25:56.110,64.8400,9
44860543274683,12:27:40.543,64.8000,48
44868389847150,12:27:48.389,64.8000,12
44868389870319,12:27:48.389,64.8000,5
44868389909939,12:27:48.389,64.8000,5
44868389949453,12:27:48.389,64.8000,5
44868390198418,12:27:48.390,64.8000,70
44868390345394,12:27:48.390,64.8000,51
44868390348314,12:27:48.390,64.8000,4
44868390348314,12:27:48.390,64.7900,1
44868391240502,12:27:48.391,64.7900,4
44868391240502,12:27:48.391,64.7900,169
44891597693014,12:28:11.597,64.8400,100
44891597720975,12:28:11.597,64.8400,23
44938130529229,12:28:58.130,64.8500,6
44980823192001,12:29:40.823,64.8500,94
44993480512179,12:29:53.480,64.8600,5
45109634021788,12:31:49.634,64.8350,100
45150045539772,12:32:30.045,64.8000,100
45150045566948,12:32:30.045,64.8000,5
45150046816211,12:32:30.046,64.7900,31
45150046816211,12:32:30.046,64.7800,100
45215724613264,12:33:35.724,64.7700,5
45315931746846,12:35:15.931,64.7700,66
45315931780742,12:35:15.931,64.7700,34
45315931978549,12:35:15.931,64.7700,100
45335985047693,12:35:35.985,64.7300,6
45335991817246,12:35:35.991,64.7000,20
45377817311494,12:36:17.817,64.6600,6
45377874685437,12:36:17.874,64.6500,100
45395238774420,12:36:35.238,64.6400,5
45395410000588,12:36:35.410,64.6300,100
45435716081515,12:37:15.716,64.6000,22
45643401934881,12:40:43.401,64.6700,100
45643402139460,12:40:43.402,64.6700,32
45643404541598,12:40:43.404,64.6400,100
45643404632762,12:40:43.404,64.6300,100
45707611626633,12:41:47.611,64.5400,9
45743028805266,12:42:23.028,64.4500,56
45837448428625,12:43:57.448,64.5000,15
45881351500900,12:44:41.351,64.4400,9
45905979118981,12:45:05.979,64.4900,100
46040327101901,12:47:20.327,64.4400,55
46099925769587,12:48:19.925,64.4400,5
46099926630723,12:48:19.926,64.4300,31
46173800494447,12:49:33.800,64.4300,13
46217955172268,12:50:17.955,64.4800,59
46217955299768,12:50:17.955,64.4900,100
46217978641902,12:50:17.978,64.4900,100
46231750390255,12:50:31.750,64.4700,9
46280041138721,12:51:20.041,64.5100,4
46324234620399,12:52:04.234,64.5200,100
46324234620399,12:52:04.234,64.5200,100
46339741700720,12:52:19.741,64.5000,100
46339741700720,12:52:19.741,64.4900,100
46339741700720,12:52:19.741,64.4900,100
46339741700720,12:52:19.741,64.4900,100
46344208464637,12:52:24.208,64.4600,56
46428020570216,12:53:48.020,64.4600,95
46428020570216,12:53:48.020,64.4600,9
46438550407091,12:53:58.550,64.4400,5
46445243220468,12:54:05.243,64.4700,100
46489597352376,12:54:49.597,64.4000,9
46500815515694,12:55:00.815,64.4200,100
46500815599808,12:55:00.815,64.4300,100
46500815599808,12:55:00.815,64.4300,100
46500820156698,12:55:00.820,64.4600,4
46500820677904,12:55:00.820,64.4700,100
46537020146511,12:55:37.020,64.4200,100
46616818516911,12:56:56.818,64.4700,86
46623377682509,12:57:03.377,64.4700,114
46623377682509,12:57:03.377,64.4700,86
46623377754979,12:57:03.377,64.4700,14
46643404099287,12:57:23.404,64.4200,59
46709878261060,12:58:29.878,64.4300,100
46709882329473,12:58:29.882,64.4600,100
46742857321963,12:59:02.857,64.5000,100
46742869261773,12:59:02.869,64.5200,1
46742869261773,12:59:02.869,64.5200,1
46742869261773,12:59:02.869,64.5200,3
46742870939993,12:59:02.870,64.5300,1
46742870939993,12:59:02.870,64.5300,4
46771611580283,12:59:31.611,64.5400,2
46771611580283,12:59:31.611,64.5400,7
46788181766489,12:59:48.181,64.5400,100
46788181766489,12:59:48.181,64.5400,100
46801469384348,13:00:01.469,64.5500,9
46801469410597,13:00:01.469,64.5500,1
46801469410597,13:00:01.469,64.5500,100
46801469531272,13:00:01.469,64.5600,2
46803617112183,13:00:03.617,64.5700,100
46803617112183,13:00:03.617,64.5700,29
46803669170197,13:00:03.669,64.5800,1
46803669170197,13:00:03.669,64.5800,1
46816708763873,13:00:16.708,64.5800,100
46816708763873,13:00:16.708,64.6000,1
46816708763873,13:00:16.708,64.6000,4
46816708801402,13:00:16.708,64.6000,100
46816709225667,13:00:16.709,64.6000,100
46816709225667,13:00:16.709,64.6000,92
46816709297780,13:00:16.709,64.6000,8
46816709297780,13:00:16.709,64.6000,12
46816709518918,13:00:16.709,64.6000,88
46816709518918,13:00:16.709,64.6000,12
46838572805995,13:00:38.572,64.5300,9
46838572805995,13:00:38.572,64.5300,100
46838573564284,13:00:38.573,64.5200,4
46838576765788,13:00:38.576,64.5600,100
46840195845873,13:00:40.195,64.5200,100
46938882057310,13:02:18.882,64.5200,66
47066098838021,13:04:26.098,64.5300,100
47066098838021,13:04:26.098,64.5300,9
47066098838021,13:04:26.098,64.5300,90
47100037745603,13:05:00.037,64.5300,100
47100037745603,13:05:00.037,64.5300,43
47100047273468,13:05:00.047,64.5300,100
47168802529746,13:06:08.802,64.5400,32
47216100498367,13:06:56.100,64.6000,100
47216100771393,13:06:56.100,64.6100,100
47222095434273,13:07:02.095,64.6300,2
47222095434273,13:07:02.095,64.6300,8
47222096101821,13:07:02.096,64.6400,2
47222096101821,13:07:02.096,64.6400,3
47258537412022,13:07:38.537,64.6500,1
47258537412022,13:07:38.537,64.6500,1
47258537412022,13:07:38.537,64.6500,8
47258537744118,13:07:38.537,64.6600,2
47258537744118,13:07:38.537,64.6600,8
47258538300904,13:07:38.538,64.6800,100
47258538710319,13:07:38.538,64.7000,2
47258538710319,13:07:38.538,64.7000,5
47258538737286,13:07:38.538,64.7000,3
47269977526816,13:07:49.977,64.6700,100
47269977556083,13:07:49.977,64.6600,6
47339158667902,13:08:59.158,64.7000,100
47339159061722,13:08:59.159,64.7100,2
47339159061722,13:08:59.159,64.7100,3
47339361798147,13:08:59.361,64.7400,1
47339362836090,13:08:59.362,64.7400,70
47339362863088,13:08:59.362,64.7400,30
47344160247422,13:09:04.160,64.7500,2
47344160247422,13:09:04.160,64.7500,8
47344160247422,13:09:04.160,64.7500,82
47344160274392,13:09:04.160,64.7500,18
47344161631604,13:09:04.161,64.7600,1
47344166683110,13:09:04.166,64.7900,4
47344166708401,13:09:04.166,64.7900,6
47344167179748,13:09:04.167,64.7700,35
47461711901531,13:11:01.711,64.7800,20
47461711957880,13:11:01.711,64.7900,100
47461712027484,13:11:01.712,64.7900,12
47461712376967,13:11:01.712,64.7900,26
47461712423879,13:11:01.712,64.7900,102
47461712423879,13:11:01.712,64.7900,60
47462204657954,13:11:02.204,64.8100,5
47462204657954,13:11:02.204,64.8100,5
47462532675900,13:11:02.532,64.8400,100
47462532675900,13:11:02.532,64.8500,10
47462532675900,13:11:02.532,64.8500,19
47462532677839,13:11:02.532,64.8500,81
47462532677839,13:11:02.532,64.8500,19
47462532709977,13:11:02.532,64.8500,16
47462533341270,13:11:02.533,64.8500,7
47464631437095,13:11:04.631,64.8300,100
47464631437095,13:11:04.631,64.8300,5
47540452859458,13:12:20.452,64.7700,4
47600565855521,13:13:20.565,64.7700,70
47600566609177,13:13:20.566,64.7700,100
47732694189837,13:15:32.694,64.7400,4
47750742352096,13:15:50.742,64.7700,43
47789416013547,13:16:29.416,64.7500,60
47854764473146,13:17:34.764,64.7500,40
47854764473146,13:17:34.764,64.7500,18
47903656420956,13:18:23.656,64.7500,44
47975586057154,13:19:35.586,64.7500,38
47975586057154,13:19:35.586,64.7500,6
48037025630571,13:20:37.025,64.7600,10
48046020655995,13:20:46.020,64.7500,4
48046020655995,13:20:46.020,64.7500,6
48046020675813,13:20:46.020,64.7500,31
48046021007627,13:20:46.021,64.7500,3
48046021016687,13:20:46.021,64.7500,166
48046021016687,13:20:46.021,64.7500,10
48046021016687,13:20:46.021,64.7400,24
48046021018961,13:20:46.021,64.7400,76
48046021018961,13:20:46.021,64.7400,100
48046021018961,13:20:46.021,64.7400,24
48046021044944,13:20:46.021,64.7400,76
48048315522162,13:20:48.315,64.7200,77
48048315548409,13:20:48.315,64.7200,23
48048562459638,13:20:48.562,64.7300,5
48053331533741,13:20:53.331,64.7400,100
48070448836614,13:21:10.448,64.7600,2
48070449269452,13:21:10.449,64.7700,100
48070456975213,13:21:10.456,64.7900,12
48070457498565,13:21:10.457,64.8000,10
48070457498565,13:21:10.457,64.8000,10
48070457943621,13:21:10.457,64.8100,20
48070460571247,13:21:10.460,64.8200,2
48138808298124,13:22:18.808,64.7800,3
48238193119623,13:23:58.193,64.7500,50
48238193146133,13:23:58.193,64.7500,50
48238193146133,13:23:58.193,64.7500,62
48238193175715,13:23:58.193,64.7500,28
48243314748011,13:24:03.314,64.6800,3
48304598051139,13:25:04.598,64.7200,59
48629708132145,13:30:29.708,64.7500,6
48629708132145,13:30:29.708,64.7500,100
48629708132145,13:30:29.708,64.7500,100
48629708211379,13:30:29.708,64.7500,8
48715220427613,13:31:55.220,64.7500,11
48715221596632,13:31:55.221,64.7400,100
48715925110423,13:31:55.925,64.7500,3
48715952120199,13:31:55.952,64.7500,100
48732929256219,13:32:12.929,64.7700,100
48738800750297,13:32:18.800,64.7700,60
48861938585927,13:34:21.938,64.7900,52
48861939024692,13:34:21.939,64.7900,48
48861939024692,13:34:21.939,64.7900,100
48861939024692,13:34:21.939,64.7900,2
48861948501018,13:34:21.948,64.8000,10
48861948501018,13:34:21.948,64.8000,2
48861948501018,13:34:21.948,64.8100,1
48861948501018,13:34:21.948,64.8100,2
48861948501018,13:34:21.948,64.8200,100
48861948501018,13:34:21.948,64.8200,5
48861948501018,13:34:21.948,64.8200,2
49022768826521,13:37:02.768,64.7500,4
49022769318265,13:37:02.769,64.7400,10
49022769318265,13:37:02.769,64.7400,1
49024106057553,13:37:04.106,64.7600,100
49045387250025,13:37:25.387,64.8000,58
49045387292070,13:37:25.387,64.8000,42
49045387292070,13:37:25.387,64.8000,100
49131656656164,13:38:51.656,64.7500,4
49131656656164,13:38:51.656,64.7500,26
49180003564630,13:39:40.003,64.7500,74
49231896729714,13:40:31.896,64.7800,100
49231896738393,13:40:31.896,64.7800,10
49231896738393,13:40:31.896,64.7800,99
49325949049758,13:42:05.949,64.7700,10
49325949101695,13:42:05.949,64.7600,3
49364074989002,13:42:44.074,64.7200,50
49374487374781,13:42:54.487,64.7800,23
49374487374781,13:42:54.487,64.7800,100
49374488051690,13:42:54.488,64.7900,2
49484864074960,13:44:44.864,64.7500,4
49511809610392,13:45:11.809,64.7500,17
49511814070949,13:45:11.814,64.7200,4
49511814070949,13:45:11.814,64.7200,20
49521577005372,13:45:21.577,64.7100,100
49526140309285,13:45:26.140,64.7500,1
49526140342757,13:45:26.140,64.7500,99
49526140342757,13:45:26.140,64.7500,100
49526290519368,13:45:26.290,64.7600,100
49575992177149,13:46:15.992,64.7800,100
49575992225076,13:46:15.992,64.7800,100
49575992225076,13:46:15.992,64.7800,100
49575992225076,13:46:15.992,64.7800,44
49575992321324,13:46:15.992,64.7800,4
49576019510320,13:46:16.019,64.7900,1
49576019897334,13:46:16.019,64.8300,10
49576019897334,13:46:16.019,64.8300,100
49576023225908,13:46:16.023,64.8000,7
49654753744275,13:47:34.753,64.7400,53
49723987567141,13:48:43.987,64.7700,6
49729205855897,13:48:49.205,64.7700,38
49782310156040,13:49:42.310,64.8100,56
49782310156040,13:49:42.310,64.8100,3
49782310543421,13:49:42.310,64.8200,100
49782310574126,13:49:42.310,64.8200,1
49782310617417,13:49:42.310,64.8200,2
49782310682847,13:49:42.310,64.8300,100
49782310731795,13:49:42.310,64.8300,100
49782310790972,13:49:42.310,64.8300,4
49782340513531,13:49:42.340,64.8400,10
49782342995525,13:49:42.342,64.8700,5
49782342995525,13:49:42.342,64.8700,15
49782343682992,13:49:42.343,64.8900,1
49783814363167,13:49:43.814,64.9000,2
49783814363167,13:49:43.814,64.9000,3
49784365108850,13:49:44.365,64.9100,70
49786315356236,13:49:46.315,64.8900,100
49786315386873,13:49:46.315,64.8900,3
49838439247510,13:50:38.439,64.8100,100
49838439247510,13:50:38.439,64.8100,79
49838439409467,13:50:38.439,64.8100,21
49874448298053,13:51:14.448,64.8100,100
49874448381399,13:51:14.448,64.8100,50
49874448381399,13:51:14.448,64.8100,4
49874448381399,13:51:14.448,64.8100,2
49874448665973,13:51:14.448,64.8200,2
49874448833995,13:51:14.448,64.8300,2
49891539979228,13:51:31.539,64.8000,1
49972281214706,13:52:52.281,64.7800,3
49972380405958,13:52:52.380,64.7700,100
49982981438387,13:53:02.981,64.7800,23
50059411021016,13:54:19.411,64.7700,11
50080093235969,13:54:40.093,64.7600,3
50112895421762,13:55:12.895,64.7300,7
50116416886244,13:55:16.416,64.7100,5
50123460226493,13:55:23.460,64.7500,80
50123460255037,13:55:23.460,64.7500,20
50123460255037,13:55:23.460,64.7500,37
50123460838588,13:55:23.460,64.7500,21
50123818380106,13:55:23.818,64.7500,42
50123818380106,13:55:23.818,64.7500,3
50142226095914,13:55:42.226,64.7700,10
50202236965169,13:56:42.236,64.7500,43
50202236967101,13:56:42.236,64.7500,57
50202236967101,13:56:42.236,64.7500,19
50245754406459,13:57:25.754,64.6900,64
50259481259624,13:57:39.481,64.7000,100
50259901952276,13:57:39.901,64.6800,49
50259901979762,13:57:39.901,64.6800,51
50312755491902,13:58:32.755,64.6700,6
50319139320574,13:58:39.139,64.6500,6
50319139348681,13:58:39.139,64.6500,94
50319139441140,13:58:39.139,64.6400,100
50343047573946,13:59:03.047,64.6300,20
50343047603490,13:59:03.047,64.6300,80
50363219555558,13:59:23.219,64.6200,26
50364789172586,13:59:24.789,64.6200,2
50364798644685,13:59:24.798,64.6200,11
50391790735783,13:59:51.790,64.6200,80
50391790765681,13:59:51.790,64.6200,20
50395117654603,13:59:55.117,64.5700,100
50404702231238,14:00:04.702,64.5600,100
50404702231238,14:00:04.702,64.5600,43
50406067875071,14:00:06.067,64.5500,12
50406592778288,14:00:06.592,64.5900,2
50406592778288,14:00:06.592,64.5900,2
50409002750617,14:00:09.002,64.5900,100
50409002750617,14:00:09.002,64.6500,100
50409002750617,14:00:09.002,64.6500,100
50409002750617,14:00:09.002,64.6500,1
50409002936021,14:00:09.002,64.6500,2
50409002970908,14:00:09.002,64.6500,80
50409003005114,14:00:09.003,64.6500,12
50409003102910,14:00:09.003,64.6500,1
50409003159893,14:00:09.003,64.6500,5
50409016618621,14:00:09.016,64.6500,100
50409018599458,14:00:09.018,64.6600,4
50409042746923,14:00:09.042,64.5700,100
50413018807332,14:00:13.018,64.6600,96
50413018807332,14:00:13.018,64.6600,4
50413031125288,14:00:13.031,64.6600,6
50413031125288,14:00:13.031,64.6600,2
50413031125288,14:00:13.031,64.6600,92
50413031195390,14:00:13.031,64.6600,8
50413031769349,14:00:13.031,64.6700,100
50413033307403,14:00:13.033,64.6700,10
50413033307403,14:00:13.033,64.6700,2
50413054736712,14:00:13.054,64.6800,2
50414866361792,14:00:14.866,64.6900,100
50414866389799,14:00:14.866,64.6900,10
50414866389799,14:00:14.866,64.6900,2
50414866389799,14:00:14.866,64.6900,100
50414866408712,14:00:14.866,64.6900,80
50414867942516,14:00:14.867,64.7000,100
50421596340227,14:00:21.596,64.7100,100
50421596406256,14:00:21.596,64.7100,10
50421596641623,14:00:21.596,64.7100,10
50421596700582,14:00:21.596,64.7100,90
50421891766592,14:00:21.891,64.7200,10
50423335773788,14:00:23.335,64.6700,7
50425513189687,14:00:25.513,64.7000,100
50425642906257,14:00:25.642,64.6800,100
50425889053556,14:00:25.889,64.6800,100
50426556324154,14:00:26.556,64.6800,50
50431791153050,14:00:31.791,64.7300,100
50438508724342,14:00:38.508,64.7400,10
50438508724342,14:00:38.508,64.7400,90
50438508755840,14:00:38.508,64.7400,10
50438509571524,14:00:38.509,64.7500,10
50456960442543,14:00:56.960,64.7600,5
50456960442543,14:00:56.960,64.7600,95
50480448354664,14:01:20.448,64.7000,50
50537058940231,14:02:17.058,64.6800,100
50537059009945,14:02:17.059,64.6800,12
50537060614981,14:02:17.060,64.6800,100
50545424403513,14:02:25.424,64.6100,48
50545425579276,14:02:25.425,64.6100,52
50552271028608,14:02:32.271,64.7100,100
50552271028608,14:02:32.271,64.7300,100
50552819140236,14:02:32.819,64.7300,100
50552819140236,14:02:32.819,64.7400,100
50591679646349,14:03:11.679,64.7500,100
50591679646349,14:03:11.679,64.7500,3
50591680293611,14:03:11.680,64.7700,10
50598684335409,14:03:18.684,64.7700,100
50599082001012,14:03:19.082,64.7700,4
50599082001012,14:03:19.082,64.7700,17
50599082558108,14:03:19.082,64.7800,10
50599082558108,14:03:19.082,64.7800,90
50609492080149,14:03:29.492,64.7800,10
50612004048655,14:03:32.004,64.8200,10
50612004048655,14:03:32.004,64.8200,90
50612004081062,14:03:32.004,64.8200,10
50612004215068,14:03:32.004,64.8200,100
50612004247400,14:03:32.004,64.8100,100
50612004247400,14:03:32.004,64.8100,100
50613165487455,14:03:33.165,64.8200,100
50625537680588,14:03:45.537,64.8300,1
50625537680588,14:03:45.537,64.8300,99
50625537707217,14:03:45.537,64.8300,1
50639815090245,14:03:59.815,64.8500,10
50639815090245,14:03:59.815,64.8500,90
50639815179422,14:03:59.815,64.8500,10
50639815382815,14:03:59.815,64.8500,90
50639815453092,14:03:59.815,64.8600,100
50639815459509,14:03:59.815,64.8600,100
50640487168358,14:04:00.487,64.8500,10
50643879632289,14:04:03.879,64.8800,10
50650257858342,14:04:10.257,64.8900,20
50650638172838,14:04:10.638,64.9000,10
50650638172838,14:04:10.638,64.9000,41
50666713979239,14:04:26.713,64.9100,10
50666718073436,14:04:26.718,64.9200,8
50690202701162,14:04:50.202,64.9400,100
50690202701162,14:04:50.202,64.9400,100
50827163713738,14:07:07.163,64.9500,4
50851287798239,14:07:31.287,64.9200,25
50851287798239,14:07:31.287,64.9200,33
50853845921272,14:07:33.845,64.9100,100
50853845921272,14:07:33.845,64.9100,100
50853845998862,14:07:33.845,64.9000,2
50853846160572,14:07:33.846,64.9000,98
50853846160572,14:07:33.846,64.9000,2
50853846166103,14:07:33.846,64.9000,98
50877266998542,14:07:57.266,64.8900,3
50878899006011,14:07:58.899,64.8700,100
50903939221180,14:08:23.939,64.8300,3
50903950850040,14:08:23.950,64.8200,10
50930052904990,14:08:50.052,64.9300,100
50930053344680,14:08:50.053,64.9400,24
50930053344680,14:08:50.053,64.9400,3
50930053344680,14:08:50.053,64.9400,2
50930053344680,14:08:50.053,64.9400,100
50930055124731,14:08:50.055,64.9000,100
50930057812727,14:08:50.057,64.9400,100
50930384008365,14:08:50.384,64.9300,100
50930384152260,14:08:50.384,64.9400,54
50930384179634,14:08:50.384,64.9400,46
50941151897649,14:09:01.151,64.9600,46
50941151924486,14:09:01.151,64.9600,54
50964827326661,14:09:24.827,64.9600,82
50980311906277,14:09:40.311,64.9400,100
50980311914158,14:09:40.311,64.9400,27
50981315641505,14:09:41.315,64.9300,7
51000086504796,14:10:00.086,64.8800,100
51000086535094,14:10:00.086,64.8700,5
51000087861940,14:10:00.087,64.9200,20
51000087891946,14:10:00.087,64.9200,20
51000201553158,14:10:00.201,64.9200,51
51000201553158,14:10:00.201,64.9200,100
51033303647120,14:10:33.303,64.8400,4
51033303647120,14:10:33.303,64.8300,5
51033303647120,14:10:33.303,64.8300,1
51033303647120,14:10:33.303,64.8300,1
51034905734891,14:10:34.905,64.8300,100
51147152337315,14:12:27.152,64.8300,6
51147152337315,14:12:27.152,64.8300,1
51160780313020,14:12:40.780,64.8300,60
51162135233784,14:12:42.135,64.9100,51
51165559795819,14:12:45.559,64.9400,100
51165559821597,14:12:45.559,64.9400,12
51165559878356,14:12:45.559,64.9500,100
51167953347486,14:12:47.953,64.9600,100
51167953427460,14:12:47.953,64.9600,100
51168881081729,14:12:48.881,64.9800,100
51168885796197,14:12:48.885,64.9800,100
51168886437999,14:12:48.886,64.9800,100
51168887494091,14:12:48.887,64.9800,10
51176942543061,14:12:56.942,65.0000,27
51176942590097,14:12:56.942,65.0000,100
51176942609187,14:12:56.942,65.0000,100
51176942616209,14:12:56.942,65.0000,8
51176943013238,14:12:56.943,65.0000,275
51264091210695,14:14:24.091,64.9300,12
51264091210695,14:14:24.091,64.9300,6
51264091210695,14:14:24.091,64.9300,6
51300234495286,14:15:00.234,64.9000,100
51300234753378,14:15:00.234,64.8900,6
51300375299229,14:15:00.375,64.8800,6
51301567465841,14:15:01.567,64.8600,100
51301568205542,14:15:01.568,64.8500,100
51306997892924,14:15:06.997,64.8600,100
51313189669375,14:15:13.189,64.8700,100
51313189669375,14:15:13.189,64.9200,100
51313189669375,14:15:13.189,64.9200,100
51313189700232,14:15:13.189,64.9200,100
51313191918252,14:15:13.191,64.9400,2
51313341363905,14:15:13.341,64.9300,100
51382220971582,14:16:22.220,64.9250,100
51385585926450,14:16:25.585,64.9600,100
51385585984635,14:16:25.585,64.9600,1
51385586572660,14:16:25.586,64.9700,100
51389185780473,14:16:29.185,64.9800,100
51389185836893,14:16:29.185,64.9800,15
51398230673047,14:16:38.230,65.0000,100
51400270299707,14:16:40.270,65.0200,100
51400270390857,14:16:40.270,65.0200,100
51400315944711,14:16:40.315,65.0200,100
51434847342888,14:17:14.847,65.0200,100
51518628486140,14:18:38.628,64.9400,5
51624441749742,14:20:24.441,64.9300,5
51629777080799,14:20:29.777,64.9600,35
51629777080799,14:20:29.777,64.9800,37
51635696100035,14:20:35.696,64.9000,6
51636335144861,14:20:36.335,64.8700,100
51641038644075,14:20:41.038,64.9400,7
51646241428385,14:20:46.241,64.9500,1
51646241428385,14:20:46.241,64.9500,3
51646241428385,14:20:46.241,64.9500,196
51646241461114,14:20:46.241,64.9500,4
51646242543933,14:20:46.242,64.9600,6
51721620406272,14:22:01.620,64.9900,10
51723975786392,14:22:03.975,64.9900,2
51723975786392,14:22:03.975,65.0000,1
51723975786392,14:22:03.975,65.0000,97
51723976274089,14:22:03.976,65.0000,84
51723976292987,14:22:03.976,65.0000,19
51723976292987,14:22:03.976,65.0000,2
51734204457508,14:22:14.204,65.0400,100
51755507306086,14:22:35.507,65.0100,85
51755507337261,14:22:35.507,65.0100,15
51755507337261,14:22:35.507,65.0100,13
51755507366857,14:22:35.507,65.0100,10
51755507366857,14:22:35.507,65.0100,90
51755507413995,14:22:35.507,65.0100,10
51755659749880,14:22:35.659,64.9700,100
51763264123266,14:22:43.264,64.9900,30
51874915324706,14:24:34.915,64.9800,6
51874915324706,14:24:34.915,64.9800,1
51874915324706,14:24:34.915,64.9800,93
51970636678361,14:26:10.636,64.9500,6
51970636678361,14:26:10.636,64.9500,2
51970636678361,14:26:10.636,64.9500,7
51972564854545,14:26:12.564,64.9400,5
52013606034851,14:26:53.606,64.9100,100
52022367075264,14:27:02.367,64.9500,60
52022367722108,14:27:02.367,64.9500,40
52022367722108,14:27:02.367,64.9500,200
52022367722108,14:27:02.367,64.9500,4
52022367722108,14:27:02.367,64.9500,10
52022367722108,14:27:02.367,64.9500,100
52022367738331,14:27:02.367,64.9100,100
52022368208025,14:27:02.368,64.9600,100
52027049401671,14:27:07.049,64.9800,100
52027049401671,14:27:07.049,64.9800,100
52031059279019,14:27:11.059,65.0200,6
52031059934726,14:27:11.059,65.0200,94
52031060277508,14:27:11.060,65.0000,100
52077919588921,14:27:57.919,64.9900,100
52077919588921,14:27:57.919,64.9900,300
52077919588921,14:27:57.919,65.0000,37
52077919588921,14:27:57.919,65.0000,63
52118819108082,14:28:38.819,64.9300,6
52118819108082,14:28:38.819,64.9000,94
52150142864883,14:29:10.142,64.9800,100
52150225948057,14:29:10.225,64.9900,2
52150225948057,14:29:10.225,65.0000,2
52150225948057,14:29:10.225,65.0100,2
52263460193165,14:31:03.460,64.9800,100
52263465288827,14:31:03.465,64.9900,6
52263465288827,14:31:03.465,64.9900,8
52269962497454,14:31:09.962,65.0000,100
52275175963792,14:31:15.175,65.0200,100
52275186064479,14:31:15.186,65.0300,100
52275186146073,14:31:15.186,65.0300,100
52275186201207,14:31:15.186,65.0400,200
52275186201207,14:31:15.186,65.0400,100
52275188841374,14:31:15.188,65.0400,159
52275189143154,14:31:15.189,65.0400,8
52275189151808,14:31:15.189,65.0400,33
52280113985825,14:31:20.113,65.0500,100
52309313016766,14:31:49.313,65.0100,100
52309313016766,14:31:49.313,65.0100,6
52309313016766,14:31:49.313,65.0100,29
52309313049288,14:31:49.313,65.0000,2
52334316297547,14:32:14.316,64.9800,100
52344205093538,14:32:24.205,64.9900,98
52344205124314,14:32:24.205,64.9900,2
52359302466586,14:32:39.302,64.9300,43
52383720161342,14:33:03.720,64.9800,100
52383720215332,14:33:03.720,64.9800,1
52383720215332,14:33:03.720,64.9800,99
52386898703878,14:33:06.898,64.9800,100
52391321239641,14:33:11.321,64.9900,81
52391321625363,14:33:11.321,64.9900,19
52415319803426,14:33:35.319,64.9900,100
52417747722695,14:33:37.747,65.0000,50
52417747808661,14:33:37.747,65.0000,50
52417747808661,14:33:37.747,65.0000,1
52417747808661,14:33:37.747,65.0000,45
52417747808661,14:33:37.747,65.0000,100
52433537134298,14:33:53.537,65.0300,100
52433537227584,14:33:53.537,65.0300,2
52433537227584,14:33:53.537,65.0300,98
52433537369701,14:33:53.537,65.0300,2
52433537369701,14:33:53.537,65.0300,109
52443323035375,14:34:03.323,65.0300,100
52489314998354,14:34:49.314,65.0500,56
52489315788349,14:34:49.315,65.0600,100
52497161573379,14:34:57.161,65.0800,100
52507090671300,14:35:07.090,65.0900,100
52507360486496,14:35:07.360,65.1000,100
52534325989006,14:35:34.325,65.1000,100
52564647069759,14:36:04.647,65.0600,100
52566063461141,14:36:06.063,65.0300,100
52567616408999,14:36:07.616,65.0100,100
52568565796420,14:36:08.565,64.9800,100
52598727667609,14:36:38.727,65.0000,100
52598727673440,14:36:38.727,65.0000,100
52640729969041,14:37:20.729,65.0200,100
52640730316042,14:37:20.730,65.0300,100
52640730560838,14:37:20.730,65.0300,100
52640730560838,14:37:20.730,65.0300,2
52640731410554,14:37:20.731,65.0400,2
52640731410554,14:37:20.731,65.0400,1
52640731740443,14:37:20.731,65.0500,1
52640731740443,14:37:20.731,65.0600,89
52641833180727,14:37:21.833,65.0600,11
52641833180727,14:37:21.833,65.0600,89
52641833219016,14:37:21.833,65.0600,11
52641833308957,14:37:21.833,65.0700,100
52643864425181,14:37:23.864,65.0500,59
52644644828111,14:37:24.644,65.0700,100
52644644828111,14:37:24.644,65.0700,70
52658098937958,14:37:38.098,65.0700,30
52662064784361,14:37:42.064,65.0600,100
52674278152709,14:37:54.278,65.0700,10
52674278263464,14:37:54.278,65.0900,1
52674278271056,14:37:54.278,65.1000,69
52674278296697,14:37:54.278,65.1000,7
52720021751539,14:38:40.021,65.1000,83
52720021787888,14:38:40.021,65.1000,63
52720023754602,14:38:40.023,65.1000,278
52720023754602,14:38:40.023,65.1000,63
52720045526227,14:38:40.045,65.1100,100
52720052767819,14:38:40.052,65.1500,1
52751107733297,14:39:11.107,65.1500,100
52751107733297,14:39:11.107,65.1500,13
52751206599769,14:39:11.206,65.1500,87
52751206599769,14:39:11.206,65.1500,100
52754015322016,14:39:14.015,65.1700,1
52754015322016,14:39:14.015,65.1700,93
52754015381713,14:39:14.015,65.1800,1
52754015438019,14:39:14.015,65.1800,1
52754015438019,14:39:14.015,65.1800,93
52754015460931,14:39:14.015,65.2000,1
52754015460931,14:39:14.015,65.2000,100
52754015460931,14:39:14.015,65.2100,12
52755736345705,14:39:15.736,65.2100,88
52755736345705,14:39:15.736,65.2100,12
52756100173821,14:39:16.100,65.1900,100
52756100173821,14:39:16.100,65.1900,109
52780003650233,14:39:40.003,65.0900,4
52780003650233,14:39:40.003,65.0900,5
52794738642395,14:39:54.738,65.1500,100
52833741196713,14:40:33.741,65.1000,100
52875001788555,14:41:15.001,65.1400,98
52880269852411,14:41:20.269,65.1400,2
52883753329821,14:41:23.753,65.1600,100
52883753329821,14:41:23.753,65.1600,4
52884318325626,14:41:24.318,65.1700,94
52892419500213,14:41:32.419,65.1700,26
52939580530997,14:42:19.580,65.1700,100
52939580749984,14:42:19.580,65.1700,2
52939586254950,14:42:19.586,65.2000,2
52944300447381,14:42:24.300,65.1600,59
52949090630006,14:42:29.090,65.1800,74
52949090663136,14:42:29.090,65.1800,26
52960363893802,14:42:40.363,65.1400,100
52995697589943,14:43:15.697,65.1500,100
53015810368744,14:43:35.810,65.1700,100
53015810399525,14:43:35.810,65.1700,2
53015810399525,14:43:35.810,65.1700,100
53015810472814,14:43:35.810,65.1800,100
53015810546155,14:43:35.810,65.1800,6
53015838012132,14:43:35.838,65.1900,2
53015985779370,14:43:35.985,65.2200,100
53015985830041,14:43:35.985,65.2200,100
53032746758843,14:43:52.746,65.2200,2
53032746758843,14:43:52.746,65.2200,98
53049753743416,14:44:09.753,65.2200,100
53049753846072,14:44:09.753,65.2200,100
53089424392692,14:44:49.424,65.2300,2
53096487044288,14:44:56.487,65.2600,1
53096487044288,14:44:56.487,65.2600,1
53135755974212,14:45:35.755,65.2600,100
53155739828940,14:45:55.739,65.2300,8
53160499276542,14:46:00.499,65.2700,1
53160499276542,14:46:00.499,65.2700,1
53160499276542,14:46:00.499,65.2700,4
53160499276542,14:46:00.499,65.2700,90
53160499297184,14:46:00.499,65.2700,10
53189262432404,14:46:29.262,65.2800,100
53189266249584,14:46:29.266,65.2800,2
53189266249584,14:46:29.266,65.2800,2
53189266249584,14:46:29.266,65.2800,5
53189291484614,14:46:29.291,65.2900,1
53189291484614,14:46:29.291,65.2900,2
53189291484614,14:46:29.291,65.3000,1
53189291484614,14:46:29.291,65.3000,1
53189291484614,14:46:29.291,65.3000,1
53190314577079,14:46:30.314,65.3000,3
53190314678921,14:46:30.314,65.3100,2
53197762194377,14:46:37.762,65.3100,100
53197762918748,14:46:37.762,65.3100,70
53197762929151,14:46:37.762,65.3100,30
53215703835409,14:46:55.703,65.3000,100
53215703848450,14:46:55.703,65.3000,3
53216408320995,14:46:56.408,65.3200,1
53216408320995,14:46:56.408,65.3200,1
53218723924511,14:46:58.723,65.3300,1
53218723924511,14:46:58.723,65.3300,1
53218723924511,14:46:58.723,65.3400,1
53218723924511,14:46:58.723,65.3400,1
53218723924511,14:46:58.723,65.3400,6
53218763278190,14:46:58.763,65.3400,100
53241764220458,14:47:21.764,65.3600,1
53241764220458,14:47:21.764,65.3600,1
53241764220458,14:47:21.764,65.3600,100
53241764220458,14:47:21.764,65.3600,100
53241764220458,14:47:21.764,65.3600,1
53241764220458,14:47:21.764,65.3600,2
53242103343647,14:47:22.103,65.3500,100
53248343168300,14:47:28.343,65.3100,100
53248343657461,14:47:28.343,65.3100,162
53248344110372,14:47:28.344,65.2800,100
53277815769838,14:47:57.815,65.3000,100
53292324938985,14:48:12.324,65.2900,100
53300872809346,14:48:20.872,65.2500,5
53310355824815,14:48:30.355,65.2900,2
53387786692649,14:49:47.786,65.2600,18
53387786692649,14:49:47.786,65.2500,22
53387787243347,14:49:47.787,65.2500,78
53387787243347,14:49:47.787,65.2500,100
53387787243347,14:49:47.787,65.2500,100
53408572255436,14:50:08.572,65.2500,100
53467020730794,14:51:07.020,65.1700,100
53467520822512,14:51:07.520,65.1400,117
53470259868729,14:51:10.259,65.1800,100
53470259876538,14:51:10.259,65.1800,100
53470259876538,14:51:10.259,65.1800,100
53470259876538,14:51:10.259,65.1800,2
53479141780352,14:51:19.141,65.1800,100
53511113825948,14:51:51.113,65.1900,100
53524269688721,14:52:04.269,65.2000,100
53526680633395,14:52:06.680,65.2000,50
53526877780896,14:52:06.877,65.2100,2
53526878480809,14:52:06.878,65.2200,2
53536314327856,14:52:16.314,65.2300,200
53536314749449,14:52:16.314,65.2400,2
53536314749449,14:52:16.314,65.2400,100
53539064935058,14:52:19.064,65.2500,2
53539064935058,14:52:19.064,65.2500,100
53540849965979,14:52:20.849,65.2300,28
53542158133008,14:52:22.158,65.2600,100
53542158161258,14:52:22.158,65.2600,100
53542158161258,14:52:22.158,65.2600,2
53542158255890,14:52:22.158,65.2700,2
53549779784428,14:52:29.779,65.2800,2
53549779784428,14:52:29.779,65.2800,100
53549779784428,14:52:29.779,65.2800,5
53549781298438,14:52:29.781,65.2900,5
53549781743244,14:52:29.781,65.2900,100
53549781743244,14:52:29.781,65.2900,100
53549782810723,14:52:29.782,65.2900,100
53585781937138,14:53:05.781,65.2900,74
53585781965865,14:53:05.781,65.2900,26
53600762847628,14:53:20.762,65.3100,2
53600762913569,14:53:20.762,65.3200,5
53600763847999,14:53:20.763,65.3300,1
53600763873962,14:53:20.763,65.3300,9
53600765871355,14:53:20.765,65.3400,2
53606083313856,14:53:26.083,65.3500,2
53626497135073,14:53:46.497,65.3400,90
53662785773831,14:54:22.785,65.3300,100
53687786938638,14:54:47.786,65.3200,100
53687853929693,14:54:47.853,65.2700,5
53687857481016,14:54:47.857,65.2600,4
53717793292497,14:55:17.793,65.2700,100
53717793364918,14:55:17.793,65.2700,100
53726163617392,14:55:26.163,65.2500,100
53726163617392,14:55:26.163,65.2500,2
53726163617392,14:55:26.163,65.2500,5
53726163617392,14:55:26.163,65.2500,2
53726163617392,14:55:26.163,65.2500,7
53762584483649,14:56:02.584,65.2300,100
53776794994579,14:56:16.794,65.2000,100
53776794994579,14:56:16.794,65.2000,300
53776794994579,14:56:16.794,65.2000,100
53798065057494,14:56:38.065,65.2800,100
53827793671671,14:57:07.793,65.2500,100
53827793671671,14:57:07.793,65.2500,2
53834795119202,14:57:14.795,65.2400,100
53846189347351,14:57:26.189,65.2100,100
53848202471544,14:57:28.202,65.2500,100
53848202471544,14:57:28.202,65.2500,51
53848205679191,14:57:28.205,65.2500,49
53848637624137,14:57:28.637,65.2600,2
53860207216621,14:57:40.207,65.2900,6
53866989267665,14:57:46.989,65.2900,10
53869913476708,14:57:49.913,65.2900,90
53869913476708,14:57:49.913,65.2900,10
53869913507715,14:57:49.913,65.2900,90
53869913541415,14:57:49.913,65.2900,3
53877530791419,14:57:57.530,65.2500,39
53877530821650,14:57:57.530,65.2500,61
53930799707147,14:58:50.799,65.2200,100
53930799734478,14:58:50.799,65.2200,100
53954801904544,14:59:14.801,65.2500,100
53954803021285,14:59:14.803,65.2600,100
53954803070900,14:59:14.803,65.2600,100
53954804509395,14:59:14.804,65.2600,100
53954804580548,14:59:14.804,65.2600,100
53961162600573,14:59:21.162,65.2700,100
53961165650313,14:59:21.165,65.2700,2
53961165650313,14:59:21.165,65.2700,98
53961165676656,14:59:21.165,65.2700,2
53971890050245,14:59:31.890,65.2400,100
53971890050245,14:59:31.890,65.2400,2
54011154121848,15:00:11.154,65.2400,100
54011154146679,15:00:11.154,65.2400,3
54019890917065,15:00:19.890,65.2400,100
54136246293106,15:02:16.246,65.1900,43
54139810975833,15:02:19.810,65.2300,66
54144538098263,15:02:24.538,65.2400,200
54176761717509,15:02:56.761,65.2100,100
54176761717509,15:02:56.761,65.2100,3
54176761745853,15:02:56.761,65.2100,40
54181814391795,15:03:01.814,65.2100,100
54181814416978,15:03:01.814,65.2100,100
54200852133364,15:03:20.852,65.1800,100
54200852157107,15:03:20.852,65.1800,100
54200852162630,15:03:20.852,65.1800,100
54200852663073,15:03:20.852,65.1700,100
54203781022290,15:03:23.781,65.1800,2
54203799337698,15:03:23.799,65.1800,10
54207130744790,15:03:27.130,65.1800,88
54207130744790,15:03:27.130,65.1600,12
54207130773151,15:03:27.130,65.1600,88
54219314932872,15:03:39.314,65.1900,100
54226935954604,15:03:46.935,65.2000,100
54226936116542,15:03:46.936,65.2000,100
54246638177976,15:04:06.638,65.1700,2
54253817080787,15:04:13.817,65.1700,100
54271815598300,15:04:31.815,65.1600,100
54311323931449,15:05:11.323,65.1200,4
54316360916763,15:05:16.360,65.1100,6
54324209321381,15:05:24.209,65.0800,5
54327945027224,15:05:27.945,65.0800,100
54349008174266,15:05:49.008,65.0700,3
54349008201216,15:05:49.008,65.0700,97
54363578122049,15:06:03.578,65.0400,100
54363578122049,15:06:03.578,65.0400,100
54363578122049,15:06:03.578,65.0400,7
54363932551686,15:06:03.932,65.0300,100
54369923261490,15:06:09.923,65.0500,92
54381776525291,15:06:21.776,65.0400,100
54381776525291,15:06:21.776,65.0400,15
54399698023974,15:06:39.698,65.0500,8
54399698023974,15:06:39.698,65.0500,92
54399698056403,15:06:39.698,65.0500,8
54399718395752,15:06:39.718,65.0400,4
54402087538433,15:06:42.087,65.0600,100
54438490446210,15:07:18.490,65.0600,10
54438490446210,15:07:18.490,65.0600,100
54438491074262,15:07:18.491,65.0700,100
54438491074262,15:07:18.491,65.0700,100
54438492174586,15:07:18.492,65.0900,6
54469019717299,15:07:49.019,65.0500,100
54480359160385,15:08:00.359,65.0700,100
54480359190730,15:08:00.359,65.0700,100
54480359190730,15:08:00.359,65.0700,100
54480359220617,15:08:00.359,65.0700,100
54480359390726,15:08:00.359,65.0700,100
54480426097394,15:08:00.426,65.1000,200
54485565150986,15:08:05.565,65.1100,2
54512814349639,15:08:32.814,65.1000,100
54532637625638,15:08:52.637,65.1000,100
54541499616306,15:09:01.499,65.1100,5
54541499616306,15:09:01.499,65.1100,95
54542071969747,15:09:02.071,65.1100,5
54545778383706,15:09:05.778,65.1000,56
54545778410315,15:09:05.778,65.1000,44
54560429746731,15:09:20.429,65.0900,100
54620390167706,15:10:20.390,65.0600,5
54620390194906,15:10:20.390,65.0600,95
54620390194906,15:10:20.390,65.0600,4
54620438550741,15:10:20.438,65.0200,100
54620777397004,15:10:20.777,65.0400,75
54620777397004,15:10:20.777,65.0400,10
54620783981503,15:10:20.783,65.0200,100
54620783985867,15:10:20.783,65.0200,100
54630415018990,15:10:30.415,65.0500,100
54630415050539,15:10:30.415,65.0500,4
54630415050539,15:10:30.415,65.0500,100
54630415050539,15:10:30.415,65.0500,1
54641727313276,15:10:41.727,65.0200,100
54641727342839,15:10:41.727,65.0100,100
54641754061352,15:10:41.754,65.0100,100
54645999697873,15:10:45.999,65.0200,5
54660435403059,15:11:00.435,64.9900,100
54662170399833,15:11:02.170,65.0000,100
54678075750367,15:11:18.075,65.0300,100
54687599368219,15:11:27.599,65.0600,100
54687806192950,15:11:27.806,65.0700,100
54687806219029,15:11:27.806,65.0700,100
54687807305243,15:11:27.807,65.0800,2
54687832727986,15:11:27.832,65.0900,2
54689061031798,15:11:29.061,65.0900,100
54712130592422,15:11:52.130,65.0600,100
54742963845666,15:12:22.963,65.0600,100
54742963845666,15:12:22.963,65.0600,3
54773227544659,15:12:53.227,65.0800,100
54773227544659,15:12:53.227,65.0800,100
54773227572262,15:12:53.227,65.0800,2
54773227572262,15:12:53.227,65.0800,1
54792069070549,15:13:12.069,65.1000,2
54793613890238,15:13:13.613,65.1100,2
54793613890238,15:13:13.613,65.1100,1
54793614324859,15:13:13.614,65.1100,100
54793616834250,15:13:13.616,65.1200,1
54793616834250,15:13:13.616,65.1200,1
54793616834250,15:13:13.616,65.1200,1
54793635269613,15:13:13.635,65.1400,1
54793635269613,15:13:13.635,65.1400,100
54798754910594,15:13:18.754,65.1100,200
54798754910594,15:13:18.754,65.1100,2
54809629203227,15:13:29.629,65.1100,100
54809629203227,15:13:29.629,65.1100,51
54809632770400,15:13:29.632,65.1100,49
54809632770400,15:13:29.632,65.1100,51
54894324222768,15:14:54.324,65.1500,1
54894324222768,15:14:54.324,65.1500,1
54894324222768,15:14:54.324,65.1500,4
54894324222768,15:14:54.324,65.1500,100
54894324222768,15:14:54.324,65.1500,94
54894324253278,15:14:54.324,65.1500,6
54894324253278,15:14:54.324,65.1500,100
54905714129274,15:15:05.714,65.1600,1
54905714129274,15:15:05.714,65.1600,1
54905714129274,15:15:05.714,65.1600,100
54905714129274,15:15:05.714,65.1600,44
54905823603377,15:15:05.823,65.1600,100
54906250131121,15:15:06.250,65.1700,2
54906250131121,15:15:06.250,65.1800,1
54906250131121,15:15:06.250,65.1800,1
54906250131121,15:15:06.250,65.1800,96
54909164877438,15:15:09.164,65.1600,100
54917747001822,15:15:17.747,65.1700,100
54920848473101,15:15:20.848,65.1800,93
54931697734405,15:15:31.697,65.1900,2
54931697734405,15:15:31.697,65.1900,100
54931697734405,15:15:31.697,65.1900,14
54948003252023,15:15:48.003,65.2000,2
54964690532588,15:16:04.690,65.2000,1
54964691209402,15:16:04.691,65.1900,100
54964691236516,15:16:04.691,65.1900,100
54990988967429,15:16:30.988,65.1400,100
54999197175868,15:16:39.197,65.1200,13
54999197203041,15:16:39.197,65.1200,87
54999197203041,15:16:39.197,65.1200,100
55007252830555,15:16:47.252,65.1300,100
55016281459958,15:16:56.281,65.1300,100
55035254516101,15:17:15.254,65.1500,100
55057315241920,15:17:37.315,65.1200,4
55057315470501,15:17:37.315,65.1200,96
55074252067499,15:17:54.252,65.1000,100
55090638894459,15:18:10.638,65.0700,4
55128008786379,15:18:48.008,65.1100,52
55128008812589,15:18:48.008,65.1100,48
55128065049646,15:18:48.065,65.1100,1
55128065761283,15:18:48.065,65.1100,1
55165222471367,15:19:25.222,65.1000,100
55166808623438,15:19:26.808,65.1200,90
55166808623438,15:19:26.808,65.1200,50
55166808651072,15:19:26.808,65.1200,50
55176751362233,15:19:36.751,65.1400,48
55176751382228,15:19:36.751,65.1400,52
55176751532461,15:19:36.751,65.1300,100
55176752032037,15:19:36.752,65.1500,100
55181273191293,15:19:41.273,65.1700,5
55181273254284,15:19:41.273,65.1700,100
55181273302104,15:19:41.273,65.1600,100
55181273302104,15:19:41.273,65.1600,100
55219809580558,15:20:19.809,65.1900,10
55219809580558,15:20:19.809,65.1900,90
55219809608247,15:20:19.809,65.1900,10
55219809608247,15:20:19.809,65.1900,1
55219809608247,15:20:19.809,65.1900,2
55261526892095,15:21:01.526,65.1800,100
55276151881992,15:21:16.151,65.2000,100
55287864760599,15:21:27.864,65.2000,100
55288225408739,15:21:28.225,65.2000,100
55328810186929,15:22:08.810,65.1700,4
55328812287608,15:22:08.812,65.1600,200
55383267895248,15:23:03.267,65.1600,100
55384268874565,15:23:04.268,65.1500,100
55392909989430,15:23:12.909,65.1500,1
55392909989430,15:23:12.909,65.1500,99
55401265847558,15:23:21.265,65.1500,3
55401265847558,15:23:21.265,65.1500,100
55401265847558,15:23:21.265,65.1500,143
55401265847558,15:23:21.265,65.1500,2
55401266658919,15:23:21.266,65.1600,11
55401266658919,15:23:21.266,65.1600,3
55425272472234,15:23:45.272,65.1500,100
55455222998301,15:24:15.222,65.1600,6
55503689734776,15:25:03.689,65.1500,95
55503689824030,15:25:03.689,65.1500,5
55503689824030,15:25:03.689,65.1500,1
55503689824030,15:25:03.689,65.1500,200
55503689824030,15:25:03.689,65.1500,100
55503691670683,15:25:03.691,65.1400,143
55518681475560,15:25:18.681,65.1600,100
55518681475560,15:25:18.681,65.1600,4
55518681475560,15:25:18.681,65.1600,7
55532977742145,15:25:32.977,65.1700,7
55567523189367,15:26:07.523,65.1700,95
55578761832263,15:26:18.761,65.1800,4
55578761832263,15:26:18.761,65.1800,200
55578761832263,15:26:18.761,65.1800,100
55582194067332,15:26:22.194,65.1900,10
55582194067332,15:26:22.194,65.1900,5
55595488468738,15:26:35.488,65.1800,100
55595504572456,15:26:35.504,65.1600,5
55595512729340,15:26:35.512,65.1400,100
55600989391961,15:26:40.989,65.1400,100
55632086644037,15:27:12.086,65.1100,6
55632086669149,15:27:12.086,65.1100,94
55632118979011,15:27:12.118,65.1000,100
55644827403864,15:27:24.827,65.0900,66
55644827430605,15:27:24.827,65.0900,134
55647027351570,15:27:27.027,65.0900,100
55647027351570,15:27:27.027,65.0900,11
55647027425989,15:27:27.027,65.0900,28
55647035798921,15:27:27.035,65.0900,61
55673116583899,15:27:53.116,65.1100,500
55673116583899,15:27:53.116,65.1100,100
55673116583899,15:27:53.116,65.1100,23
55673116583899,15:27:53.116,65.1100,2
55673117408872,15:27:53.117,65.1100,97
55673123048773,15:27:53.123,65.1100,3
55673128998995,15:27:53.128,65.1100,100
55673143949379,15:27:53.143,65.1200,2
55715658521479,15:28:35.658,65.1600,100
55728081027717,15:28:48.081,65.1500,100
55733284525217,15:28:53.284,65.1500,100
55733288574293,15:28:53.288,65.1500,100
55734285465806,15:28:54.285,65.1500,100
55734285491686,15:28:54.285,65.1500,200
55746907501920,15:29:06.907,65.1400,1
55812695550802,15:30:12.695,65.0800,83
55812695550802,15:30:12.695,65.0600,17
55812695580620,15:30:12.695,65.0600,83
55812697917972,15:30:12.697,65.0600,200
55822179977483,15:30:22.179,65.0100,100
55822330980387,15:30:22.330,65.0100,100
55825986126778,15:30:25.986,65.0300,1
55831230942994,15:30:31.230,65.0500,100
55831230942994,15:30:31.230,65.0500,100
55831230989574,15:30:31.230,65.0600,2
55831232002649,15:30:31.232,65.0500,100
55831232002649,15:30:31.232,65.0600,98
55831232121644,15:30:31.232,65.0600,2
55831232202757,15:30:31.232,65.0600,65
55831232238473,15:30:31.232,65.0600,33
55832826915099,15:30:32.826,65.0700,2
55833014685974,15:30:33.014,65.0800,100
55852651415843,15:30:52.651,65.0700,2
55868336906413,15:31:08.336,65.0700,100
55868336906413,15:31:08.336,65.0700,100
55874318033515,15:31:14.318,65.0850,100
55896289121495,15:31:36.289,65.1000,100
55917578069357,15:31:57.578,65.1200,100
55917578069357,15:31:57.578,65.1200,100
55917578069357,15:31:57.578,65.1200,10
55917578069357,15:31:57.578,65.1200,100
55928094809115,15:32:08.094,65.1100,99
55928094841631,15:32:08.094,65.1100,1
55928094841631,15:32:08.094,65.1100,4
55928095414302,15:32:08.095,65.1100,52
55947655992968,15:32:27.655,65.1100,100
55947657267125,15:32:27.657,65.1000,139
55947657302936,15:32:27.657,65.1000,61
55947657302936,15:32:27.657,65.1000,26
55947657810116,15:32:27.657,65.1000,74
55948071208499,15:32:28.071,65.1000,2
55948762137873,15:32:28.762,65.1100,100
55948762659880,15:32:28.762,65.1100,100
55948762659880,15:32:28.762,65.1100,100
55954183021248,15:32:34.183,65.1000,100
55954183046416,15:32:34.183,65.1000,100
55984065652694,15:33:04.065,65.0900,48
55984066742163,15:33:04.066,65.0900,52
55984066742163,15:33:04.066,65.0900,15
55984066832366,15:33:04.066,65.0900,45
55984066897228,15:33:04.066,65.0900,34
55984066924455,15:33:04.066,65.0900,6
55996183850566,15:33:16.183,65.0750,100
56025910850597,15:33:45.910,65.0800,1
56025910850597,15:33:45.910,65.0600,4
56025942181507,15:33:45.942,65.0600,11
56033814978390,15:33:53.814,65.0600,85
56033814978390,15:33:53.814,65.0600,100
56033815983009,15:33:53.815,65.0500,40
56037147590486,15:33:57.147,65.0500,6
56040893308584,15:34:00.893,65.0500,94
56040893308584,15:34:00.893,65.0500,100
56041218255403,15:34:01.218,65.0500,22
56053146886934,15:34:13.146,65.0400,1
56056302275370,15:34:16.302,65.0400,100
56062072545974,15:34:22.072,65.0400,100
56079918555873,15:34:39.918,65.0400,40
56079922351215,15:34:39.922,65.0200,10
56079922351215,15:34:39.922,65.0200,5
56084073452352,15:34:44.073,65.0200,1
56084073452352,15:34:44.073,65.0200,200
56099755533714,15:34:59.755,65.0200,54
56099755560753,15:34:59.755,65.0200,46
56102109406093,15:35:02.109,65.0300,100
56102109434053,15:35:02.109,65.0300,100
56104271765238,15:35:04.271,65.0350,100
56109646294135,15:35:09.646,65.0500,100
56124345355171,15:35:24.345,65.0600,100
56124345553957,15:35:24.345,65.0600,100
56135028670263,15:35:35.028,65.0900,100
56135028695568,15:35:35.028,65.0900,100
56136541263585,15:35:36.541,65.1100,100
56136650727241,15:35:36.650,65.1000,100
56145012393371,15:35:45.012,65.0900,100
56145012393371,15:35:45.012,65.0900,100
56146013325570,15:35:46.013,65.0900,100
56147014266266,15:35:47.014,65.0900,100
56169064841985,15:36:09.064,65.0800,7
56174137986380,15:36:14.137,65.0600,24
56174138012706,15:36:14.138,65.0600,76
56174154227411,15:36:14.154,65.0600,46
56196885950647,15:36:36.885,65.0600,100
56211821515875,15:36:51.821,65.0900,39
56211821541514,15:36:51.821,65.0900,161
56211821541514,15:36:51.821,65.0900,2
56239301449704,15:37:19.301,65.1000,100
56239301449704,15:37:19.301,65.1000,100
56239302439694,15:37:19.302,65.1000,100
56243031952792,15:37:23.031,65.0800,50
56243032330941,15:37:23.032,65.0800,50
56243032330941,15:37:23.032,65.0800,100
56253034189745,15:37:33.034,65.0800,100
56253100895160,15:37:33.100,65.0800,4
56290344419801,15:38:10.344,65.0700,100
56290344959474,15:38:10.344,65.0700,100
56290344959474,15:38:10.344,65.0700,100
56298930953148,15:38:18.930,65.0700,100
56298930978791,15:38:18.930,65.0700,4
56298932999356,15:38:18.932,65.0600,100
56298932999356,15:38:18.932,65.0500,11
56298933050308,15:38:18.933,65.0600,100
56304314877828,15:38:24.314,65.0600,100
56304314877828,15:38:24.314,65.0600,100
56306186847769,15:38:26.186,65.0600,10
56306186847769,15:38:26.186,65.0600,31
56308560204123,15:38:28.560,65.0600,69
56308560204123,15:38:28.560,65.0600,31
56323500058246,15:38:43.500,65.0700,100
56323539714438,15:38:43.539,65.0800,100
56323549135335,15:38:43.549,65.0800,69
56349354582534,15:39:09.354,65.0900,1
56359358844674,15:39:19.358,65.0800,1
56361564861045,15:39:21.564,65.0700,4
56361564861045,15:39:21.564,65.0700,96
56387296397086,15:39:47.296,65.0700,4
56387296397086,15:39:47.296,65.0700,100
56387318917930,15:39:47.318,65.0700,100
56387318944997,15:39:47.318,65.0700,1
56390862487722,15:39:50.862,65.0700,5
56403527246332,15:40:03.527,65.0700,95
56403527246332,15:40:03.527,65.0700,38
56403527712412,15:40:03.527,65.0700,61
56403528307491,15:40:03.528,65.0700,33
56403528501504,15:40:03.528,65.0700,42
56403528787417,15:40:03.528,65.0700,2
56403532558526,15:40:03.532,65.0700,24
56403532558526,15:40:03.532,65.0700,76
56403536561767,15:40:03.536,65.0700,24
56403592965712,15:40:03.592,65.0600,100
56403721517665,15:40:03.721,65.0700,100
56411977475410,15:40:11.977,65.0800,100
56411977475410,15:40:11.977,65.0800,100
56411977506837,15:40:11.977,65.0800,100
56411977506837,15:40:11.977,65.0800,5
56415364902672,15:40:15.364,65.0700,100
56427341093145,15:40:27.341,65.0600,100
56427341093145,15:40:27.341,65.0600,100
56427342506973,15:40:27.342,65.0600,50
56427343546885,15:40:27.343,65.0600,50
56441948071469,15:40:41.948,65.0600,2
56441948071469,15:40:41.948,65.0600,99
56441948101585,15:40:41.948,65.0600,1
56441948748507,15:40:41.948,65.0700,200
56441948748507,15:40:41.948,65.0700,6
56442817307980,15:40:42.817,65.0800,200
56442817356244,15:40:42.817,65.0800,81
56442922741896,15:40:42.922,65.0900,100
56460065106385,15:41:00.065,65.0800,100
56461744887800,15:41:01.744,65.0700,100
56461744887800,15:41:01.744,65.0700,100
56461744945547,15:41:01.744,65.0600,100
56472443110106,15:41:12.443,65.0700,100
56472443110106,15:41:12.443,65.0700,200
56472443184983,15:41:12.443,65.0700,18
56472966898888,15:41:12.966,65.0800,100
56473345045027,15:41:13.345,65.0900,100
56473345045027,15:41:13.345,65.0900,22
56473345101921,15:41:13.345,65.0900,78
56473803866071,15:41:13.803,65.1100,28
56473803910001,15:41:13.803,65.1100,72
56473803974232,15:41:13.803,65.1100,100
56473926174817,15:41:13.926,65.1200,1
56474362552775,15:41:14.362,65.1200,100
56480461242182,15:41:20.461,65.1200,100
56480464959018,15:41:20.464,65.1100,50
56480474553043,15:41:20.474,65.1100,50
56480684266434,15:41:20.684,65.0900,100
56498828269782,15:41:38.828,65.0700,200
56523929122174,15:42:03.929,65.0700,6
56523929122174,15:42:03.929,65.0700,94
56523929153990,15:42:03.929,65.0700,6
56523929153990,15:42:03.929,65.0700,2
56523929153990,15:42:03.929,65.0700,100
56523929153990,15:42:03.929,65.0700,8
56538771497443,15:42:18.771,65.0800,6
56538771497443,15:42:18.771,65.0800,92
56543706350230,15:42:23.706,65.0800,8
56543706350230,15:42:23.706,65.0800,1
56543706350230,15:42:23.706,65.0800,1
56580196807396,15:43:00.196,65.0900,100
56580254780725,15:43:00.254,65.0900,1
56592825656834,15:43:12.825,65.1150,100
56592826315252,15:43:12.826,65.1150,100
56594320661845,15:43:14.320,65.1000,80
56594320722180,15:43:14.320,65.1000,90
56594321119148,15:43:14.321,65.1000,30
56599929334486,15:43:19.929,65.1100,100
56612496336191,15:43:32.496,65.1200,6
56612496336191,15:43:32.496,65.1200,100
56622331279651,15:43:42.331,65.1300,10
56628514689136,15:43:48.514,65.1400,2
56628514689136,15:43:48.514,65.1400,3
56636542585166,15:43:56.542,65.1500,100
56639154515893,15:43:59.154,65.1550,100
56640832394211,15:44:00.832,65.1400,100
56647231601547,15:44:07.231,65.1300,100
56652233267796,15:44:12.233,65.1300,100
56652235187864,15:44:12.235,65.1300,100
56652235187864,15:44:12.235,65.1300,100
56658936417732,15:44:18.936,65.1500,100
56658936417732,15:44:18.936,65.1500,89
56658936449198,15:44:18.936,65.1500,11
56674668083044,15:44:34.668,65.1400,100
56674668083044,15:44:34.668,65.1400,100
56682700096312,15:44:42.700,65.1400,96
56682700169559,15:44:42.700,65.1400,4
56682700169559,15:44:42.700,65.1400,100
56689462036468,15:44:49.462,65.1300,100
56689462120014,15:44:49.462,65.1300,100
56689462120014,15:44:49.462,65.1300,100
56700350586445,15:45:00.350,65.1200,100
56700350586445,15:45:00.350,65.1200,200
56700350586445,15:45:00.350,65.1200,7
56700407127859,15:45:00.407,65.1200,93
56700407127859,15:45:00.407,65.1200,7
56700407370489,15:45:00.407,65.1200,93
56702216387557,15:45:02.216,65.1300,10
56702216387557,15:45:02.216,65.1300,100
56702216387557,15:45:02.216,65.1300,5
56702216387557,15:45:02.216,65.1300,35
56702216442487,15:45:02.216,65.1300,65
56702216442487,15:45:02.216,65.1300,23
56703298294894,15:45:03.298,65.1400,100
56703407358532,15:45:03.407,65.1500,10
56704931077351,15:45:04.931,65.1500,100
56708475410805,15:45:08.475,65.1400,7
56717130179552,15:45:17.130,65.1600,10
56717130179552,15:45:17.130,65.1600,100
56717130179552,15:45:17.130,65.1600,5
56717337788043,15:45:17.337,65.1700,2
56717337788043,15:45:17.337,65.1700,8
56717337788043,15:45:17.337,65.1700,5
56717337788043,15:45:17.337,65.1800,85
56717337820921,15:45:17.337,65.1800,115
56730578144792,15:45:30.578,65.1900,7
56730578144792,15:45:30.578,65.1900,100
56746569663527,15:45:46.569,65.2100,100
56755816305875,15:45:55.816,65.2200,100
56755816384711,15:45:55.816,65.2200,100
56755816755350,15:45:55.816,65.2200,100
56758214963156,15:45:58.214,65.2300,1
56758214963156,15:45:58.214,65.2300,1
56758214963156,15:45:58.214,65.2300,3
56758214963156,15:45:58.214,65.2300,6
56758214963156,15:45:58.214,65.2300,89
56760930019207,15:46:00.930,65.2200,100
56771865559818,15:46:11.865,65.2100,4
56772345678415,15:46:12.345,65.2100,296
56772345678415,15:46:12.345,65.2100,25
56811764429729,15:46:51.764,65.2000,93
56817103407952,15:46:57.103,65.1900,2
56829760541845,15:47:09.760,65.2100,99
56829760574840,15:47:09.760,65.2100,1
56829760574840,15:47:09.760,65.2100,8
56829760574840,15:47:09.760,65.2100,96
56837577007221,15:47:17.577,65.2100,100
56837748793987,15:47:17.748,65.2200,6
56837748793987,15:47:17.748,65.2500,1
56837748793987,15:47:17.748,65.2500,34
56870172822925,15:47:50.172,65.2100,100
56870172822925,15:47:50.172,65.2100,100
56871173804527,15:47:51.173,65.2100,100
56878740433995,15:47:58.740,65.2100,100
56878740433995,15:47:58.740,65.2100,100
56878740433995,15:47:58.740,65.2100,100
56878740433995,15:47:58.740,65.2100,8
56878740433995,15:47:58.740,65.2100,82
56878741324635,15:47:58.741,65.2200,1
56878741324635,15:47:58.741,65.2200,7
56878741354730,15:47:58.741,65.2200,93
56884643840287,15:48:04.643,65.2300,100
56893318596375,15:48:13.318,65.2100,100
56893318596375,15:48:13.318,65.2100,100
56893318596375,15:48:13.318,65.2100,5
56915745694456,15:48:35.745,65.2100,100
56915746151945,15:48:35.746,65.2100,9
56921431887753,15:48:41.431,65.2100,10
56939124652755,15:48:59.124,65.2200,3
56939124652755,15:48:59.124,65.2200,97
56939125114584,15:48:59.125,65.2200,3
56955663686435,15:49:15.663,65.2300,100
56955665545389,15:49:15.665,65.2300,43
56955665545389,15:49:15.665,65.2300,57
56958744958057,15:49:18.744,65.2300,243
56958744958057,15:49:18.744,65.2300,25
56958750879848,15:49:18.750,65.2400,6
56961828184140,15:49:21.828,65.2500,2
56967560158033,15:49:27.560,65.2500,20
56969496277306,15:49:29.496,65.2500,10
56969671059663,15:49:29.671,65.2500,68
56969671059663,15:49:29.671,65.2500,111
56979040231266,15:49:39.040,65.2600,6
57005369530365,15:50:05.369,65.2700,73
57005374654658,15:50:05.374,65.2700,28
57005374654658,15:50:05.374,65.2700,100
57005381276643,15:50:05.381,65.2600,100
57005381276643,15:50:05.381,65.2600,200
57008565062166,15:50:08.565,65.2600,4
57008565062166,15:50:08.565,65.2600,56
57008565089194,15:50:08.565,65.2600,144
57018844279249,15:50:18.844,65.2700,81
57031055217778,15:50:31.055,65.2700,19
57031055217778,15:50:31.055,65.2700,100
57031669714976,15:50:31.669,65.2700,3
57032008795191,15:50:32.008,65.2700,78
57032009535738,15:50:32.009,65.2700,100
57033149017451,15:50:33.149,65.2700,22
57036998369235,15:50:36.998,65.2700,150
57036998369235,15:50:36.998,65.2700,300
57046255434969,15:50:46.255,65.2600,100
57046255434969,15:50:46.255,65.2600,10
57046256017243,15:50:46.256,65.2600,40
57046920304339,15:50:46.920,65.2600,100
57074697652058,15:51:14.697,65.2600,200
57074697652058,15:51:14.697,65.2600,100
57074697652058,15:51:14.697,65.2600,3
57074697652058,15:51:14.697,65.2600,8
57075025584156,15:51:15.025,65.2700,100
57075025584156,15:51:15.025,65.2700,43
57075025621809,15:51:15.025,65.2700,57
57075025621809,15:51:15.025,65.2700,5
57075025621809,15:51:15.025,65.2700,21
57076151324857,15:51:16.151,65.2700,79
57076151324857,15:51:16.151,65.2700,100
57076151324857,15:51:16.151,65.2700,78
57076151324857,15:51:16.151,65.2700,100
57076181834096,15:51:16.181,65.2800,10
57113380732535,15:51:53.380,65.2800,100
57113380760811,15:51:53.380,65.2800,4
57114492565061,15:51:54.492,65.2700,100
57114492565061,15:51:54.492,65.2700,100
57117153541977,15:51:57.153,65.2700,100
57117153541977,15:51:57.153,65.2700,200
57117153541977,15:51:57.153,65.2700,100
57128246197262,15:52:08.246,65.2700,100
57135521958192,15:52:15.521,65.2700,100
57135989884671,15:52:15.989,65.2600,200
57135989914887,15:52:15.989,65.2600,100
57135989914887,15:52:15.989,65.2600,100
57138209590483,15:52:18.209,65.2600,5
57138209661393,15:52:18.209,65.2600,95
57138210665201,15:52:18.210,65.2500,100
57146054125744,15:52:26.054,65.2400,100
57146054151808,15:52:26.054,65.2400,100
57146059630321,15:52:26.059,65.2200,100
57146059657389,15:52:26.059,65.2200,58
57146105648534,15:52:26.105,65.2400,34
57152611102355,15:52:32.611,65.2300,100
57152611129511,15:52:32.611,65.2300,200
57153612107815,15:52:33.612,65.2300,100
57153612107815,15:52:33.612,65.2300,100
57159247978759,15:52:39.247,65.2300,100
57159248206887,15:52:39.248,65.2300,99
57159248217792,15:52:39.248,65.2300,1
57166168597610,15:52:46.168,65.2300,100
57166168597610,15:52:46.168,65.2300,100
57169754234211,15:52:49.754,65.2100,100
57169754289092,15:52:49.754,65.2100,100
57169754319215,15:52:49.754,65.2100,2
57179766112107,15:52:59.766,65.1900,100
57190411198777,15:53:10.411,65.1800,8
57190414981997,15:53:10.414,65.1900,100
57190414981997,15:53:10.414,65.1900,1
57198762141624,15:53:18.762,65.1900,100
57198762141624,15:53:18.762,65.1900,100
57198762746166,15:53:18.762,65.2000,1
57198766515183,15:53:18.766,65.1950,100
57203262327448,15:53:23.262,65.1900,100
57203262327448,15:53:23.262,65.1900,100
57203262353272,15:53:23.262,65.1900,200
57203263170691,15:53:23.263,65.1800,100
57225709659316,15:53:45.709,65.1900,1
57241518483238,15:54:01.518,65.1900,99
57241518483238,15:54:01.518,65.1900,1
57241519789996,15:54:01.519,65.1900,40
57260944717484,15:54:20.944,65.1900,59
57260944717484,15:54:20.944,65.1900,41
57260945085538,15:54:20.945,65.1900,100
57260945580925,15:54:20.945,65.1900,159
57261946540950,15:54:21.946,65.1900,100
57270724027332,15:54:30.724,65.2000,93
57270724146829,15:54:30.724,65.2000,7
57270724146829,15:54:30.724,65.2000,100
57270724146829,15:54:30.724,65.2000,93
57270724267705,15:54:30.724,65.2000,95
57270730205367,15:54:30.730,65.2000,12
57270730205367,15:54:30.730,65.2000,100
57270730205367,15:54:30.730,65.2000,2
57270730205367,15:54:30.730,65.2000,86
57270755150857,15:54:30.755,65.2000,14
57270755150857,15:54:30.755,65.2000,86
57273951737596,15:54:33.951,65.1900,199
57273951737596,15:54:33.951,65.1900,1
57273951849225,15:54:33.951,65.1900,11
57273951849225,15:54:33.951,65.1900,100
57278764748229,15:54:38.764,65.1700,1
57278764748229,15:54:38.764,65.1700,100
57278764748229,15:54:38.764,65.1700,100
57290564604304,15:54:50.564,65.1600,100
57300035345674,15:55:00.035,65.1800,95
57300072851077,15:55:00.072,65.1800,6
57300072851077,15:55:00.072,65.1800,94
57300126320626,15:55:00.126,65.1800,6
57300126320626,15:55:00.126,65.1800,5
57300126320626,15:55:00.126,65.1800,89
57300126444243,15:55:00.126,65.1800,11
57300564939842,15:55:00.564,65.1900,5
57302030157004,15:55:02.030,65.1900,100
57310121151814,15:55:10.121,65.2000,100
57310123013039,15:55:10.123,65.2000,100
57310132701542,15:55:10.132,65.2000,27
57310141227736,15:55:10.141,65.2050,100
57318811472361,15:55:18.811,65.2400,100
57318811472361,15:55:18.811,65.2400,6
57318811472361,15:55:18.811,65.2400,94
57318811913446,15:55:18.811,65.2400,100
57344010093843,15:55:44.010,65.2400,13
57345056775567,15:55:45.056,65.2500,5
57345584579710,15:55:45.584,65.2400,41
57345584606514,15:55:45.584,65.2400,59
57363566595727,15:56:03.566,65.2500,85
57411043647677,15:56:51.043,65.2600,11
57414765221635,15:56:54.765,65.2500,100
57414765221635,15:56:54.765,65.2500,300
57414765221635,15:56:54.765,65.2500,100
57415198428177,15:56:55.198,65.2400,100
57415766244894,15:56:55.766,65.2400,13
57415766244894,15:56:55.766,65.2400,13
57415766244894,15:56:55.766,65.2500,13
57418496424043,15:56:58.496,65.2500,8
57419764119969,15:56:59.764,65.2500,200
57433451241126,15:57:13.451,65.2500,53
57433451241126,15:57:13.451,65.2500,47
57433451319723,15:57:13.451,65.2500,153
57435216792537,15:57:15.216,65.2500,100
57445771894900,15:57:25.771,65.2600,89
57445771894900,15:57:25.771,65.2600,100
57445771894900,15:57:25.771,65.2600,4
57445771894900,15:57:25.771,65.2600,100
57445771894900,15:57:25.771,65.2600,48
57445771894900,15:57:25.771,65.2600,14
57445771894900,15:57:25.771,65.2600,59
57445772421583,15:57:25.772,65.2600,41
57445772421583,15:57:25.772,65.2600,6
57450929959671,15:57:30.929,65.2600,4
57455166885001,15:57:35.166,65.2500,1
57466772506396,15:57:46.772,65.2500,100
57475233581934,15:57:55.233,65.2500,100
57475234565430,15:57:55.234,65.2500,89
57481311011290,15:58:01.311,65.2400,100
57481311011290,15:58:01.311,65.2400,73
57489876688643,15:58:09.876,65.2400,4
57491773663407,15:58:11.773,65.2400,96
57491773663407,15:58:11.773,65.2400,100
57491773663407,15:58:11.773,65.2400,7
57491773663407,15:58:11.773,65.2400,97
57491774059811,15:58:11.774,65.2400,3
57491774059811,15:58:11.774,65.2400,97
57491774372333,15:58:11.774,65.2400,3
57494356490590,15:58:14.356,65.2450,100
57494765595389,15:58:14.765,65.2400,96
57494766109202,15:58:14.766,65.2400,13
57503762301065,15:58:23.762,65.2250,100
57505160069171,15:58:25.160,65.2200,200
57505160069171,15:58:25.160,65.2200,43
57505160069171,15:58:25.160,65.2200,2
57505160296497,15:58:25.160,65.2100,100
57509324905875,15:58:29.324,65.2200,100
57509325142567,15:58:29.325,65.2200,73
57509326258082,15:58:29.326,65.2200,27
57510766973151,15:58:30.766,65.2200,100
57526120917204,15:58:46.120,65.2100,100
57526120952654,15:58:46.120,65.2100,100
57526155945748,15:58:46.155,65.2200,100
57529775708897,15:58:49.775,65.2200,100
57529775708897,15:58:49.775,65.2300,42
57543310490853,15:59:03.310,65.2700,69
57552320023270,15:59:12.320,65.2700,131
57554342333697,15:59:14.342,65.2900,6
57562031264807,15:59:22.031,65.2800,4
57562031264807,15:59:22.031,65.2800,96
57562031291133,15:59:22.031,65.2800,4
57566548000831,15:59:26.548,65.3100,6
57566761332354,15:59:26.761,65.3100,33
57567097532817,15:59:27.097,65.3200,1
57576766895318,15:59:36.766,65.3000,46
57576766922753,15:59:36.766,65.3000,54
57580954602762,15:59:40.954,65.2800,28
57580954629398,15:59:40.954,65.2800,72
57589376357775,15:59:49.376,65.2300,3
57589376384550,15:59:49.376,65.2300,97
57590455344083,15:59:50.455,65.2800,10
57600207369198,16:00:00.207,0.0000,0
