timestamp,time,price,volume
34200707356912,09:30:00.707,121.3500,1146
34299907976536,09:31:39.907,121.3500,20
34299907976536,09:31:39.907,121.3500,189
34299907981439,09:31:39.907,121.3500,290
34299908001869,09:31:39.908,121.3500,21
34414837756667,09:33:34.837,121.3400,31
35047831671230,09:44:07.831,121.3500,200
35077165310746,09:44:37.165,121.3600,100
35261487777157,09:47:41.487,121.3600,12
35479035581483,09:51:19.035,121.3600,1100
35479035581483,09:51:19.035,121.3600,1700
35479035581483,09:51:19.035,121.3600,200
35479035581483,09:51:19.035,121.3600,100
35595794076024,09:53:15.794,121.3700,100
35595794076024,09:53:15.794,121.3700,100
35595794076024,09:53:15.794,121.3700,200
35595794076024,09:53:15.794,121.3700,200
35595794076024,09:53:15.794,121.3700,100
35625807552961,09:53:45.807,121.3700,500
35625807552961,09:53:45.807,121.3700,200
35749348871358,09:55:49.348,121.3700,100
35749348950394,09:55:49.348,121.3700,100
35749348950394,09:55:49.348,121.3700,200
36016451033659,10:00:16.451,121.3800,200
36709091495447,10:11:49.091,121.3700,100
36761399514555,10:12:41.399,121.3600,600
36761399514555,10:12:41.399,121.3600,300
36761399514555,10:12:41.399,121.3600,100
36761399514555,10:12:41.399,121.3600,100
36761399514555,10:12:41.399,121.3600,300
36761663652597,10:12:41.663,121.3600,100
36764770510208,10:12:44.770,121.3600,300
36934607612954,10:15:34.607,121.3700,7
36934607739669,10:15:34.607,121.3700,51
37322754741873,10:22:02.754,121.3600,49
37461390904930,10:24:21.390,121.3700,8
37799604341409,10:29:59.604,121.3700,100
38053810339100,10:34:13.810,121.3400,100
38244478853891,10:37:24.478,121.3500,100
38244478853891,10:37:24.478,121.3500,100
38263401947494,10:37:43.401,121.3600,21
38398539793743,10:39:58.539,121.3500,100
38674667602702,10:44:34.667,121.3500,42
38905391493739,10:48:25.391,121.3500,100
38905391493739,10:48:25.391,121.3500,105
38905391649805,10:48:25.391,121.3500,95
38971335008574,10:49:31.335,121.3500,63
39389392108978,10:56:29.392,121.3400,10
39450365550751,10:57:30.365,121.3400,10
39535538777103,10:58:55.538,121.3300,3
39539327116481,10:58:59.327,121.3300,75
39663479150065,11:01:03.479,121.3200,300
39663479150065,11:01:03.479,121.3200,600
39663479150065,11:01:03.479,121.3200,900
39664080601041,11:01:04.080,121.3200,100
39664140275906,11:01:04.140,121.3200,100
39664200648966,11:01:04.200,121.3200,100
39709814790593,11:01:49.814,121.3200,5
39720155852800,11:02:00.155,121.3200,95
39897325862989,11:04:57.325,121.3100,32
39947727451623,11:05:47.727,121.3100,300
40300553656619,11:11:40.553,121.3200,300
40464358881880,11:14:24.358,121.3200,300
40464358881880,11:14:24.358,121.3200,100
40499807922395,11:14:59.807,121.3200,1100
40499807922395,11:14:59.807,121.3200,300
40499807922395,11:14:59.807,121.3200,300
40499807922395,11:14:59.807,121.3200,100
40499808286204,11:14:59.808,121.3200,300
40499808286204,11:14:59.808,121.3200,200
40626941652733,11:17:06.941,121.3100,100
40626941652733,11:17:06.941,121.3100,100
40626941652733,11:17:06.941,121.3100,600
40626941652733,11:17:06.941,121.3100,100
40626941652733,11:17:06.941,121.3100,400
40886590234491,11:21:26.590,121.3200,100
40974495964507,11:22:54.495,121.3200,400
40974495964507,11:22:54.495,121.3200,100
40974511526261,11:22:54.511,121.3200,248
40974511539688,11:22:54.511,121.3200,161
41343192913642,11:29:03.192,121.3400,100
41516541351632,11:31:56.541,121.3400,13
41517837739333,11:31:57.837,121.3400,6
41519974325915,11:31:59.974,121.3400,3
41538495720696,11:32:18.495,121.3400,213
41566606647982,11:32:46.606,121.3400,18
41610007461726,11:33:30.007,121.3350,1100
41776363657666,11:36:16.363,121.3300,100
42235982114353,11:43:55.982,121.3350,100
42235982114353,11:43:55.982,121.3350,1
42236104878252,11:43:56.104,121.3300,1
42354088468724,11:45:54.088,121.3300,59
42581915955801,11:49:41.915,121.3150,100
42581921891072,11:49:41.921,121.3150,29
42581921891072,11:49:41.921,121.3150,71
42581922616362,11:49:41.922,121.3150,64
42581922616362,11:49:41.922,121.3150,36
42581926794017,11:49:41.926,121.3150,19
42581926794017,11:49:41.926,121.3150,45
42581926794017,11:49:41.926,121.3150,36
42581928884343,11:49:41.928,121.3150,64
42581935866480,11:49:41.935,121.3150,100
42866795286659,11:54:26.795,121.3100,3
42897740843940,11:54:57.740,121.3100,2
42954755149262,11:55:54.755,121.3100,100
43250933165334,12:00:50.933,121.3150,80
43292323915971,12:01:32.323,121.3150,20
43466090086885,12:04:26.090,121.3050,8
43591888603168,12:06:31.888,121.3150,3
43624904636831,12:07:04.904,121.3150,2
43672056679587,12:07:52.056,121.3200,100
43799871082804,12:09:59.871,121.3150,20
43799871082804,12:09:59.871,121.3100,11
43837065223904,12:10:37.065,121.3100,100
43929960718954,12:12:09.960,121.3150,12
44151834917151,12:15:51.834,121.3150,2
44151912965471,12:15:51.912,121.3150,40
44152913158738,12:15:52.913,121.3150,10
44165402154658,12:16:05.402,121.3100,29
44186675563136,12:16:26.675,121.3100,3
44221085073549,12:17:01.085,121.3100,100
44689083869965,12:24:49.083,121.3200,4
44733347565893,12:25:33.347,121.3250,26
44733426566465,12:25:33.426,121.3250,20
44798123273674,12:26:38.123,121.3250,10
44858628620532,12:27:38.628,121.3250,10
44858638316250,12:27:38.638,121.3250,10
44925255385728,12:28:45.255,121.3250,10
44928082111027,12:28:48.082,121.3200,3
44960343372307,12:29:20.343,121.3200,297
44961136755999,12:29:21.136,121.3200,22
45017980101196,12:30:17.980,121.3250,10
45023119054790,12:30:23.119,121.3200,93
45023136600660,12:30:23.136,121.3200,45
45038567078073,12:30:38.567,121.3200,3
45038567079582,12:30:38.567,121.3200,2
45038567086784,12:30:38.567,121.3200,3
45038567087397,12:30:38.567,121.3200,3
45038567088705,12:30:38.567,121.3200,3
45038567096338,12:30:38.567,121.3200,4
45038567099101,12:30:38.567,121.3200,3
45038567102345,12:30:38.567,121.3200,4
45038567105536,12:30:38.567,121.3200,2
45349696992664,12:35:49.696,121.3350,2
45349706672429,12:35:49.706,121.3350,9
45350712032887,12:35:50.712,121.3350,11
45798564923209,12:43:18.564,121.3350,3
45806199144606,12:43:26.199,121.3350,7
45806199144606,12:43:26.199,121.3400,33
46002044562069,12:46:42.044,121.3450,10
46046393893003,12:47:26.393,121.3450,60
46046393893003,12:47:26.393,121.3400,240
46988076747743,13:03:08.076,121.3300,54
47325073528984,13:08:45.073,121.3250,16
47681634457859,13:14:41.634,121.3200,12
47998701295640,13:19:58.701,121.3300,4
48022282119854,13:20:22.282,121.3350,10
48874637326669,13:34:34.637,121.3300,25
49160560820794,13:39:20.560,121.3400,10
49205136002262,13:40:05.136,121.3400,290
49303683252488,13:41:43.683,121.3400,500
49529703009367,13:45:29.703,121.3350,82
49757412047437,13:49:17.412,121.3400,300
49879865660654,13:51:19.865,121.3400,35
49881097350025,13:51:21.097,121.3400,479
50103167322951,13:55:03.167,121.3550,1
50349453849621,13:59:09.453,121.3600,80
50350535049597,13:59:10.535,121.3600,10
50390036001753,13:59:50.036,121.3600,300
50390038242963,13:59:50.038,121.3600,1800
50390040547521,13:59:50.040,121.3600,10
50390853921565,13:59:50.853,121.3600,100
50391810631266,13:59:51.810,121.3500,86
50391811146361,13:59:51.811,121.3500,10
50402693331103,14:00:02.693,121.3400,154
50402693332945,14:00:02.693,121.3400,144
50402693358764,14:00:02.693,121.3400,164
50402694145852,14:00:02.694,121.3400,222
50402702456120,14:00:02.702,121.3400,265
50402706778148,14:00:02.706,121.3400,121
50439678665172,14:00:39.678,121.4800,100
50449246531520,14:00:49.246,121.4700,400
50451796080679,14:00:51.796,121.4600,200
50451796086019,14:00:51.796,121.4600,100
50452364289951,14:00:52.364,121.4600,100
50505682972308,14:01:45.682,121.5000,20
50508398399901,14:01:48.398,121.5000,20
50524954235860,14:02:04.954,121.4900,100
50537452167019,14:02:17.452,121.4800,200
50537862089342,14:02:17.862,121.4750,4
50609026579335,14:03:29.026,121.4750,18
50609026638903,14:03:29.026,121.4750,2
50609026638903,14:03:29.026,121.4700,16
50609026886123,14:03:29.026,121.4700,2
50614054866296,14:03:34.054,121.4550,10
50614054866296,14:03:34.054,121.4500,190
50614054911956,14:03:34.054,121.4500,10
50614552854798,14:03:34.552,121.4400,100
50626225813735,14:03:46.225,121.3800,10
50627596500701,14:03:47.596,121.3900,400
50627612327940,14:03:47.612,121.3900,900
50627656494894,14:03:47.656,121.4000,600
50683442351962,14:04:43.442,121.4400,20
50688656258513,14:04:48.656,121.4800,300
50688757696225,14:04:48.757,121.4800,300
50688757722673,14:04:48.757,121.4800,100
50710963737155,14:05:10.963,121.5100,10
50731130073671,14:05:31.130,121.4300,300
50743893900629,14:05:43.893,121.4400,100
50743893904256,14:05:43.893,121.4400,100
50770749801638,14:06:10.749,121.4750,10
50770749812364,14:06:10.749,121.4700,90
50770750169040,14:06:10.750,121.4700,10
50826212243973,14:07:06.212,121.4500,10
50862194021579,14:07:42.194,121.4600,10
50874798062569,14:07:54.798,121.4600,800
50960774283689,14:09:20.774,121.4700,10
50977250459109,14:09:37.250,121.4650,14
51004016814680,14:10:04.016,121.5000,10
51018429910683,14:10:18.429,121.5000,10
51037481030818,14:10:37.481,121.5100,18
51071095880926,14:11:11.095,121.5100,10
51075301335625,14:11:15.301,121.5100,79
51075301361927,14:11:15.301,121.5100,221
51097472747685,14:11:37.472,121.5050,10
51097472747685,14:11:37.472,121.5000,356
51097472774362,14:11:37.472,121.5000,644
51167985082658,14:12:47.985,121.5100,10
51190532276613,14:13:10.532,121.5100,10
51217468578635,14:13:37.468,121.5100,10
51243159687118,14:14:03.159,121.5100,100
51300182721891,14:15:00.182,121.5200,2000
51300218567164,14:15:00.218,121.5200,100
51300244345496,14:15:00.244,121.5300,600
51325280363067,14:15:25.280,121.5300,300
51361402483144,14:16:01.402,121.5300,459
51361402483732,14:16:01.402,121.5300,240
51361420040429,14:16:01.420,121.5300,201
51439548522085,14:17:19.548,121.5100,292
51439548538100,14:17:19.548,121.5100,108
51565485848432,14:19:25.485,121.5400,300
51818363817714,14:23:38.363,121.5000,242
51916440985109,14:25:16.440,121.5100,600
51916440985109,14:25:16.440,121.5100,200
51965776453960,14:26:05.776,121.5100,300
51965776453960,14:26:05.776,121.5100,200
51965777060404,14:26:05.777,121.5100,200
51965777232040,14:26:05.777,121.5100,100
51966279376628,14:26:06.279,121.5100,200
51994481711503,14:26:34.481,121.5200,100
51994481711503,14:26:34.481,121.5200,100
51994481711503,14:26:34.481,121.5200,300
51994905083027,14:26:34.905,121.5200,100
51994905083027,14:26:34.905,121.5200,100
51994905083027,14:26:34.905,121.5200,500
51994905083027,14:26:34.905,121.5200,100
51994905083027,14:26:34.905,121.5200,200
52006588481272,14:26:46.588,121.5300,12
52065801757166,14:27:45.801,121.5300,300
52065801757166,14:27:45.801,121.5300,200
52065802360561,14:27:45.802,121.5300,300
52065802464220,14:27:45.802,121.5300,100
52065802466010,14:27:45.802,121.5300,200
52065803209593,14:27:45.803,121.5300,300
52065803209593,14:27:45.803,121.5300,300
52065803209593,14:27:45.803,121.5300,100
52065803209593,14:27:45.803,121.5300,200
52281574106749,14:31:21.574,121.5200,100
52308189307446,14:31:48.189,121.5300,300
52308189307446,14:31:48.189,121.5300,400
52310021122742,14:31:50.021,121.5300,300
52310021122742,14:31:50.021,121.5300,900
52310021122742,14:31:50.021,121.5300,200
52310021122742,14:31:50.021,121.5300,300
52310021542098,14:31:50.021,121.5300,100
52310021772597,14:31:50.021,121.5300,200
52310021772597,14:31:50.021,121.5300,100
52314654390792,14:31:54.654,121.5300,1000
52314654390792,14:31:54.654,121.5300,300
52314654390792,14:31:54.654,121.5300,200
52314654390792,14:31:54.654,121.5300,1100
52314700593351,14:31:54.700,121.5300,300
52314700593351,14:31:54.700,121.5300,400
52314731869551,14:31:54.731,121.5300,900
52314731869551,14:31:54.731,121.5300,600
52407729861988,14:33:27.729,121.5400,630
52479708473779,14:34:39.708,121.5400,151
52479708485690,14:34:39.708,121.5400,49
52625786063904,14:37:05.786,121.5800,11
52676866521979,14:37:56.866,121.5600,13
52762406750742,14:39:22.406,121.5900,110
52762406763725,14:39:22.406,121.5900,151
52762406794907,14:39:22.406,121.5900,10
52762407931291,14:39:22.407,121.5900,10
52762408004122,14:39:22.408,121.5900,10
52762410398579,14:39:22.410,121.5900,10
52762411836588,14:39:22.411,121.5900,10
52762412696768,14:39:22.412,121.5900,150
52762465055110,14:39:22.465,121.5900,111
52762465059942,14:39:22.465,121.5900,128
52800085030075,14:40:00.085,121.5900,4
53002668373948,14:43:22.668,121.6000,580
53002705424520,14:43:22.705,121.6000,16
53100564834619,14:45:00.564,121.6200,151
53100564850538,14:45:00.564,121.6200,302
53120761384250,14:45:20.761,121.6100,151
53121939628888,14:45:21.939,121.6100,110
53121939656488,14:45:21.939,121.6100,190
53246240380781,14:47:26.240,121.6300,150
53246240432054,14:47:26.240,121.6300,250
53246240432054,14:47:26.240,121.6300,400
53246240432054,14:47:26.240,121.6300,12
53272672980845,14:47:52.672,121.6500,1
53272672980845,14:47:52.672,121.6500,300
53272672980845,14:47:52.672,121.6500,400
53272673146360,14:47:52.673,121.6500,100
53272674906711,14:47:52.674,121.6500,200
53272674906711,14:47:52.674,121.6500,100
53272675690269,14:47:52.675,121.6500,300
53272675690269,14:47:52.675,121.6500,99
53285069966282,14:48:05.069,121.6500,500
53451547373282,14:50:51.547,121.6100,11
53555595651251,14:52:35.595,121.6000,300
53563868229532,14:52:43.868,121.5950,900
53589087202305,14:53:09.087,121.5900,200
53592921170560,14:53:12.921,121.6000,300
53597329103705,14:53:17.329,121.5900,300
53615438467961,14:53:35.438,121.5900,12
53642970196910,14:54:02.970,121.5900,151
53642970227005,14:54:02.970,121.5900,111
53666635118183,14:54:26.635,121.5900,138
53666635118183,14:54:26.635,121.5900,300
53728343317339,14:55:28.343,121.5900,600
53776210411889,14:56:16.210,121.6000,143
53776210436352,14:56:16.210,121.6000,157
53830414457661,14:57:10.414,121.6000,11
53947105258375,14:59:07.105,121.6000,1
53947105258375,14:59:07.105,121.6000,600
53947105258375,14:59:07.105,121.6000,399
53947792073057,14:59:07.792,121.6000,1
54011636404589,15:00:11.636,121.6200,300
54011636404589,15:00:11.636,121.6200,100
54048752017126,15:00:48.752,121.6400,100
54048752017126,15:00:48.752,121.6400,300
54166560024287,15:02:46.560,121.6200,14
54187354451736,15:03:07.354,121.6200,198
54187354469687,15:03:07.354,121.6200,2
54187354469687,15:03:07.354,121.6200,100
54187354469687,15:03:07.354,121.6200,200
54297878644192,15:04:57.878,121.6250,100
54297879510642,15:04:57.879,121.6250,300
54297880890735,15:04:57.880,121.6250,500
54390984127267,15:06:30.984,121.6200,76
54390984139640,15:06:30.984,121.6200,24
54446771376648,15:07:26.771,121.6200,22
54446772462171,15:07:26.772,121.6200,137
54446776554974,15:07:26.776,121.6200,641
54446776554974,15:07:26.776,121.6200,400
54446776554974,15:07:26.776,121.6200,100
54446776554974,15:07:26.776,121.6200,59
54446780805200,15:07:26.780,121.6200,41
54573901330010,15:09:33.901,121.6300,100
54573901330010,15:09:33.901,121.6300,200
54573901330010,15:09:33.901,121.6300,100
54756903506877,15:12:36.903,121.6400,514
54756903518349,15:12:36.903,121.6400,86
54756922835780,15:12:36.922,121.6300,300
54756922835780,15:12:36.922,121.6300,200
54756936796847,15:12:36.936,121.6300,1000
54756936796847,15:12:36.936,121.6300,300
54756936796847,15:12:36.936,121.6300,300
54756936796847,15:12:36.936,121.6300,200
54756981202547,15:12:36.981,121.6300,300
54756981202547,15:12:36.981,121.6300,100
54756981202547,15:12:36.981,121.6300,500
54756981925982,15:12:36.981,121.6300,300
54756981925982,15:12:36.981,121.6300,100
54757062551702,15:12:37.062,121.6300,300
54845660891569,15:14:05.660,121.6300,700
54856227304587,15:14:16.227,121.6200,13
54965277181069,15:16:05.277,121.6200,200
54965277181069,15:16:05.277,121.6200,200
55014534584131,15:16:54.534,121.6300,300
55058986196135,15:17:38.986,121.6400,300
55067764886072,15:17:47.764,121.6400,200
55112663498773,15:18:32.663,121.6200,109
55112670105411,15:18:32.670,121.6200,99
55112677245960,15:18:32.677,121.6200,392
55131174841605,15:18:51.174,121.6200,100
55321122172456,15:22:01.122,121.6500,1500
55721563904759,15:28:41.563,121.6600,100
55966561822839,15:32:46.561,121.6800,400
55966561822839,15:32:46.561,121.6800,300
55966561822839,15:32:46.561,121.6800,200
55966595634165,15:32:46.595,121.6800,300
55978684239468,15:32:58.684,121.6900,100
56221937075096,15:37:01.937,121.6800,158
56241420572065,15:37:21.420,121.6800,342
56241420572065,15:37:21.420,121.6800,200
56241420572065,15:37:21.420,121.6800,200
56411054028843,15:40:11.054,121.7050,200
56423241554791,15:40:23.241,121.7100,300
56423241554791,15:40:23.241,121.7100,300
56483485091900,15:41:23.485,121.7150,40
56485336623599,15:41:25.336,121.7150,16
56487157041529,15:41:27.157,121.7200,70
56487157213504,15:41:27.157,121.7200,70
56487157412424,15:41:27.157,121.7200,70
56487157592961,15:41:27.157,121.7200,70
56487355558992,15:41:27.355,121.7200,720
56589477241845,15:43:09.477,121.7300,100
56718198975189,15:45:18.198,121.7250,100
56863876964896,15:47:43.876,121.7100,200
56884838573632,15:48:04.838,121.7100,100
57034152439578,15:50:34.152,121.7050,100
57037162932868,15:50:37.162,121.7000,7
57190425644001,15:53:10.425,121.6900,400
57263702258263,15:54:23.702,121.6850,10
57299379014967,15:54:59.379,121.6800,200
57303928327837,15:55:03.928,121.6750,10
57329043796957,15:55:29.043,121.6750,10
57354024919323,15:55:54.024,121.6750,10
57427681016628,15:57:07.681,121.6800,600
57427681016628,15:57:07.681,121.6800,502
57545479789039,15:59:05.479,121.6800,98
57545479789039,15:59:05.479,121.6800,102
57546972171138,15:59:06.972,121.6800,298
57546972171138,15:59:06.972,121.6800,300
57546972171138,15:59:06.972,121.6800,2
57547767176906,15:59:07.767,121.6800,21
57547767176906,15:59:07.767,121.6800,500
57547767176906,15:59:07.767,121.6800,379
57548066039518,15:59:08.066,121.6800,800
57548562771968,15:59:08.562,121.6800,700
57549159473602,15:59:09.159,121.6800,100
57550255408273,15:59:10.255,121.6800,600
57550454044707,15:59:10.454,121.6800,200
57551648914370,15:59:11.648,121.6800,121
57551648914370,15:59:11.648,121.6800,500
57551648914370,15:59:11.648,121.6800,300
57551648914370,15:59:11.648,121.6800,79
57551650223701,15:59:11.650,121.6800,300
57554141161594,15:59:14.141,121.6800,300
57554141161594,15:59:14.141,121.6800,2600
57558416594599,15:59:18.416,121.6800,100
57558416594599,15:59:18.416,121.6800,500
57558416594599,15:59:18.416,121.6800,300
57558417394090,15:59:18.417,121.6800,600
57558422622044,15:59:18.422,121.6800,236
57558425065126,15:59:18.425,121.6800,64
57558425065126,15:59:18.425,121.6800,36
57558451641226,15:59:18.451,121.6800,200
57559316676831,15:59:19.316,121.6800,120
57559316676831,15:59:19.316,121.6800,280
57561107923319,15:59:21.107,121.6800,320
57561107923319,15:59:21.107,121.6800,80
57561704131107,15:59:21.704,121.6800,200
57562799144230,15:59:22.799,121.6800,20
57562802183329,15:59:22.802,121.6800,100
57562805526629,15:59:22.805,121.6800,80
57563886105087,15:59:23.886,121.6800,120
57563888934488,15:59:23.888,121.6800,100
57563892965135,15:59:23.892,121.6800,200
57565584270166,15:59:25.584,121.6800,200
57565586058561,15:59:25.586,121.6850,10
57565586058561,15:59:25.586,121.6800,190
57579582527848,15:59:39.582,121.6800,10
57583499621540,15:59:43.499,121.6800,100
57584592128697,15:59:44.592,121.6800,190
57584592128697,15:59:44.592,121.6800,200
57584592128697,15:59:44.592,121.6800,10
57590070110543,15:59:50.070,121.6800,42
57590359026876,15:59:50.359,121.6800,200
57595221012835,15:59:55.221,121.6800,200
57600626239574,16:00:00.626,121.6900,40138
