timestamp,time,price,volume
34200414596865,09:30:00.414,0.0000,0
34390021144328,09:33:10.021,51.0900,100
34532656954646,09:35:32.656,51.1300,1
35043050648729,09:44:03.050,50.7300,68
35071433078025,09:44:31.433,50.7400,100
35071433767713,09:44:31.433,50.7300,32
35072622486721,09:44:32.622,50.6900,100
35073134650769,09:44:33.134,50.6900,100
35080068644692,09:44:40.068,50.7900,100
35094789321720,09:44:54.789,50.8000,43
35094796254456,09:44:54.796,50.8000,98
35094796267176,09:44:54.796,50.8000,2
35094796267176,09:44:54.796,50.8000,98
35094796268746,09:44:54.796,50.8000,2
35343235756148,09:49:03.235,50.7700,91
35343240680810,09:49:03.240,50.7600,10
35343241347237,09:49:03.241,50.7600,90
35401130611463,09:50:01.130,50.7700,100
35401130611463,09:50:01.130,50.7700,57
35401130636445,09:50:01.130,50.7700,43
35401130705725,09:50:01.130,50.7700,43
35401130733460,09:50:01.130,50.7700,57
35401130767570,09:50:01.130,50.7700,100
35401131020107,09:50:01.131,50.7700,100
35401131082197,09:50:01.131,50.7700,100
35401131301706,09:50:01.131,50.7700,100
35470022597739,09:51:10.022,50.7600,100
35470022685396,09:51:10.022,50.7600,100
35470023190863,09:51:10.023,50.7600,100
35470023422930,09:51:10.023,50.7600,100
36081437295790,10:01:21.437,50.4200,100
36081437295790,10:01:21.437,50.4200,100
36081437339993,10:01:21.437,50.4200,115
36081437341579,10:01:21.437,50.4200,50
36081437375534,10:01:21.437,50.4200,35
36081437380780,10:01:21.437,50.4200,65
36081437380780,10:01:21.437,50.4200,35
36081437404333,10:01:21.437,50.4200,65
36081437404333,10:01:21.437,50.4200,14
36081437407376,10:01:21.437,50.4200,100
36081437408623,10:01:21.437,50.4200,65
36081437410514,10:01:21.437,50.4200,156
36081437410514,10:01:21.437,50.4200,44
36081437431598,10:01:21.437,50.4200,56
36081444132787,10:01:21.444,50.4300,100
36081444132787,10:01:21.444,50.4300,100
36081446268519,10:01:21.446,50.4300,100
36164440690944,10:02:44.440,50.4500,100
36168618766579,10:02:48.618,50.3900,100
36279573547952,10:04:39.573,50.3800,100
36279573547952,10:04:39.573,50.3800,100
36279573547952,10:04:39.573,50.3800,100
36279574005798,10:04:39.574,50.3700,9
36279574767119,10:04:39.574,50.3700,91
36279574767119,10:04:39.574,50.3700,1
36310005706947,10:05:10.005,50.4200,100
36310005706947,10:05:10.005,50.4200,100
36310005739187,10:05:10.005,50.4200,100
36310005748824,10:05:10.005,50.4200,64
36310005755173,10:05:10.005,50.4200,36
36310005755678,10:05:10.005,50.4200,14
36310005757224,10:05:10.005,50.4200,50
36310005906085,10:05:10.005,50.4200,36
36310006481860,10:05:10.006,50.4300,100
36312174164131,10:05:12.174,50.4500,100
36314740947520,10:05:14.740,50.4500,100
36314741857520,10:05:14.741,50.4500,100
36330006520340,10:05:30.006,50.4600,100
36531171827096,10:08:51.171,50.5000,100
36531171827096,10:08:51.171,50.5000,100
36531171827096,10:08:51.171,50.5000,100
36531171827096,10:08:51.171,50.5000,100
36531171946976,10:08:51.171,50.5000,12
36531171970640,10:08:51.171,50.5000,88
36531171970640,10:08:51.171,50.5000,100
36554495878587,10:09:14.495,50.4600,100
36554495878587,10:09:14.495,50.4600,41
36554511040394,10:09:14.511,50.4200,100
36600083807048,10:10:00.083,50.3600,10
36600095852266,10:10:00.095,50.3300,100
36600198967740,10:10:00.198,50.3600,1
36660088979681,10:11:00.088,50.3000,100
36661438915523,10:11:01.438,50.3400,11
36661438915523,10:11:01.438,50.3400,89
36761646872430,10:12:41.646,50.2300,100
36818752417504,10:13:38.752,50.2200,100
36818752417504,10:13:38.752,50.2200,100
36818752836797,10:13:38.752,50.2100,100
36896082271872,10:14:56.082,50.2300,6
36955265004655,10:15:55.265,50.2000,100
36955265004655,10:15:55.265,50.2000,100
36955265004655,10:15:55.265,50.2000,2
36955265004655,10:15:55.265,50.2000,65
36955265037956,10:15:55.265,50.2000,35
36955265046009,10:15:55.265,50.2000,35
36955265066203,10:15:55.265,50.2000,100
36955265066203,10:15:55.265,50.2000,100
36955265066203,10:15:55.265,50.2000,65
36955265066203,10:15:55.265,50.2000,37
36955265098383,10:15:55.265,50.2000,172
36955265169006,10:15:55.265,50.2000,100
36955265169006,10:15:55.265,50.2000,91
36998325036094,10:16:38.325,50.1700,100
36998325930815,10:16:38.325,50.1800,100
36998326238892,10:16:38.326,50.1800,30
37040029881654,10:17:20.029,50.1600,100
37040029881654,10:17:20.029,50.1600,100
37040029881654,10:17:20.029,50.1600,100
37040029881654,10:17:20.029,50.1600,100
37089927996943,10:18:09.927,50.1350,100
37093570305746,10:18:13.570,50.1100,100
37093570305746,10:18:13.570,50.1100,100
37162481638942,10:19:22.481,50.0700,200
37162481638942,10:19:22.481,50.0600,100
37162481638942,10:19:22.481,50.0600,100
37162481743831,10:19:22.481,50.0500,100
37162482572643,10:19:22.482,50.0400,100
37290031286082,10:21:30.031,50.0100,200
37290031286082,10:21:30.031,50.0000,1
37290031286082,10:21:30.031,50.0000,99
37290031847653,10:21:30.031,50.0000,1
37290031847653,10:21:30.031,50.0000,100
37290032936980,10:21:30.032,49.9900,100
37316969354608,10:21:56.969,49.9600,100
37398170761666,10:23:18.170,49.9600,100
37398173066276,10:23:18.173,49.9800,100
37398173066276,10:23:18.173,49.9800,18
37398173096042,10:23:18.173,49.9800,82
37398173096042,10:23:18.173,49.9800,100
37398173096042,10:23:18.173,49.9800,100
37398173096042,10:23:18.173,49.9800,100
37398173096042,10:23:18.173,49.9800,118
37398173159564,10:23:18.173,49.9800,79
37398173176243,10:23:18.173,49.9800,21
37398173176243,10:23:18.173,49.9800,79
37398173177038,10:23:18.173,49.9800,21
37398173177038,10:23:18.173,49.9800,32
37398173194788,10:23:18.173,49.9800,121
37398173214295,10:23:18.173,49.9800,100
37398173214295,10:23:18.173,49.9800,29
37398173214295,10:23:18.173,49.9800,171
37398173574117,10:23:18.173,49.9800,29
37398173926308,10:23:18.173,49.9700,30
37398173926308,10:23:18.173,49.9700,200
37398173926308,10:23:18.173,49.9600,70
37398223295932,10:23:18.223,49.9800,30
37398223295932,10:23:18.223,49.9800,100
37485795297686,10:24:45.795,49.9800,100
37502804052269,10:25:02.804,49.9500,100
37502804052269,10:25:02.804,49.9500,100
37562824734284,10:26:02.824,49.9300,100
37562833242990,10:26:02.833,49.8900,200
37562833242990,10:26:02.833,49.8800,100
37562833431861,10:26:02.833,49.8800,100
37562833431861,10:26:02.833,49.8800,100
37562835886676,10:26:02.835,49.8800,100
37594831413316,10:26:34.831,49.9000,20
37708549407399,10:28:28.549,49.9000,10
37709882479317,10:28:29.882,49.9000,100
37709882557785,10:28:29.882,49.9000,100
37709882592138,10:28:29.882,49.9000,100
37709882649611,10:28:29.882,49.9000,25
37709882845939,10:28:29.882,49.9000,75
37709882845939,10:28:29.882,49.9000,25
37709883117039,10:28:29.883,49.9000,75
37710248492396,10:28:30.248,49.9100,100
37710248492396,10:28:30.248,49.9100,100
37710248742614,10:28:30.248,49.9100,100
37710380824882,10:28:30.380,49.9200,19
37710530737774,10:28:30.530,49.9600,100
37733438869781,10:28:53.438,50.0300,70
37797573172483,10:29:57.573,50.0300,100
37961821416093,10:32:41.821,49.9900,100
37961821416093,10:32:41.821,49.9900,100
37961821416093,10:32:41.821,49.9900,100
37961824093258,10:32:41.824,49.9800,100
37961824335575,10:32:41.824,49.9800,8
37961833112218,10:32:41.833,49.9800,20
37961833112218,10:32:41.833,49.9800,20
37961833112218,10:32:41.833,49.9500,5
37961833112218,10:32:41.833,49.9500,55
37961833219213,10:32:41.833,49.9500,18
38003897568720,10:33:23.897,50.0200,100
38003897785354,10:33:23.897,50.0200,100
38003907391772,10:33:23.907,50.0200,100
38003907423596,10:33:23.907,50.0200,3
38003907427426,10:33:23.907,50.0100,51
38015466767484,10:33:35.466,50.0100,100
38015466767484,10:33:35.466,50.0100,100
38141201392941,10:35:41.201,49.9900,100
38141201472391,10:35:41.201,49.9900,14
38141201472391,10:35:41.201,49.9900,100
38141201472391,10:35:41.201,49.9900,100
38203570083417,10:36:43.570,49.9600,92
38243591128839,10:37:23.591,49.9600,100
38295309661150,10:38:15.309,49.9600,28
38295309681264,10:38:15.309,49.9600,72
38295309681264,10:38:15.309,49.9600,25
38295309698625,10:38:15.309,49.9600,67
38295309699324,10:38:15.309,49.9600,8
38295309699324,10:38:15.309,49.9600,52
38295309712213,10:38:15.309,49.9600,148
38295309712213,10:38:15.309,49.9600,100
38295309712213,10:38:15.309,49.9600,100
38295309712213,10:38:15.309,49.9600,27
38295309715690,10:38:15.309,49.9600,173
38295340091828,10:38:15.340,49.9900,100
38295340149925,10:38:15.340,50.0000,56
38295683547370,10:38:15.683,50.0000,26
38295683600285,10:38:15.683,50.0000,18
38327312447380,10:38:47.312,50.0900,100
38353128191597,10:39:13.128,50.1400,100
38353128236988,10:39:13.128,50.1600,100
38494125304773,10:41:34.125,50.1700,20
38507483803895,10:41:47.483,50.2200,100
38507483803895,10:41:47.483,50.2200,100
38507483811147,10:41:47.483,50.2200,200
38507487489898,10:41:47.487,50.2400,100
38507488020217,10:41:47.488,50.2400,29
38507489794203,10:41:47.489,50.2400,29
38507489845209,10:41:47.489,50.2400,58
38508756624075,10:41:48.756,50.2400,2
38508756685019,10:41:48.756,50.2400,11
38508835184381,10:41:48.835,50.2500,100
38520020247909,10:42:00.020,50.2700,1
38520020247909,10:42:00.020,50.2700,99
38520020336609,10:42:00.020,50.2700,1
38524947185787,10:42:04.947,50.2900,31
38524947266697,10:42:04.947,50.2900,69
38525036874569,10:42:05.036,50.3200,100
38553580089961,10:42:33.580,50.3800,100
38553582795802,10:42:33.582,50.3600,100
38553583312241,10:42:33.583,50.3500,50
38553584362048,10:42:33.584,50.3600,100
38595961477834,10:43:15.961,50.3300,9
38595961935397,10:43:15.961,50.3300,91
38595961935397,10:43:15.961,50.3300,48
38629288874397,10:43:49.288,50.3300,52
38653956861444,10:44:13.956,50.3800,100
38653956861444,10:44:13.956,50.3800,100
38653956943480,10:44:13.956,50.3900,50
38653958524214,10:44:13.958,50.4100,100
38653959132439,10:44:13.959,50.4100,40
38653963176396,10:44:13.963,50.4000,100
38653964687019,10:44:13.964,50.3800,200
38653965349049,10:44:13.965,50.3800,200
38657477734563,10:44:17.477,50.4100,40
38662540420936,10:44:22.540,50.4200,74
38669852178995,10:44:29.852,50.4600,4
38678648456833,10:44:38.648,50.4600,9
38699146374440,10:44:59.146,50.5000,100
38699146374440,10:44:59.146,50.5000,100
38699147792957,10:44:59.147,50.5100,100
38715197296317,10:45:15.197,50.5600,10
38715197378791,10:45:15.197,50.5600,90
38717798763290,10:45:17.798,50.5900,100
38717801150900,10:45:17.801,50.5700,100
38717851733064,10:45:17.851,50.5700,100
38719326812143,10:45:19.326,50.5600,100
38719329930500,10:45:19.329,50.5600,7
38762238777328,10:46:02.238,50.5800,100
38768101200224,10:46:08.101,50.5900,100
38815806328593,10:46:55.806,50.6000,100
38815806423135,10:46:55.806,50.5900,100
38849194670203,10:47:29.194,50.5800,100
38893710660813,10:48:13.710,50.6000,100
38922010268227,10:48:42.010,50.6100,27
38950304693068,10:49:10.304,50.6100,73
38950305998407,10:49:10.305,50.6300,100
38950306010415,10:49:10.306,50.6400,49
38957563296522,10:49:17.563,50.6600,100
39132581363282,10:52:12.581,50.6500,100
39132581363282,10:52:12.581,50.6500,100
39132583964998,10:52:12.583,50.6400,50
39132583970137,10:52:12.583,50.6400,50
39171253096990,10:52:51.253,50.6800,100
39171253096990,10:52:51.253,50.6800,100
39171255703048,10:52:51.255,50.6800,100
39337260209591,10:55:37.260,50.6500,38
39360626425057,10:56:00.626,50.6400,100
39360626425057,10:56:00.626,50.6400,100
39360626425057,10:56:00.626,50.6400,100
39389606166522,10:56:29.606,50.6100,100
39389606166522,10:56:29.606,50.6100,100
39389606166522,10:56:29.606,50.6100,100
39392664910528,10:56:32.664,50.5700,10
39490072244891,10:58:10.072,50.5400,100
39490072244891,10:58:10.072,50.5400,100
39490156913065,10:58:10.156,50.5300,100
39493808563256,10:58:13.808,50.5000,1716
39493808572764,10:58:13.808,50.5000,1535
39493808572764,10:58:13.808,50.5000,100
39493808572764,10:58:13.808,50.5000,100
39493808608867,10:58:13.808,50.4900,37
39493808629876,10:58:13.808,50.4900,63
39493808660844,10:58:13.808,50.4600,99
39493808687303,10:58:13.808,50.4600,1
39493808687303,10:58:13.808,50.4600,36
39493809211682,10:58:13.809,50.4600,100
39494824866023,10:58:14.824,50.4300,100
39494862512155,10:58:14.862,50.4000,50
39663484619937,11:01:03.484,50.4500,100
39663484619937,11:01:03.484,50.4500,98
39663484620696,11:01:03.484,50.4500,2
39663484620696,11:01:03.484,50.4500,48
39663484651426,11:01:03.484,50.4500,52
39663484651426,11:01:03.484,50.4500,100
39663484651426,11:01:03.484,50.4500,58
39663484653100,11:01:03.484,50.4500,35
39663484822395,11:01:03.484,50.4500,7
39663484822395,11:01:03.484,50.4500,43
39663485866555,11:01:03.485,50.4500,57
39663485866555,11:01:03.485,50.4500,43
39663495638020,11:01:03.495,50.4500,57
39663495638020,11:01:03.495,50.4500,100
39663495638020,11:01:03.495,50.4500,50
39663500755387,11:01:03.500,50.4500,100
39663503308024,11:01:03.503,50.4500,100
39663503659239,11:01:03.503,50.4500,100
39663511355411,11:01:03.511,50.4500,50
39663853562349,11:01:03.853,50.4800,100
39663853949691,11:01:03.853,50.4900,4
39663853987566,11:01:03.853,50.4900,96
39663853987566,11:01:03.853,50.4900,100
39663853987566,11:01:03.853,50.4900,100
39663854011811,11:01:03.854,50.4900,100
39664030453004,11:01:04.030,50.4800,100
39664030453004,11:01:04.030,50.4800,87
39664030453004,11:01:04.030,50.4800,13
39795318855341,11:03:15.318,50.5100,100
39795318855341,11:03:15.318,50.5100,100
39795318911350,11:03:15.318,50.5000,37
39795318923116,11:03:15.318,50.5000,63
39795319547597,11:03:15.319,50.5000,25
39795319655045,11:03:15.319,50.5000,50
39795407841133,11:03:15.407,50.4800,100
39795777961080,11:03:15.777,50.4800,100
39795778041181,11:03:15.778,50.4800,100
39890082417042,11:04:50.082,50.4500,100
39890082417042,11:04:50.082,50.4500,100
39890082417042,11:04:50.082,50.4500,100
39930223105009,11:05:30.223,50.4100,100
39930223105009,11:05:30.223,50.4100,100
39930223105009,11:05:30.223,50.4100,100
39980079553672,11:06:20.079,50.3600,100
39980079553672,11:06:20.079,50.3600,1
39993323013098,11:06:33.323,50.4100,100
39993323013098,11:06:33.323,50.4100,100
39993323013098,11:06:33.323,50.4100,18
39993323323145,11:06:33.323,50.4100,100
39993323341871,11:06:33.323,50.4100,100
39993323403446,11:06:33.323,50.4100,56
39993323428856,11:06:33.323,50.4100,2
39993389471929,11:06:33.389,50.4100,42
39993389471929,11:06:33.389,50.4100,100
40096056928478,11:08:16.056,50.3700,1
40096056928478,11:08:16.056,50.3700,100
40096056928478,11:08:16.056,50.3700,37
40096056962159,11:08:16.056,50.3700,63
40096057026643,11:08:16.057,50.3600,2
40096057038871,11:08:16.057,50.3600,25
40096057455704,11:08:16.057,50.3600,62
40096057681715,11:08:16.057,50.3600,11
40096057681715,11:08:16.057,50.3600,1
40207275103885,11:10:07.275,50.3400,5
40207275103885,11:10:07.275,50.3200,100
40207275103885,11:10:07.275,50.3200,2
40207275103885,11:10:07.275,50.3200,100
40207275103885,11:10:07.275,50.3200,100
40208574575837,11:10:08.574,50.2700,100
40208574575837,11:10:08.574,50.2700,100
40208574575837,11:10:08.574,50.2700,100
40208574575837,11:10:08.574,50.2700,100
40230911552989,11:10:30.911,50.2500,90
40289609375099,11:11:29.609,50.3000,100
40289609375099,11:11:29.609,50.3000,78
40289609413226,11:11:29.609,50.3000,22
40289609413226,11:11:29.609,50.3000,27
40289609416906,11:11:29.609,50.3000,50
40289609458525,11:11:29.609,50.3000,23
40289609458525,11:11:29.609,50.3000,100
40289609458525,11:11:29.609,50.3000,68
40289609488269,11:11:29.609,50.3000,32
40289609554075,11:11:29.609,50.3000,100
40289609554721,11:11:29.609,50.3000,100
40289609877877,11:11:29.609,50.3000,100
40289610568369,11:11:29.610,50.3000,100
40319412330989,11:11:59.412,50.3000,50
40319412336303,11:11:59.412,50.3000,42
40319412336303,11:11:59.412,50.3100,8
40319412547134,11:11:59.412,50.3100,50
40319412832261,11:11:59.412,50.3100,42
40319412832261,11:11:59.412,50.3100,59
40319413626346,11:11:59.413,50.3100,41
40319413626346,11:11:59.413,50.3100,59
40319450491755,11:11:59.450,50.3100,41
40338120874839,11:12:18.120,50.3200,91
40338120914885,11:12:18.120,50.3200,9
40338121014409,11:12:18.121,50.3100,30
40338121186936,11:12:18.121,50.3200,30
40338122624389,11:12:18.122,50.3100,20
40500069825018,11:15:00.069,50.3200,1
40500069825018,11:15:00.069,50.3200,100
40500069825018,11:15:00.069,50.3200,3
40500070737949,11:15:00.070,50.3000,1
40500070737949,11:15:00.070,50.3000,100
40500070737949,11:15:00.070,50.3000,100
40500126841853,11:15:00.126,50.3000,28
40500126841853,11:15:00.126,50.3000,2
40500131612791,11:15:00.131,50.3000,100
40515213970701,11:15:15.213,50.3100,100
40515213999864,11:15:15.213,50.3100,100
40515213999864,11:15:15.213,50.3100,100
40550830206758,11:15:50.830,50.2900,100
40550830206758,11:15:50.830,50.2900,54
40550830237599,11:15:50.830,50.2900,46
40550832284757,11:15:50.832,50.2800,90
40550832284757,11:15:50.832,50.2800,1
40550843734930,11:15:50.843,50.3000,85
40596315186577,11:16:36.315,50.2800,9
40596315186577,11:16:36.315,50.2700,100
40596315186577,11:16:36.315,50.2700,1
40596315186577,11:16:36.315,50.2700,5
40662157455475,11:17:42.157,50.2700,100
40699566826886,11:18:19.566,50.2600,100
40699566826886,11:18:19.566,50.2600,2
40699566826886,11:18:19.566,50.2600,1
40699566826886,11:18:19.566,50.2600,97
40699567265547,11:18:19.567,50.2600,3
40699567282195,11:18:19.567,50.2700,100
40699567325730,11:18:19.567,50.2600,10
40701686776873,11:18:21.686,50.2700,100
40701693932122,11:18:21.693,50.2800,1
40701693932122,11:18:21.693,50.2800,100
40702368114799,11:18:22.368,50.2800,10
40702368114799,11:18:22.368,50.2800,70
40709518790616,11:18:29.518,50.2800,330
40711193125015,11:18:31.193,50.2900,100
40711210713973,11:18:31.210,50.3000,100
40765101414576,11:19:25.101,50.3500,100
40986471408377,11:23:06.471,50.4100,100
41090085815056,11:24:50.085,50.3600,1
41090085815056,11:24:50.085,50.3600,99
41090086641618,11:24:50.086,50.3600,1
41090087822454,11:24:50.087,50.3500,100
41090087822454,11:24:50.087,50.3500,100
41090087977298,11:24:50.087,50.3500,100
41149809927286,11:25:49.809,50.3900,100
41149810271886,11:25:49.810,50.3900,100
41149810271886,11:25:49.810,50.3900,100
41154712559676,11:25:54.712,50.3900,100
41226268129481,11:27:06.268,50.4200,100
41236358167467,11:27:16.358,50.4200,100
41236358692383,11:27:16.358,50.4200,100
41236358913892,11:27:16.358,50.4300,100
41236358913892,11:27:16.358,50.4300,100
41236363342184,11:27:16.363,50.4300,100
41236373792027,11:27:16.373,50.4200,5
41349983275712,11:29:09.983,50.4700,40
41490124997331,11:31:30.124,50.4700,200
41490125445650,11:31:30.125,50.4600,62
41490125449281,11:31:30.125,50.4600,38
41490125449281,11:31:30.125,50.4600,12
41490125463241,11:31:30.125,50.4600,50
41490126780680,11:31:30.126,50.4600,38
41490126780680,11:31:30.126,50.4600,1
41490126780680,11:31:30.126,50.4600,100
41490126780680,11:31:30.126,50.4600,61
41490126819294,11:31:30.126,50.4600,39
41490126819294,11:31:30.126,50.4600,11
41490126820076,11:31:30.126,50.4600,41
41490126831497,11:31:30.126,50.4600,48
41490126831497,11:31:30.126,50.4600,100
41490126831497,11:31:30.126,50.4600,52
41490126851099,11:31:30.126,50.4600,48
41490126851099,11:31:30.126,50.4600,100
41490126851099,11:31:30.126,50.4600,5
41490126851099,11:31:30.126,50.4600,100
41490126851099,11:31:30.126,50.4600,100
41490127077803,11:31:30.127,50.4500,41
41490127104655,11:31:30.127,50.4500,59
41490132004794,11:31:30.132,50.4400,100
41490165278408,11:31:30.165,50.4200,100
41490165278408,11:31:30.165,50.4200,100
41490165278408,11:31:30.165,50.4200,100
41490165278408,11:31:30.165,50.4200,100
41514877030913,11:31:54.877,50.4200,100
41514877030913,11:31:54.877,50.4200,100
41514877144545,11:31:54.877,50.4200,100
41537999255294,11:32:17.999,50.3900,100
41610781878022,11:33:30.781,50.4300,100
41610781878022,11:33:30.781,50.4300,41
41610781913408,11:33:30.781,50.4300,59
41610781928540,11:33:30.781,50.4300,41
41610781942518,11:33:30.781,50.4300,100
41610781959120,11:33:30.781,50.4300,59
41610782438415,11:33:30.782,50.4300,41
41610782438415,11:33:30.782,50.4300,59
41610782438415,11:33:30.782,50.4300,31
41742007345217,11:35:42.007,50.4200,1
41743526162290,11:35:43.526,50.4000,88
41743526190482,11:35:43.526,50.4000,12
41743526190482,11:35:43.526,50.4000,1
41743526190482,11:35:43.526,50.4000,40
41743526190482,11:35:43.526,50.4000,3
41743527152515,11:35:43.527,50.3900,100
41743527152515,11:35:43.527,50.3900,1
41747726053977,11:35:47.726,50.3850,30
41747726236370,11:35:47.726,50.3850,30
41747726371332,11:35:47.726,50.3850,30
41747726371332,11:35:47.726,50.3900,30
41748105561370,11:35:48.105,50.3950,100
41769063605648,11:36:09.063,50.4400,100
42021451624653,11:40:21.451,50.4500,5
42021451656803,11:40:21.451,50.4400,100
42021451656803,11:40:21.451,50.4400,100
42021451656803,11:40:21.451,50.4400,100
42021451656803,11:40:21.451,50.4400,1
42021451656803,11:40:21.451,50.4400,2
42021452143818,11:40:21.452,50.4400,100
42097431935384,11:41:37.431,50.4700,100
42097530965059,11:41:37.530,50.4400,2
42101006476340,11:41:41.006,50.4300,80
42153054082753,11:42:33.054,50.4600,50
42153054082753,11:42:33.054,50.4600,100
42153054096142,11:42:33.054,50.4600,100
42153054096711,11:42:33.054,50.4600,50
42153055131835,11:42:33.055,50.4600,50
42167693903545,11:42:47.693,50.4800,100
42309887008933,11:45:09.887,50.5000,100
42399944659182,11:46:39.944,50.5200,100
42444666916586,11:47:24.666,50.5100,5
42495009481612,11:48:15.009,50.5000,3
42495009481612,11:48:15.009,50.5000,100
42495009481612,11:48:15.009,50.5000,100
42495009481612,11:48:15.009,50.5000,1
42495009481612,11:48:15.009,50.5000,96
42495009515170,11:48:15.009,50.5000,4
42495009515170,11:48:15.009,50.5000,100
42495009524020,11:48:15.009,50.5000,104
42495014062294,11:48:15.014,50.5000,96
42495015374177,11:48:15.015,50.4900,100
42495015374177,11:48:15.015,50.4900,100
42495015374177,11:48:15.015,50.4900,99
42495256395630,11:48:15.256,50.5000,2
42544092892769,11:49:04.092,50.5000,2
42544093908163,11:49:04.093,50.5000,100
42598217256708,11:49:58.217,50.5000,100
42598217398036,11:49:58.217,50.5100,100
42598218012787,11:49:58.218,50.5200,100
42603561487634,11:50:03.561,50.4900,1
42603561487634,11:50:03.561,50.4900,100
42603561487634,11:50:03.561,50.4900,100
42603561502675,11:50:03.561,50.4900,5
42603562469408,11:50:03.562,50.4800,100
42607560641053,11:50:07.560,50.4800,40
42611694850919,11:50:11.694,50.4900,20
42611694850919,11:50:11.694,50.4900,45
42611714702777,11:50:11.714,50.4900,55
42691573245158,11:51:31.573,50.4900,100
42691573279619,11:51:31.573,50.4900,1
42691574198253,11:51:31.574,50.4900,40
42754223915011,11:52:34.223,50.4900,5
42789457711004,11:53:09.457,50.4900,100
42789457711004,11:53:09.457,50.4900,100
42836474328677,11:53:56.474,50.5100,100
42836520185529,11:53:56.520,50.5200,100
42836520185529,11:53:56.520,50.5200,100
42856328948186,11:54:16.328,50.5400,100
42856329000693,11:54:16.329,50.5500,100
42856330407223,11:54:16.330,50.5600,100
42950483702024,11:55:50.483,50.6300,100
42958002520797,11:55:58.002,50.6300,100
42960379127649,11:56:00.379,50.6300,100
43079259650015,11:57:59.259,50.7000,100
43323946642567,12:02:03.946,50.7000,100
43323946642567,12:02:03.946,50.7000,100
43323946642567,12:02:03.946,50.7000,100
43323946642567,12:02:03.946,50.7000,100
43323946642567,12:02:03.946,50.7000,86
43323946681910,12:02:03.946,50.7000,14
43323946681910,12:02:03.946,50.7000,10
43323948317754,12:02:03.948,50.6900,100
43334582823490,12:02:14.582,50.7000,55
43337793885735,12:02:17.793,50.7000,45
43338780470541,12:02:18.780,50.7100,100
43338783578427,12:02:18.783,50.7100,20
43686434020503,12:08:06.434,50.7300,100
43686434020503,12:08:06.434,50.7300,100
43686434101718,12:08:06.434,50.7300,100
43686434101718,12:08:06.434,50.7300,2
43686434101718,12:08:06.434,50.7300,100
43686434101718,12:08:06.434,50.7300,4
43686434101718,12:08:06.434,50.7300,100
43686434101718,12:08:06.434,50.7300,100
43686434594475,12:08:06.434,50.7200,3
43686434594475,12:08:06.434,50.7200,72
43686434596351,12:08:06.434,50.7200,20
43686434753848,12:08:06.434,50.7200,8
43686434753848,12:08:06.434,50.7200,22
43686434934401,12:08:06.434,50.7200,78
43686434934401,12:08:06.434,50.7200,22
43686434967807,12:08:06.434,50.7200,50
43686434969807,12:08:06.434,50.7200,28
43686434969807,12:08:06.434,50.7200,100
43686436143340,12:08:06.436,50.7100,100
43686436143340,12:08:06.436,50.7100,71
43686436202334,12:08:06.436,50.7100,29
43686436202334,12:08:06.436,50.7100,100
43686436202334,12:08:06.436,50.7100,42
43805726962577,12:10:05.726,50.7400,100
43805726962577,12:10:05.726,50.7400,50
43805726964452,12:10:05.726,50.7400,50
43805726981674,12:10:05.726,50.7400,15
43805726981674,12:10:05.726,50.7400,100
43805726981674,12:10:05.726,50.7400,85
43805726994967,12:10:05.726,50.7400,15
43805726994967,12:10:05.726,50.7400,200
43805727018709,12:10:05.727,50.7400,100
43805727082618,12:10:05.727,50.7400,100
43806339128537,12:10:06.339,50.7500,100
43860433693838,12:11:00.433,50.7500,100
43860433693838,12:11:00.433,50.7500,100
43860433693838,12:11:00.433,50.7500,100
43860433693838,12:11:00.433,50.7500,100
43867006844448,12:11:07.006,50.7500,80
43867007165027,12:11:07.007,50.7500,20
43867007165027,12:11:07.007,50.7500,100
43867007165027,12:11:07.007,50.7500,80
43867007221230,12:11:07.007,50.7500,20
43901264873509,12:11:41.264,50.7800,100
43958560572519,12:12:38.560,50.7500,200
43958560572519,12:12:38.560,50.7500,1
43958561072214,12:12:38.561,50.7400,34
43958561293885,12:12:38.561,50.7400,66
43958561692719,12:12:38.561,50.7400,40
43958561721497,12:12:38.561,50.7300,100
43958561721497,12:12:38.561,50.7300,100
43958561721497,12:12:38.561,50.7300,100
43958561721497,12:12:38.561,50.7300,100
43958562240875,12:12:38.562,50.7300,28
43958577435501,12:12:38.577,50.7300,100
43958577435501,12:12:38.577,50.7300,100
43958577673444,12:12:38.577,50.7200,100
43958577673444,12:12:38.577,50.7200,100
43958578261958,12:12:38.578,50.7100,100
43958578557150,12:12:38.578,50.7100,100
44018638611290,12:13:38.638,50.7100,100
44018638611290,12:13:38.638,50.7100,1
44018638611290,12:13:38.638,50.7100,5
44018638700352,12:13:38.638,50.7100,95
44018638790760,12:13:38.638,50.7100,100
44018639888984,12:13:38.639,50.7000,100
44018639911157,12:13:38.639,50.7000,100
44018640419367,12:13:38.640,50.7000,30
44018640432969,12:13:38.640,50.7000,70
44020118021436,12:13:40.118,50.6500,100
44020118021436,12:13:40.118,50.6500,100
44080121653734,12:14:40.121,50.6400,100
44080121653734,12:14:40.121,50.6400,100
44080121653734,12:14:40.121,50.6400,1
44080121653734,12:14:40.121,50.6400,99
44080121696380,12:14:40.121,50.6400,1
44286314339743,12:18:06.314,50.5900,2
44286314339743,12:18:06.314,50.5900,1
44286314339743,12:18:06.314,50.5900,1
44286314339743,12:18:06.314,50.5900,100
44286314339743,12:18:06.314,50.5900,96
44286314374052,12:18:06.314,50.5900,4
44286315398848,12:18:06.315,50.5800,100
44286315398848,12:18:06.315,50.5800,1
44331278229071,12:18:51.278,50.5900,100
44331278229071,12:18:51.278,50.5900,100
44331278256814,12:18:51.278,50.5900,24
44331278407180,12:18:51.278,50.5900,76
44331278407180,12:18:51.278,50.5900,15
44331278458642,12:18:51.278,50.5900,85
44331278590148,12:18:51.278,50.5900,100
44331279340204,12:18:51.279,50.5900,70
44336315197827,12:18:56.315,50.5900,100
44369683090357,12:19:29.683,50.6300,10
44369683091668,12:19:29.683,50.6300,50
44369683093153,12:19:29.683,50.6300,20
44369683451349,12:19:29.683,50.6300,20
44369685095580,12:19:29.685,50.6400,100
44369685156019,12:19:29.685,50.6400,100
44369685225804,12:19:29.685,50.6500,1
44369685249993,12:19:29.685,50.6500,36
44369685274328,12:19:29.685,50.6500,63
44369685274328,12:19:29.685,50.6500,1
44369685274328,12:19:29.685,50.6500,36
44369685281963,12:19:29.685,50.6500,64
44370138791975,12:19:30.138,50.6500,100
44370138865626,12:19:30.138,50.6500,1
44370138891434,12:19:30.138,50.6500,99
44370138923822,12:19:30.138,50.6600,1
44370160178694,12:19:30.160,50.6700,1
44370160211247,12:19:30.160,50.6800,1
44467501810492,12:21:07.501,50.6800,100
44479619122216,12:21:19.619,50.6900,1
44479619122216,12:21:19.619,50.6900,100
44498263859842,12:21:38.263,50.7000,100
44498264430249,12:21:38.264,50.7000,28
44498892450150,12:21:38.892,50.7100,1
44498892450150,12:21:38.892,50.7100,100
44498895992314,12:21:38.895,50.7200,1
44498895992314,12:21:38.895,50.7200,1
44647245998253,12:24:07.245,50.7300,2
44740140223729,12:25:40.140,50.7000,100
44740140223729,12:25:40.140,50.7000,1
44740140511264,12:25:40.140,50.6900,35
44740141580500,12:25:40.141,50.6900,65
44740141580500,12:25:40.141,50.6900,33
44920035644894,12:28:40.035,50.6900,100
44920035644894,12:28:40.035,50.6900,100
44920035644894,12:28:40.035,50.6900,1
44920035646114,12:28:40.035,50.6900,100
44920036441718,12:28:40.036,50.6800,1
44920037685070,12:28:40.037,50.6700,100
44920040649588,12:28:40.040,50.6550,100
44920042270126,12:28:40.042,50.6500,100
44920728286970,12:28:40.728,50.6500,1
44920728342022,12:28:40.728,50.6450,100
44921904873563,12:28:41.904,50.6300,100
44966465633315,12:29:26.465,50.6500,30
44972258062402,12:29:32.258,50.6600,100
44972258174280,12:29:32.258,50.6600,100
44972258178139,12:29:32.258,50.6600,100
44972258514487,12:29:32.258,50.6700,100
44972258514487,12:29:32.258,50.6700,100
44972259786294,12:29:32.259,50.6700,100
44980608877275,12:29:40.608,50.6800,1
45092023683578,12:31:32.023,50.6800,100
45092024795007,12:31:32.024,50.7000,1
45093424948763,12:31:33.424,50.7050,100
45093425273453,12:31:33.425,50.7100,100
45094455938393,12:31:34.455,50.7200,100
45099424907284,12:31:39.424,50.7300,1
45099424907284,12:31:39.424,50.7300,1
45150665028048,12:32:30.665,50.7200,12
45150665028048,12:32:30.665,50.7200,1
45150665070980,12:32:30.665,50.7100,22
45150665093669,12:32:30.665,50.7100,50
45150665597082,12:32:30.665,50.7100,28
45150665597082,12:32:30.665,50.7100,100
45150665597082,12:32:30.665,50.7100,100
45150665779712,12:32:30.665,50.7000,78
45150665781582,12:32:30.665,50.7000,22
45280144059017,12:34:40.144,50.6900,100
45280144059017,12:34:40.144,50.6900,100
45280144059017,12:34:40.144,50.6800,100
45280144059017,12:34:40.144,50.6800,100
45280150482518,12:34:40.150,50.6800,100
45280150482518,12:34:40.150,50.6800,100
45280150513682,12:34:40.150,50.6800,2
45395807607311,12:36:35.807,50.6600,100
45395807607311,12:36:35.807,50.6600,100
45395807607311,12:36:35.807,50.6600,100
45395807607311,12:36:35.807,50.6600,100
45395807607311,12:36:35.807,50.6600,1
45395808423363,12:36:35.808,50.6600,100
45396183459787,12:36:36.183,50.6200,100
45396186903591,12:36:36.186,50.6200,100
45439028606772,12:37:19.028,50.6200,100
45439028606772,12:37:19.028,50.6200,100
45439030381140,12:37:19.030,50.6300,100
45439033023270,12:37:19.033,50.6600,100
45439033516668,12:37:19.033,50.6600,40
45439425408729,12:37:19.425,50.6700,1
45439425891707,12:37:19.425,50.6800,1
45439425891707,12:37:19.425,50.6800,100
45530734068150,12:38:50.734,50.6900,1
45710915127704,12:41:50.915,50.6600,100
45710915127704,12:41:50.915,50.6600,48
45710915130473,12:41:50.915,50.6600,50
45710915165887,12:41:50.915,50.6600,2
45710915165887,12:41:50.915,50.6600,100
45710915165887,12:41:50.915,50.6600,100
45710915165887,12:41:50.915,50.6600,100
45710915165887,12:41:50.915,50.6600,1
45710915165887,12:41:50.915,50.6600,50
45710915873868,12:41:50.915,50.6600,50
45711016337652,12:41:51.016,50.6600,100
45784971110833,12:43:04.971,50.6700,100
45784971110833,12:43:04.971,50.6700,100
45784971110833,12:43:04.971,50.6700,63
45784971137574,12:43:04.971,50.6700,37
45784971137574,12:43:04.971,50.6700,52
45784971144669,12:43:04.971,50.6700,48
45784971144669,12:43:04.971,50.6700,89
45784971152909,12:43:04.971,50.6700,11
45784971152909,12:43:04.971,50.6700,100
45784971152909,12:43:04.971,50.6700,26
45784971233063,12:43:04.971,50.6700,74
45786425373403,12:43:06.425,50.7000,1
45843964718727,12:44:03.964,50.6900,100
45843964718727,12:44:03.964,50.6900,100
45843976195659,12:44:03.976,50.6800,37
45843976202875,12:44:03.976,50.6800,50
45843976203335,12:44:03.976,50.6800,13
45843976203335,12:44:03.976,50.6800,37
45843989398775,12:44:03.989,50.6800,63
45843989398775,12:44:03.989,50.6800,5
45843989398775,12:44:03.989,50.6800,107
45844081207052,12:44:04.081,50.6800,100
45967629602691,12:46:07.629,50.6700,100
45967629602691,12:46:07.629,50.6700,100
45967630104373,12:46:07.630,50.6700,100
45967630111574,12:46:07.630,50.6700,100
46019144666432,12:46:59.144,50.6700,100
46261292756375,12:51:01.292,50.6800,100
46261292780342,12:51:01.292,50.6800,5
46261292814164,12:51:01.292,50.6800,95
46261292814164,12:51:01.292,50.6800,100
46261292814164,12:51:01.292,50.6800,100
46261292814164,12:51:01.292,50.6800,5
46261292848909,12:51:01.292,50.6800,95
46261292848909,12:51:01.292,50.6800,12
46261292858300,12:51:01.292,50.6800,95
46261292873122,12:51:01.292,50.6800,5
46269761185247,12:51:09.761,50.6900,100
46269761734523,12:51:09.761,50.6900,100
46270575492739,12:51:10.575,50.6800,100
46270575492739,12:51:10.575,50.6800,1
46270575492739,12:51:10.575,50.6800,22
46278782504784,12:51:18.782,50.6700,5
46278782504784,12:51:18.782,50.6700,100
46281208964775,12:51:21.208,50.6500,100
46281208964775,12:51:21.208,50.6500,100
46281208964775,12:51:21.208,50.6500,66
46281208998914,12:51:21.208,50.6500,34
46281208998914,12:51:21.208,50.6500,100
46281208998914,12:51:21.208,50.6500,100
46281209040458,12:51:21.209,50.6500,100
46281209040458,12:51:21.209,50.6500,100
46281209040458,12:51:21.209,50.6500,34
46281210442773,12:51:21.210,50.6500,100
46281224202077,12:51:21.224,50.6600,100
46450116827557,12:54:10.116,50.6600,1
46500118150296,12:55:00.118,50.6600,100
46516433100236,12:55:16.433,50.6500,66
46516433100236,12:55:16.433,50.6500,100
46516433100236,12:55:16.433,50.6500,100
46516433100236,12:55:16.433,50.6500,2
46737896333612,12:58:57.896,50.6400,100
46737896333612,12:58:57.896,50.6400,100
46737896333612,12:58:57.896,50.6400,1
46737896333612,12:58:57.896,50.6400,1
46737896333612,12:58:57.896,50.6400,5
46737896333612,12:58:57.896,50.6400,93
46737896370567,12:58:57.896,50.6400,7
46737896946208,12:58:57.896,50.6400,100
46738564556552,12:58:58.564,50.6500,29
46738564606633,12:58:58.564,50.6500,71
46738564609478,12:58:58.564,50.6500,100
46738564857102,12:58:58.564,50.6500,100
46739396024545,12:58:59.396,50.6700,100
46739396024545,12:58:59.396,50.6700,100
46739396153064,12:58:59.396,50.6700,50
46739396195821,12:58:59.396,50.6700,50
46739397529611,12:58:59.397,50.6900,2
46740223770586,12:59:00.223,50.7000,1
46740223770586,12:59:00.223,50.7000,99
46740224242319,12:59:00.224,50.7000,1
46740224242319,12:59:00.224,50.7000,100
46940135524024,13:02:20.135,50.6700,100
46940135524024,13:02:20.135,50.6700,1
46940135524024,13:02:20.135,50.6700,100
46940135524024,13:02:20.135,50.6700,99
46940135642408,13:02:20.135,50.6700,1
47081664716148,13:04:41.664,50.6700,100
47081740029234,13:04:41.740,50.6900,100
47082224012614,13:04:42.224,50.7100,100
47082224012614,13:04:42.224,50.7100,1
47082224012614,13:04:42.224,50.7100,99
47348304598901,13:09:08.304,50.6800,100
47348304598901,13:09:08.304,50.6800,100
47348304598901,13:09:08.304,50.6800,1
47348304598901,13:09:08.304,50.6800,1
47348304598901,13:09:08.304,50.6800,100
47348304598901,13:09:08.304,50.6800,3
47348304598901,13:09:08.304,50.6800,5
47369806793440,13:09:29.806,50.6700,100
47505242836638,13:11:45.242,50.6700,100
47514814273619,13:11:54.814,50.6600,3
47514814273619,13:11:54.814,50.6600,100
47514814273619,13:11:54.814,50.6600,1
47514814273619,13:11:54.814,50.6600,100
47514814273619,13:11:54.814,50.6600,38
47514814307231,13:11:54.814,50.6600,62
47514814307231,13:11:54.814,50.6600,1
47514814816813,13:11:54.814,50.6500,2
47514814824672,13:11:54.814,50.6500,36
47514814851320,13:11:54.814,50.6500,62
47514814851320,13:11:54.814,50.6500,38
47514814917883,13:11:54.814,50.6500,62
47514814917883,13:11:54.814,50.6500,2
47514815037938,13:11:54.815,50.6500,100
47514815037938,13:11:54.815,50.6500,100
47514817070872,13:11:54.817,50.6300,78
47514817115772,13:11:54.817,50.6300,22
47515209433544,13:11:55.209,50.6100,11
47515209514914,13:11:55.209,50.6100,11
47515209559088,13:11:55.209,50.6100,78
47515226726330,13:11:55.226,50.6100,100
47584190063451,13:13:04.190,50.6700,2
47584190063451,13:13:04.190,50.6700,100
47587192643726,13:13:07.192,50.6800,100
47840145704189,13:17:20.145,50.6800,100
47840145704189,13:17:20.145,50.6800,100
47840146152406,13:17:20.146,50.6800,100
47840146152406,13:17:20.146,50.6800,100
47840146152406,13:17:20.146,50.6800,100
47840146298336,13:17:20.146,50.6700,5
47968230956278,13:19:28.230,50.6600,100
48007482572281,13:20:07.482,50.6600,100
48008477683968,13:20:08.477,50.6500,100
48008477683968,13:20:08.477,50.6500,100
48104351949636,13:21:44.351,50.6800,100
48104351949636,13:21:44.351,50.6800,100
48104351949636,13:21:44.351,50.6800,24
48104351988859,13:21:44.351,50.6800,76
48104351991549,13:21:44.351,50.6800,76
48104352113589,13:21:44.352,50.6800,24
48104353281988,13:21:44.353,50.6900,100
48104353321403,13:21:44.353,50.6900,2
48180513564760,13:23:00.513,50.6700,2
48180513564760,13:23:00.513,50.6700,100
48180513564760,13:23:00.513,50.6700,100
48180513564760,13:23:00.513,50.6700,100
48180513564760,13:23:00.513,50.6700,3
48180518649986,13:23:00.518,50.6700,25
48180520762376,13:23:00.520,50.6700,4
48181051464976,13:23:01.051,50.6700,1
48228036128335,13:23:48.036,50.6600,100
48228036139060,13:23:48.036,50.6600,1
48228036139060,13:23:48.036,50.6600,1
48243332480750,13:24:03.332,50.6400,1
48550143188047,13:29:10.143,50.6000,2
48550143188047,13:29:10.143,50.6000,100
48550143188047,13:29:10.143,50.6000,98
48550143253341,13:29:10.143,50.6000,2
48550143253341,13:29:10.143,50.6000,1
48550143253341,13:29:10.143,50.6000,1
48550143833736,13:29:10.143,50.6000,100
48623168751580,13:30:23.168,50.6100,41
48623168751580,13:30:23.168,50.6200,59
48623168783687,13:30:23.168,50.6200,41
48623656165362,13:30:23.656,50.6300,100
48623656165362,13:30:23.656,50.6300,1
48760163633825,13:32:40.163,50.6000,1
48760163984718,13:32:40.163,50.6000,99
48760163984718,13:32:40.163,50.6000,100
48760163984718,13:32:40.163,50.6000,100
48760163984718,13:32:40.163,50.6000,3
48760163984718,13:32:40.163,50.6000,41
48784335402439,13:33:04.335,50.5900,1
48784335483563,13:33:04.335,50.5900,99
48784335483563,13:33:04.335,50.5900,100
48784335881965,13:33:04.335,50.5900,100
48784340707805,13:33:04.340,50.5800,100
48784340813074,13:33:04.340,50.5800,100
48784341630258,13:33:04.341,50.5700,100
48789345380402,13:33:09.345,50.5500,100
48789345380402,13:33:09.345,50.5500,100
48789345380402,13:33:09.345,50.5500,100
48789351177936,13:33:09.351,50.5400,100
48804760318872,13:33:24.760,50.5100,100
48831864520943,13:33:51.864,50.5100,5
48831864520943,13:33:51.864,50.5000,14
48831864551821,13:33:51.864,50.5000,86
48831865476403,13:33:51.865,50.4600,5
48832075120489,13:33:52.075,50.5000,100
48914260772919,13:35:14.260,50.4700,100
48914260772919,13:35:14.260,50.4700,100
48914265275907,13:35:14.265,50.4600,100
49020163418301,13:37:00.163,50.4300,100
49020163418301,13:37:00.163,50.4300,100
49113426454162,13:38:33.426,50.4500,100
49113426454162,13:38:33.426,50.4500,100
49113426454162,13:38:33.426,50.4500,100
49113426561761,13:38:33.426,50.4500,100
49113719251627,13:38:33.719,50.4600,100
49114244709729,13:38:34.244,50.4800,100
49114245741549,13:38:34.245,50.4800,100
49114245782063,13:38:34.245,50.4900,100
49114245784624,13:38:34.245,50.4900,100
49115578792565,13:38:35.578,50.4900,100
49279563482354,13:41:19.563,50.5000,2
49279563482354,13:41:19.563,50.5000,200
49279563482354,13:41:19.563,50.5000,100
49279563721563,13:41:19.563,50.5000,100
49279771481523,13:41:19.771,50.5200,1
49279771481523,13:41:19.771,50.5200,1
49279771481523,13:41:19.771,50.5200,100
49279772119929,13:41:19.772,50.5200,100
49280877601806,13:41:20.877,50.5200,100
49280877601806,13:41:20.877,50.5200,25
49280877601806,13:41:20.877,50.5200,100
49280878443287,13:41:20.878,50.5300,2
49365562757457,13:42:45.562,50.5300,1
49365562757457,13:42:45.562,50.5300,100
49365562757457,13:42:45.562,50.5300,39
49365562784500,13:42:45.562,50.5300,61
49365562784500,13:42:45.562,50.5300,1
49365562784500,13:42:45.562,50.5300,100
49365563142903,13:42:45.563,50.5200,25
49365563212580,13:42:45.563,50.5200,12
49365563213246,13:42:45.563,50.5200,13
49365563259300,13:42:45.563,50.5200,37
49365563458998,13:42:45.563,50.5200,13
49380270368175,13:43:00.270,50.5400,2
49495986563390,13:44:55.986,50.5100,100
49495987176996,13:44:55.987,50.5100,1
49495987176996,13:44:55.987,50.5100,2
49495987176996,13:44:55.987,50.5100,1
49496037746545,13:44:56.037,50.5000,100
49496037847025,13:44:56.037,50.5000,100
49496037876662,13:44:56.037,50.5000,100
49496037876662,13:44:56.037,50.5000,2
49496038531013,13:44:56.038,50.4900,13
49496039848236,13:44:56.039,50.4900,87
49496039900976,13:44:56.039,50.4800,8
49499046545845,13:44:59.046,50.4800,1
49499046545845,13:44:59.046,50.4800,100
49545147586617,13:45:45.147,50.4900,100
49545147586617,13:45:45.147,50.4900,100
49545147612584,13:45:45.147,50.4900,100
49545147751760,13:45:45.147,50.4900,100
49636805561421,13:47:16.805,50.4600,100
49636805561421,13:47:16.805,50.4600,100
49636805561421,13:47:16.805,50.4600,1
49636805561421,13:47:16.805,50.4600,100
49636805594545,13:47:16.805,50.4500,1
49636806357635,13:47:16.806,50.4400,46
49636806358220,13:47:16.806,50.4400,50
49636806368970,13:47:16.806,50.4400,4
49636809225311,13:47:16.809,50.4300,100
49692222155409,13:48:12.222,50.4200,100
49692222155409,13:48:12.222,50.4200,100
49718120105071,13:48:38.120,50.4400,29
49718120105071,13:48:38.120,50.4400,61
49718120132082,13:48:38.120,50.4400,39
49718120132082,13:48:38.120,50.4400,14
49756829673438,13:49:16.829,50.4200,100
49764638457150,13:49:24.638,50.4200,1
49764638457150,13:49:24.638,50.4200,1
49862967493944,13:51:02.967,50.4100,100
49862967493944,13:51:02.967,50.4100,100
49862967493944,13:51:02.967,50.4100,100
49862967851144,13:51:02.967,50.4100,5
49862968902229,13:51:02.968,50.4100,98
49862968926685,13:51:02.968,50.4100,2
49862968926685,13:51:02.968,50.4100,3
49862968953019,13:51:02.968,50.4100,97
49874250649873,13:51:14.250,50.4300,100
49874250649873,13:51:14.250,50.4300,100
49874250649873,13:51:14.250,50.4300,100
49874250730002,13:51:14.250,50.4300,100
49874254290228,13:51:14.254,50.4400,100
49874254324770,13:51:14.254,50.4500,100
49874255464053,13:51:14.255,50.4500,50
49874255495351,13:51:14.255,50.4600,2
49874255556278,13:51:14.255,50.4700,1
49874954419275,13:51:14.954,50.4800,2
49874954419275,13:51:14.954,50.4800,100
49914769573260,13:51:54.769,50.4700,63
49914769661165,13:51:54.769,50.4700,37
49914769661165,13:51:54.769,50.4700,1
50106051657329,13:55:06.051,50.4500,100
50106051657329,13:55:06.051,50.4500,1
50106051657329,13:55:06.051,50.4500,100
50106051657329,13:55:06.051,50.4500,1
50106052197564,13:55:06.052,50.4500,39
50131919028005,13:55:31.919,50.4600,100
50131919028005,13:55:31.919,50.4600,100
50131919028005,13:55:31.919,50.4600,300
50132929871809,13:55:32.929,50.4900,1
50161832133193,13:56:01.832,50.4300,5
50310172300957,13:58:30.172,50.4200,1
50310172300957,13:58:30.172,50.4200,199
50310172821035,13:58:30.172,50.4100,1
50310172821035,13:58:30.172,50.4100,33
50310172872662,13:58:30.172,50.4100,67
50310172872662,13:58:30.172,50.4100,1
50310188028942,13:58:30.188,50.4000,100
50310188054041,13:58:30.188,50.4000,1
50402687719986,14:00:02.687,50.3800,100
50402687719986,14:00:02.687,50.3800,1
50402690336449,14:00:02.690,50.3700,1
50402691793418,14:00:02.691,50.3600,100
50402703039750,14:00:02.703,50.3900,100
50402792036998,14:00:02.792,50.3800,1
50403648493845,14:00:03.648,50.3500,100
50403648493845,14:00:03.648,50.3400,100
50403648493845,14:00:03.648,50.3400,100
50409264415892,14:00:09.264,50.3900,100
50409264415892,14:00:09.264,50.3900,100
50409264444304,14:00:09.264,50.3900,100
50409264822081,14:00:09.264,50.3900,100
50409294677822,14:00:09.294,50.4000,100
50409294677822,14:00:09.294,50.4000,2
50409294677822,14:00:09.294,50.4000,100
50409294677822,14:00:09.294,50.4000,200
50409296432743,14:00:09.296,50.4000,100
50409296432743,14:00:09.296,50.4000,100
50409319798532,14:00:09.319,50.4000,100
50413009957160,14:00:13.009,50.4100,2
50413009957160,14:00:13.009,50.4200,98
50413010195113,14:00:13.010,50.4200,2
50413022603055,14:00:13.022,50.4300,38
50413046208281,14:00:13.046,50.4300,62
50413047313982,14:00:13.047,50.4400,2
50413047369714,14:00:13.047,50.4500,2
50413047422079,14:00:13.047,50.4600,5
50441025321447,14:00:41.025,50.4700,2
50441025321447,14:00:41.025,50.5000,1
50441025321447,14:00:41.025,50.5000,97
50463381511662,14:01:03.381,50.5100,2
50594775426057,14:03:14.775,50.5100,5
50594776238336,14:03:14.776,50.5200,2
50594776238336,14:03:14.776,50.5200,98
50594776324412,14:03:14.776,50.5200,2
50594776324412,14:03:14.776,50.5200,10
50597983521617,14:03:17.983,50.5300,2
50597983521617,14:03:17.983,50.5300,100
50597983521617,14:03:17.983,50.5300,100
50597983521617,14:03:17.983,50.5300,100
50597983521617,14:03:17.983,50.5300,100
50597983521617,14:03:17.983,50.5300,100
50597983617017,14:03:17.983,50.5300,13
50597983633960,14:03:17.983,50.5300,87
50597983633960,14:03:17.983,50.5300,13
50597983645200,14:03:17.983,50.5300,87
50597983669016,14:03:17.983,50.5300,100
50597983950838,14:03:17.983,50.5300,52
50597984154666,14:03:17.984,50.5300,48
50631143574848,14:03:51.143,50.5500,1
50634008719353,14:03:54.008,50.5600,30
50722369233384,14:05:22.369,50.6600,100
50722369233384,14:05:22.369,50.6700,100
50722369233384,14:05:22.369,50.6800,100
50722369233384,14:05:22.369,50.6800,100
50722370362058,14:05:22.370,50.6800,100
50824021610089,14:07:04.021,50.7300,100
50824021610089,14:07:04.021,50.7300,100
50824283220442,14:07:04.283,50.7300,100
50924412656910,14:08:44.412,50.7100,10
50924412656910,14:08:44.412,50.7100,2
50924413158568,14:08:44.413,50.7000,100
50924413158568,14:08:44.413,50.7000,1
50924413158568,14:08:44.413,50.7000,100
50924413158568,14:08:44.413,50.7000,100
50924413203873,14:08:44.413,50.6900,34
50924416106051,14:08:44.416,50.6900,66
50924416686088,14:08:44.416,50.6900,20
50924416784955,14:08:44.416,50.6900,5
50924416888671,14:08:44.416,50.6800,100
50924417273295,14:08:44.417,50.6900,20
51089132324988,14:11:29.132,50.7800,100
51089132324988,14:11:29.132,50.7800,15
51089132324988,14:11:29.132,50.7800,100
51089132324988,14:11:29.132,50.7800,100
51089132324988,14:11:29.132,50.7800,100
51089132324988,14:11:29.132,50.7800,52
51089132357669,14:11:29.132,50.7800,48
51089132365374,14:11:29.132,50.7800,48
51089132372139,14:11:29.132,50.7800,48
51089132438188,14:11:29.132,50.7800,4
51089132438188,14:11:29.132,50.7800,100
51089132438188,14:11:29.132,50.7800,2
51089138417637,14:11:29.138,50.7800,94
51089138770363,14:11:29.138,50.7800,6
51089138770363,14:11:29.138,50.7800,100
51090064634526,14:11:30.064,50.7800,100
51090064634526,14:11:30.064,50.7800,100
51143011302521,14:12:23.011,50.7600,20
51143011302521,14:12:23.011,50.7600,100
51143011302521,14:12:23.011,50.7600,1
51143011302521,14:12:23.011,50.7600,79
51143011334242,14:12:23.011,50.7600,21
51143011334242,14:12:23.011,50.7600,100
51143011334242,14:12:23.011,50.7600,3
51143011334242,14:12:23.011,50.7600,100
51143011368232,14:12:23.011,50.7600,100
51143011390097,14:12:23.011,50.7600,100
51143011390097,14:12:23.011,50.7600,100
51143011390097,14:12:23.011,50.7600,24
51143011443927,14:12:23.011,50.7600,76
51143011888902,14:12:23.011,50.7500,91
51143012816992,14:12:23.012,50.7500,9
51143012818528,14:12:23.012,50.7400,38
51143205462681,14:12:23.205,50.7500,5
51143205462681,14:12:23.205,50.7400,62
51143205462681,14:12:23.205,50.7400,33
51143205494356,14:12:23.205,50.7400,67
51177009329360,14:12:57.009,50.7600,100
51177050540417,14:12:57.050,50.7500,100
51177050569856,14:12:57.050,50.7500,100
51300345062702,14:15:00.345,50.7800,1
51300345062702,14:15:00.345,50.7800,100
51300345062702,14:15:00.345,50.7800,31
51300345349714,14:15:00.345,50.7800,69
51300345349714,14:15:00.345,50.7800,194
51340102683110,14:15:40.102,50.7600,100
51340102683110,14:15:40.102,50.7600,152
51340103006573,14:15:40.103,50.7600,20
51340103131728,14:15:40.103,50.7600,80
51356630938505,14:15:56.630,50.7700,57
51361058648899,14:16:01.058,50.7600,40
51361059222468,14:16:01.059,50.7500,100
51361059222468,14:16:01.059,50.7500,100
51361059222468,14:16:01.059,50.7500,100
51363149568791,14:16:03.149,50.7400,100
51401081936099,14:16:41.081,50.7500,100
51401081936099,14:16:41.081,50.7500,100
51401081971127,14:16:41.081,50.7500,100
51401081971127,14:16:41.081,50.7500,100
51401081971127,14:16:41.081,50.7500,100
51401081971127,14:16:41.081,50.7500,100
51401082074015,14:16:41.082,50.7500,59
51404776509469,14:16:44.776,50.7500,41
51404776509469,14:16:44.776,50.7500,100
51404776509469,14:16:44.776,50.7500,100
51404776509469,14:16:44.776,50.7500,100
51404776616091,14:16:44.776,50.7500,76
51404776642999,14:16:44.776,50.7500,24
51429738599377,14:17:09.738,50.7600,40
51433382690288,14:17:13.382,50.7600,100
51433382719967,14:17:13.382,50.7600,29
51433382719967,14:17:13.382,50.7600,1
51433382719967,14:17:13.382,50.7600,100
51433383516713,14:17:13.383,50.7600,100
51582271213136,14:19:42.271,50.7700,64
51582271241891,14:19:42.271,50.7700,34
51631800222185,14:20:31.800,50.7400,100
51631800222185,14:20:31.800,50.7400,100
51631800222185,14:20:31.800,50.7400,100
51631800255530,14:20:31.800,50.7400,1
51631802476782,14:20:31.802,50.7300,68
51631802501210,14:20:31.802,50.7300,32
51631802501210,14:20:31.802,50.7300,5
51716282169079,14:21:56.282,50.7000,100
51726679579656,14:22:06.679,50.7100,100
51726679738372,14:22:06.679,50.7200,100
51726679738372,14:22:06.679,50.7200,3
51726680162889,14:22:06.680,50.7200,97
51726680162889,14:22:06.680,50.7200,100
51727110573827,14:22:07.110,50.7100,100
51727110573827,14:22:07.110,50.7100,20
51734995547033,14:22:14.995,50.7200,100
51759081291455,14:22:39.081,50.7300,100
51759081726905,14:22:39.081,50.7300,100
51803903326219,14:23:23.903,50.7800,100
51803903326219,14:23:23.903,50.7800,100
51803903668532,14:23:23.903,50.7800,100
51803903817794,14:23:23.903,50.7800,100
51803991744645,14:23:23.991,50.8000,100
51804892032828,14:23:24.892,50.8000,100
51856737392603,14:24:16.737,50.8200,100
51856737392603,14:24:16.737,50.8200,100
51856737392603,14:24:16.737,50.8200,100
51856737392603,14:24:16.737,50.8200,1
51871281133894,14:24:31.281,50.8000,100
51871281136012,14:24:31.281,50.8000,50
51871281138447,14:24:31.281,50.8000,50
51871281139337,14:24:31.281,50.8000,23
51890079567929,14:24:50.079,50.7900,58
51892480265849,14:24:52.480,50.8000,49
51911088697179,14:25:11.088,50.8000,5
51911088721631,14:25:11.088,50.8000,60
51911088721631,14:25:11.088,50.8000,76
51911088760878,14:25:11.088,50.8000,24
51911115022326,14:25:11.115,50.8100,100
51967693995901,14:26:07.693,50.8200,50
51967694021850,14:26:07.694,50.8200,41
51967694026103,14:26:07.694,50.8200,9
51967694026103,14:26:07.694,50.8200,100
51967694026103,14:26:07.694,50.8200,100
51967695506283,14:26:07.695,50.8100,100
51967746306024,14:26:07.746,50.8100,100
51998026057086,14:26:38.026,50.7900,100
52054496357355,14:27:34.496,50.7600,94
52054496390330,14:27:34.496,50.7600,6
52054496390330,14:27:34.496,50.7600,100
52054496390330,14:27:34.496,50.7600,100
52054496391554,14:27:34.496,50.7600,40
52054496397963,14:27:34.496,50.7600,24
52054496403533,14:27:34.496,50.7600,36
52054971618929,14:27:34.971,50.7500,100
52082021152590,14:28:02.021,50.7300,100
52082021179109,14:28:02.021,50.7300,100
52108346093544,14:28:28.346,50.7400,100
52108346093544,14:28:28.346,50.7400,100
52108346093544,14:28:28.346,50.7400,100
52108346093544,14:28:28.346,50.7400,100
52108346096247,14:28:28.346,50.7400,100
52108347451961,14:28:28.347,50.7400,100
52113053507346,14:28:33.053,50.7400,1
52113053507346,14:28:33.053,50.7400,1
52115906593336,14:28:35.906,50.7300,100
52115906656621,14:28:35.906,50.7300,100
52291566245371,14:31:31.566,50.7200,1
52291566245371,14:31:31.566,50.7200,100
52291566245371,14:31:31.566,50.7200,100
52291566900409,14:31:31.566,50.7100,1
52340156258814,14:32:20.156,50.7000,2
52340156258814,14:32:20.156,50.7000,100
52340156258814,14:32:20.156,50.7000,100
52340156258814,14:32:20.156,50.7000,100
52340244749930,14:32:20.244,50.7000,100
52340373195639,14:32:20.373,50.7000,1
52340374511617,14:32:20.374,50.6900,5
52340374511617,14:32:20.374,50.6800,100
52340374511617,14:32:20.374,50.6800,100
52340374511617,14:32:20.374,50.6800,94
52340374906370,14:32:20.374,50.6800,6
52341588384969,14:32:21.588,50.6900,64
52353938739144,14:32:33.938,50.6800,1
52544034220487,14:35:44.034,50.6200,100
52544034220487,14:35:44.034,50.6200,100
52544034220487,14:35:44.034,50.6200,1
52544034220487,14:35:44.034,50.6200,99
52544034256114,14:35:44.034,50.6200,1
52544034256114,14:35:44.034,50.6200,100
52544034256114,14:35:44.034,50.6200,37
52547041153065,14:35:47.041,50.6200,1
52560572937617,14:36:00.572,50.6100,100
52560572937617,14:36:00.572,50.6100,100
52560572937617,14:36:00.572,50.6100,2
52590732239546,14:36:30.732,50.5800,100
52591628819079,14:36:31.628,50.5800,6
52593216072325,14:36:33.216,50.5800,100
52593216072325,14:36:33.216,50.5800,30
52593216570990,14:36:33.216,50.5900,100
52593718734248,14:36:33.718,50.6000,29
52606293851932,14:36:46.293,50.6000,90
52620800906491,14:37:00.800,50.5700,100
52620800906491,14:37:00.800,50.5700,1
52620800906491,14:37:00.800,50.5700,1
52642630340375,14:37:22.630,50.5400,1
52642630340375,14:37:22.630,50.5300,100
52680742327102,14:38:00.742,50.5600,100
52680742327102,14:38:00.742,50.5600,100
52689834439072,14:38:09.834,50.5500,100
52689834477186,14:38:09.834,50.5500,100
52689899974801,14:38:09.899,50.5500,100
52695304331775,14:38:15.304,50.5600,100
52695304862661,14:38:15.304,50.5700,100
52695305160865,14:38:15.305,50.5700,100
52695305627553,14:38:15.305,50.5800,5
52695305664345,14:38:15.305,50.5900,1
52695305664345,14:38:15.305,50.5900,2
52695380935741,14:38:15.380,50.6000,100
52695380935741,14:38:15.380,50.6000,2
52695748583652,14:38:15.748,50.6000,100
52701282221322,14:38:21.282,50.6000,100
52701283555465,14:38:21.283,50.6000,32
52701283803755,14:38:21.283,50.6000,32
52725011679741,14:38:45.011,50.6000,36
52728226274784,14:38:48.226,50.6100,100
52728228490341,14:38:48.228,50.6100,100
52728245809745,14:38:48.245,50.6200,1
52728245809745,14:38:48.245,50.6200,95
52728249368694,14:38:48.249,50.6200,5
52763372689291,14:39:23.372,50.6100,100
52763372689291,14:39:23.372,50.6100,1
52774330434981,14:39:34.330,50.6100,1
52791339755038,14:39:51.339,50.6200,100
52791339755038,14:39:51.339,50.6200,100
52791341617197,14:39:51.341,50.6200,5
52791341645018,14:39:51.341,50.6200,95
52826410553037,14:40:26.410,50.6000,1
52826410973687,14:40:26.410,50.6000,5
52892255699112,14:41:32.255,50.5900,100
52892255699112,14:41:32.255,50.5900,100
52892257612696,14:41:32.257,50.5900,72
52892257677080,14:41:32.257,50.5900,28
52892257677080,14:41:32.257,50.5900,100
52892257677080,14:41:32.257,50.5900,1
52892257677080,14:41:32.257,50.5900,100
52892257677080,14:41:32.257,50.5900,1
52892260963662,14:41:32.260,50.5900,100
52892260963662,14:41:32.260,50.5900,19
52926281585277,14:42:06.281,50.5900,33
52926281585277,14:42:06.281,50.5900,1
52926282886404,14:42:06.282,50.5800,100
52926282886404,14:42:06.282,50.5800,100
52956145504067,14:42:36.145,50.5600,100
52956145504067,14:42:36.145,50.5600,1
52956145504067,14:42:36.145,50.5600,100
52997415634174,14:43:17.415,50.5300,100
52997415665173,14:43:17.415,50.5300,1
52997415665173,14:43:17.415,50.5300,100
53028315754229,14:43:48.315,50.5300,100
53028315754229,14:43:48.315,50.5300,100
53028315755119,14:43:48.315,50.5300,50
53028315882971,14:43:48.315,50.5300,50
53028315882971,14:43:48.315,50.5300,100
53028315882971,14:43:48.315,50.5300,250
53028315885017,14:43:48.315,50.5300,111
53028315928722,14:43:48.315,50.5300,39
53028315928722,14:43:48.315,50.5300,176
53028316266652,14:43:48.316,50.5300,100
53028316266652,14:43:48.316,50.5300,24
53028316266652,14:43:48.316,50.5300,76
53028318324779,14:43:48.318,50.5300,24
53028318324779,14:43:48.318,50.5300,76
53028322725728,14:43:48.322,50.5300,24
53029339009802,14:43:49.339,50.5400,100
53046410381508,14:44:06.410,50.5400,100
53046410381508,14:44:06.410,50.5400,1
53046439921186,14:44:06.439,50.5100,100
53092798898008,14:44:52.798,50.5400,100
53092798898008,14:44:52.798,50.5400,100
53092799153733,14:44:52.799,50.5400,100
53092800691723,14:44:52.800,50.5400,45
53093313631776,14:44:53.313,50.5400,55
53093598976804,14:44:53.598,50.5500,100
53228464219598,14:47:08.464,50.5700,100
53228464219598,14:47:08.464,50.5700,46
53228465765135,14:47:08.465,50.5700,54
53228465765135,14:47:08.465,50.5700,5
53228465765135,14:47:08.465,50.5700,41
53228465885123,14:47:08.465,50.5700,59
53228465885123,14:47:08.465,50.5700,100
53228465885123,14:47:08.465,50.5700,5
53228465885123,14:47:08.465,50.5700,100
53228479581064,14:47:08.479,50.5800,2
53228514748829,14:47:08.514,50.5800,18
53228514777526,14:47:08.514,50.5800,80
53228604353961,14:47:08.604,50.5800,2
53229839782282,14:47:09.839,50.6000,2
53231606705235,14:47:11.606,50.6100,2
53233715452380,14:47:13.715,50.6100,5
53292341190550,14:48:12.341,50.6000,100
53292341227128,14:48:12.341,50.6000,100
53292341227128,14:48:12.341,50.6000,1
53292341227128,14:48:12.341,50.6000,49
53292341258751,14:48:12.341,50.6000,51
53292342087887,14:48:12.342,50.6000,21
53297996682028,14:48:17.996,50.5900,100
53297996771478,14:48:17.996,50.5900,21
53297999088586,14:48:17.999,50.5800,100
53297999088586,14:48:17.999,50.5800,100
53365698934174,14:49:25.698,50.5700,100
53365698934174,14:49:25.698,50.5700,1
53368704067739,14:49:28.704,50.5700,28
53442559045611,14:50:42.559,50.5400,100
53442559045611,14:50:42.559,50.5400,1
53442559045611,14:50:42.559,50.5400,100
53442559045611,14:50:42.559,50.5400,100
53474497874482,14:51:14.497,50.5300,1
53474498237338,14:51:14.498,50.5200,1
53474498633351,14:51:14.498,50.5100,100
53477517972804,14:51:17.517,50.5300,100
53477517972804,14:51:17.517,50.5300,100
53477517972804,14:51:17.517,50.5300,100
53477517972804,14:51:17.517,50.5300,100
53509452533693,14:51:49.452,50.5300,100
53509452533693,14:51:49.452,50.5300,100
53509452533693,14:51:49.452,50.5300,2
53509452533693,14:51:49.452,50.5300,100
53509452533693,14:51:49.452,50.5300,100
53509453032761,14:51:49.453,50.5300,100
53509453032761,14:51:49.453,50.5300,100
53509453130531,14:51:49.453,50.5300,98
53509453232821,14:51:49.453,50.5300,2
53509483640110,14:51:49.483,50.5400,100
53521592271748,14:52:01.592,50.5600,2
53521646337956,14:52:01.646,50.5600,100
53522928791440,14:52:02.928,50.5700,68
53522928821825,14:52:02.928,50.5700,32
53522928821825,14:52:02.928,50.5700,2
53542035894793,14:52:22.035,50.6000,2
53586364974767,14:53:06.364,50.6100,5
53604563776848,14:53:24.563,50.6000,100
53604563802721,14:53:24.563,50.6000,100
53604563802721,14:53:24.563,50.6000,1
53693262157053,14:54:53.262,50.6000,100
53775022701085,14:56:15.022,50.5800,100
53775022701085,14:56:15.022,50.5800,1
53775022701085,14:56:15.022,50.5800,1
53775022701085,14:56:15.022,50.5800,98
53775022741485,14:56:15.022,50.5800,2
53775022783482,14:56:15.022,50.5800,7
53775022783482,14:56:15.022,50.5800,100
53775022783482,14:56:15.022,50.5800,2
53775023376582,14:56:15.023,50.5800,98
53775023376582,14:56:15.023,50.5800,40
53776723112322,14:56:16.723,50.5800,50
53789817227138,14:56:29.817,50.5800,5
53860082152314,14:57:40.082,50.6200,5
53915064977586,14:58:35.064,50.6300,5
53915064977586,14:58:35.064,50.6300,95
53915065088582,14:58:35.065,50.6300,5
53915065088582,14:58:35.065,50.6300,100
53915065088582,14:58:35.065,50.6300,13
53915074927589,14:58:35.074,50.6300,87
53915074927589,14:58:35.074,50.6300,100
53915074927589,14:58:35.074,50.6300,100
53915075747719,14:58:35.075,50.6300,100
53915079943443,14:58:35.079,50.6300,100
53915080666197,14:58:35.080,50.6300,100
53916249200072,14:58:36.249,50.6300,100
54057523026210,15:00:57.523,50.6200,1
54057523026210,15:00:57.523,50.6200,1
54057523026210,15:00:57.523,50.6200,100
54057523026210,15:00:57.523,50.6200,58
54057523029927,15:00:57.523,50.6200,42
54057524755871,15:00:57.524,50.6100,1
54057526614310,15:00:57.526,50.6000,11
54057527166000,15:00:57.527,50.6000,89
54057531332585,15:00:57.531,50.6100,1
54101800465148,15:01:41.800,50.6100,100
54101800465148,15:01:41.800,50.6100,100
54101800465148,15:01:41.800,50.6100,52
54121134070095,15:02:01.134,50.5900,28
54121134143471,15:02:01.134,50.5900,72
54121134143471,15:02:01.134,50.5900,100
54121134143471,15:02:01.134,50.5900,1
54121134143471,15:02:01.134,50.5900,100
54121134143471,15:02:01.134,50.5900,100
54121135750567,15:02:01.135,50.5800,100
54121136504569,15:02:01.136,50.5800,50
54121148294633,15:02:01.148,50.5700,100
54121148294633,15:02:01.148,50.5700,5
54122460933615,15:02:02.460,50.5700,100
54122460933615,15:02:02.460,50.5700,100
54125009969460,15:02:05.009,50.5600,100
54125009969460,15:02:05.009,50.5600,100
54174317541600,15:02:54.317,50.5600,100
54174317541600,15:02:54.317,50.5600,100
54174317567325,15:02:54.317,50.5600,32
54174317637874,15:02:54.317,50.5600,68
54174317637874,15:02:54.317,50.5600,100
54174317637874,15:02:54.317,50.5600,100
54174318152547,15:02:54.318,50.5600,100
54174318152547,15:02:54.318,50.5600,100
54174321554810,15:02:54.321,50.5600,100
54191430230449,15:03:11.430,50.5400,100
54191430230449,15:03:11.430,50.5400,100
54196179594615,15:03:16.179,50.5300,100
54200916567418,15:03:20.916,50.5400,1
54200916592709,15:03:20.916,50.5400,18
54201082965683,15:03:21.082,50.5400,81
54201082965683,15:03:21.082,50.5400,100
54201082965683,15:03:21.082,50.5400,100
54201082965683,15:03:21.082,50.5400,19
54201083576431,15:03:21.083,50.5400,100
54201083576431,15:03:21.083,50.5400,100
54201840620244,15:03:21.840,50.5400,100
54210053255203,15:03:30.053,50.5400,81
54246635891313,15:04:06.635,50.5400,26
54246635891313,15:04:06.635,50.5400,100
54246635891313,15:04:06.635,50.5400,100
54246635891313,15:04:06.635,50.5400,100
54246635891313,15:04:06.635,50.5400,26
54261995356805,15:04:21.995,50.5300,72
54261995562192,15:04:21.995,50.5300,28
54261995562192,15:04:21.995,50.5300,1
54310882563898,15:05:10.882,50.5000,99
54310882589708,15:05:10.882,50.5000,1
54310882589708,15:05:10.882,50.5000,100
54310882589708,15:05:10.882,50.5000,100
54311746589502,15:05:11.746,50.5000,2
54312841673615,15:05:12.841,50.4900,100
54312841673615,15:05:12.841,50.4900,100
54312842665180,15:05:12.842,50.4900,100
54328018331295,15:05:28.018,50.4800,96
54328018387238,15:05:28.018,50.4800,104
54352844863498,15:05:52.844,50.4200,100
54368823330927,15:06:08.823,50.4100,100
54368823630546,15:06:08.823,50.4100,100
54374472858682,15:06:14.472,50.4300,50
54374472883410,15:06:14.472,50.4300,50
54401995393835,15:06:41.995,50.4100,65
54401995393835,15:06:41.995,50.4000,100
54401995393835,15:06:41.995,50.4000,100
54401995393835,15:06:41.995,50.4000,35
54401995448898,15:06:41.995,50.4000,65
54406308433960,15:06:46.308,50.3900,100
54406308433960,15:06:46.308,50.3900,12
54406308433960,15:06:46.308,50.3900,100
54406308433960,15:06:46.308,50.3900,1
54406308433960,15:06:46.308,50.3900,100
54406310162386,15:06:46.310,50.4000,100
54406314618147,15:06:46.314,50.4000,100
54406314726061,15:06:46.314,50.4000,100
54406327745067,15:06:46.327,50.4000,100
54407185136096,15:06:47.185,50.4000,100
54407185136096,15:06:47.185,50.4000,100
54407185782727,15:06:47.185,50.4000,100
54486153447511,15:08:06.153,50.4200,1
54486153447511,15:08:06.153,50.4200,100
54486153447511,15:08:06.153,50.4200,49
54486153477386,15:08:06.153,50.4200,39
54486153493946,15:08:06.153,50.4200,12
54486153493946,15:08:06.153,50.4200,88
54486153519317,15:08:06.153,50.4200,12
54486153519317,15:08:06.153,50.4200,100
54486153519317,15:08:06.153,50.4200,100
54486153595619,15:08:06.153,50.4200,100
54486153948621,15:08:06.153,50.4200,30
54486153952590,15:08:06.153,50.4200,10
54486154349260,15:08:06.154,50.4200,30
54487999040848,15:08:07.999,50.4300,100
54488223975320,15:08:08.223,50.4400,100
54488223975320,15:08:08.223,50.4400,12
54488224001876,15:08:08.224,50.4400,1
54488562794658,15:08:08.562,50.4400,87
54491968334216,15:08:11.968,50.4700,2
54491968334216,15:08:11.968,50.4700,100
54491968391056,15:08:11.968,50.4800,2
54513249648567,15:08:33.249,50.4700,88
54513249663266,15:08:33.249,50.4700,50
54598529981924,15:09:58.529,50.4700,30
54598529981924,15:09:58.529,50.4700,1
54598529981924,15:09:58.529,50.4700,100
54598529981924,15:09:58.529,50.4700,11
54598529991048,15:09:58.529,50.4700,72
54598530031628,15:09:58.530,50.4700,17
54598532231084,15:09:58.532,50.4700,100
54598533530526,15:09:58.533,50.4700,50
54622840758403,15:10:22.840,50.4600,100
54622840758403,15:10:22.840,50.4600,100
54622840785643,15:10:22.840,50.4600,100
54622840785643,15:10:22.840,50.4600,100
54624180282189,15:10:24.180,50.4500,100
54624180282189,15:10:24.180,50.4500,100
54632285606733,15:10:32.285,50.4500,100
54632285606733,15:10:32.285,50.4500,100
54632285606733,15:10:32.285,50.4500,44
54665931999788,15:11:05.931,50.4300,100
54665931999788,15:11:05.931,50.4300,100
54665932135887,15:11:05.932,50.4300,100
54688730810239,15:11:28.730,50.4000,5
54688730810239,15:11:28.730,50.3900,100
54688730810239,15:11:28.730,50.3900,100
54688730810239,15:11:28.730,50.3900,95
54690439178885,15:11:30.439,50.4000,100
54717787000761,15:11:57.787,50.4000,75
54717787122003,15:11:57.787,50.4000,25
54717787122003,15:11:57.787,50.4000,100
54723945081310,15:12:03.945,50.4000,100
54798924275014,15:13:18.924,50.4500,22
54798924280382,15:13:18.924,50.4500,78
54798924280382,15:13:18.924,50.4500,22
54798924290277,15:13:18.924,50.4500,78
54823563279974,15:13:43.563,50.5200,44
54823563279974,15:13:43.563,50.5200,100
54823564001171,15:13:43.564,50.5100,100
54823570304571,15:13:43.570,50.5100,100
54867262672034,15:14:27.262,50.5200,15
54867262672034,15:14:27.262,50.5200,85
54867262697095,15:14:27.262,50.5200,2
54927163327052,15:15:27.163,50.5100,1
54927163327052,15:15:27.163,50.5100,52
54940086362863,15:15:40.086,50.5100,48
54940086362863,15:15:40.086,50.5100,300
54940086362863,15:15:40.086,50.5100,100
54940086362863,15:15:40.086,50.5100,100
54940086362863,15:15:40.086,50.5100,1
54940086362863,15:15:40.086,50.5100,100
54940087842026,15:15:40.087,50.5000,99
54940087873955,15:15:40.087,50.5000,1
54940087873955,15:15:40.087,50.5000,39
54942061500561,15:15:42.061,50.5100,100
54942061500561,15:15:42.061,50.5100,100
54942061500561,15:15:42.061,50.5100,92
54942062000172,15:15:42.062,50.5200,91
54942062006065,15:15:42.062,50.5200,9
54942062765046,15:15:42.062,50.5200,50
54991584323085,15:16:31.584,50.5100,100
54991584323085,15:16:31.584,50.5100,24
54991584380765,15:16:31.584,50.5000,16
54991585460234,15:16:31.585,50.5000,84
54991585460234,15:16:31.585,50.5000,16
54991585487425,15:16:31.585,50.5000,34
54991585541536,15:16:31.585,50.5000,100
54991586392017,15:16:31.586,50.4900,100
54991587669951,15:16:31.587,50.4900,60
54999114965603,15:16:39.114,50.4900,100
54999114965603,15:16:39.114,50.4900,16
54999115174919,15:16:39.115,50.4900,84
54999115654263,15:16:39.115,50.4800,2
54999115847922,15:16:39.115,50.4800,98
55047555203699,15:17:27.555,50.4800,100
55047555203699,15:17:27.555,50.4800,100
55047555234519,15:17:27.555,50.4800,100
55047555234519,15:17:27.555,50.4800,1
55047555240532,15:17:27.555,50.4800,50
55047555246833,15:17:27.555,50.4800,50
55060023432369,15:17:40.023,50.4600,17
55060023875460,15:17:40.023,50.4600,72
55060023993958,15:17:40.023,50.4600,11
55060091832421,15:17:40.091,50.4600,1
55071563412777,15:17:51.563,50.4700,100
55071563465782,15:17:51.563,50.4800,50
55100889659552,15:18:20.889,50.4600,100
55100890209671,15:18:20.890,50.4700,100
55100890209671,15:18:20.890,50.4700,100
55100890209671,15:18:20.890,50.4700,32
55130090129455,15:18:50.090,50.4600,100
55130090129455,15:18:50.090,50.4600,100
55130090168884,15:18:50.090,50.4600,40
55130090246212,15:18:50.090,50.4600,80
55130090246212,15:18:50.090,50.4600,100
55132311128636,15:18:52.311,50.4500,145
55132311128636,15:18:52.311,50.4500,100
55132311128636,15:18:52.311,50.4500,100
55132311128636,15:18:52.311,50.4500,100
55151388132744,15:19:11.388,50.4600,5
55151388398655,15:19:11.388,50.4600,95
55151389423489,15:19:11.389,50.4600,100
55201216741352,15:20:01.216,50.4400,100
55201216741352,15:20:01.216,50.4400,1
55201216741352,15:20:01.216,50.4400,199
55201217252979,15:20:01.217,50.4400,100
55201217252979,15:20:01.217,50.4400,40
55201217252979,15:20:01.217,50.4400,40
55201218461280,15:20:01.218,50.4300,100
55201218461280,15:20:01.218,50.4300,100
55204638811118,15:20:04.638,50.4300,100
55204638829078,15:20:04.638,50.4300,150
55204638846788,15:20:04.638,50.4300,18
55204638873171,15:20:04.638,50.4300,32
55204638873171,15:20:04.638,50.4400,40
55209523929062,15:20:09.523,50.4400,60
55209523929062,15:20:09.523,50.4400,100
55209523929062,15:20:09.523,50.4400,100
55209524440366,15:20:09.524,50.4400,100
55209524440366,15:20:09.524,50.4400,100
55209535336044,15:20:09.535,50.4400,50
55209670232071,15:20:09.670,50.4400,50
55209670232071,15:20:09.670,50.4400,50
55215529235476,15:20:15.529,50.4300,100
55215529235476,15:20:15.529,50.4300,100
55215529235476,15:20:15.529,50.4300,100
55270139618278,15:21:10.139,50.4000,100
55270140431580,15:21:10.140,50.3900,100
55270338884895,15:21:10.338,50.3900,100
55271216198526,15:21:11.216,50.3800,100
55296670921773,15:21:36.670,50.3700,10
55298175831670,15:21:38.175,50.3600,100
55298176902571,15:21:38.176,50.3500,100
55313798099072,15:21:53.798,50.3600,21
55335842838829,15:22:15.842,50.3500,16
55345211183123,15:22:25.211,50.3400,100
55345211183123,15:22:25.211,50.3400,100
55345211183123,15:22:25.211,50.3400,100
55345211183123,15:22:25.211,50.3400,100
55345212133484,15:22:25.212,50.3300,100
55345212133484,15:22:25.212,50.3300,100
55351131327062,15:22:31.131,50.3300,100
55351131737195,15:22:31.131,50.3300,100
55352233965146,15:22:32.233,50.3200,100
55383929818075,15:23:03.929,50.3300,2
55392993512003,15:23:12.993,50.3100,1
55392996910427,15:23:12.996,50.3100,8
55392996972279,15:23:12.996,50.3100,92
55392997665114,15:23:12.997,50.3200,100
55413173877592,15:23:33.173,50.3000,100
55413173877592,15:23:33.173,50.3000,100
55413179135372,15:23:33.179,50.2900,100
55413179135372,15:23:33.179,50.2900,100
55413179628052,15:23:33.179,50.2900,29
55445858869959,15:24:05.858,50.2700,39
55455332864452,15:24:15.332,50.2400,23
55455332864452,15:24:15.332,50.2400,100
55455332864452,15:24:15.332,50.2400,100
55455332864452,15:24:15.332,50.2400,77
55455333153077,15:24:15.333,50.2400,23
55473592821873,15:24:33.592,50.2600,100
55473592930584,15:24:33.592,50.2600,100
55473593086698,15:24:33.593,50.2600,100
55473593136680,15:24:33.593,50.2600,1
55473597966528,15:24:33.597,50.2600,200
55493455097950,15:24:53.455,50.2600,10
55498604218022,15:24:58.604,50.2600,1
55516310482862,15:25:16.310,50.2500,100
55516310517399,15:25:16.310,50.2500,10
55516310517399,15:25:16.310,50.2500,200
55523989342219,15:25:23.989,50.2400,100
55523989342219,15:25:23.989,50.2400,1
55524141010861,15:25:24.141,50.2500,100
55524141060227,15:25:24.141,50.2500,100
55577256537705,15:26:17.256,50.2300,100
55577256537705,15:26:17.256,50.2300,100
55577256537705,15:26:17.256,50.2300,100
55577256537705,15:26:17.256,50.2300,5
55577256537705,15:26:17.256,50.2300,95
55577256571136,15:26:17.256,50.2300,5
55577266728649,15:26:17.266,50.2300,1
55577266753839,15:26:17.266,50.2300,1
55577278568235,15:26:17.278,50.2300,98
55578755365595,15:26:18.755,50.2500,200
55578755365595,15:26:18.755,50.2500,100
55578755365595,15:26:18.755,50.2500,19
55578755402120,15:26:18.755,50.2500,81
55578755410106,15:26:18.755,50.2500,81
55578755420617,15:26:18.755,50.2500,81
55578755795363,15:26:18.755,50.2500,100
55578755795363,15:26:18.755,50.2500,100
55578755898528,15:26:18.755,50.2500,100
55578755898528,15:26:18.755,50.2500,100
55578755935020,15:26:18.755,50.2500,100
55578756119176,15:26:18.756,50.2500,38
55578759947933,15:26:18.759,50.2600,100
55578783594653,15:26:18.783,50.2700,100
55578784017599,15:26:18.784,50.2700,100
55671649110552,15:27:51.649,50.2900,100
55671649193246,15:27:51.649,50.2900,100
55671649193246,15:27:51.649,50.2900,55
55671649603295,15:27:51.649,50.2900,81
55671650035783,15:27:51.650,50.3000,200
55671650039432,15:27:51.650,50.3000,70
55671650122233,15:27:51.650,50.3000,2
55671650150696,15:27:51.650,50.3000,28
55686687992106,15:28:06.687,50.3400,20
55686688056275,15:28:06.688,50.3400,20
55686688146590,15:28:06.688,50.3400,20
55686688226083,15:28:06.688,50.3400,20
55686688555080,15:28:06.688,50.3400,20
55686688739614,15:28:06.688,50.3400,20
55686688903072,15:28:06.688,50.3400,20
55686689023741,15:28:06.689,50.3400,20
55686689353388,15:28:06.689,50.3400,20
55741934320843,15:29:01.934,50.3300,100
55741934320843,15:29:01.934,50.3300,10
55741934320843,15:29:01.934,50.3300,100
55741934320843,15:29:01.934,50.3300,40
55741934331192,15:29:01.934,50.3300,160
55741934331192,15:29:01.934,50.3300,1
55741934331192,15:29:01.934,50.3300,100
55741934331192,15:29:01.934,50.3300,100
55741934331192,15:29:01.934,50.3300,3
55741934364115,15:29:01.934,50.3300,7
55741934364115,15:29:01.934,50.3300,3
55741934380052,15:29:01.934,50.3300,10
55741935099394,15:29:01.935,50.3300,100
55760791811576,15:29:20.791,50.3300,2
55760791811576,15:29:20.791,50.3300,98
55767462928703,15:29:27.462,50.3300,1
55768087696920,15:29:28.087,50.3300,100
55768087696920,15:29:28.087,50.3300,100
55768088030553,15:29:28.088,50.3300,100
55768088030553,15:29:28.088,50.3300,100
55804461468478,15:30:04.461,50.3200,100
55804461468478,15:30:04.461,50.3200,100
55804461468478,15:30:04.461,50.3200,100
55804468200334,15:30:04.468,50.3100,100
55841788200376,15:30:41.788,50.3200,100
55841788200376,15:30:41.788,50.3200,100
55841788200376,15:30:41.788,50.3200,200
55841788200376,15:30:41.788,50.3200,100
55841788262360,15:30:41.788,50.3200,68
55841788284980,15:30:41.788,50.3200,32
55841788480540,15:30:41.788,50.3200,100
55841788480540,15:30:41.788,50.3200,100
55841788480540,15:30:41.788,50.3200,100
55841788481563,15:30:41.788,50.3200,100
55841788503024,15:30:41.788,50.3200,160
55841788520914,15:30:41.788,50.3200,49
55841788524919,15:30:41.788,50.3200,50
55841788935270,15:30:41.788,50.3200,100
55841788935270,15:30:41.788,50.3200,100
55841788935270,15:30:41.788,50.3200,100
55841843126190,15:30:41.843,50.3200,100
55852663160635,15:30:52.663,50.3100,8
55852663160635,15:30:52.663,50.3100,92
55852663221214,15:30:52.663,50.3100,8
55852663221214,15:30:52.663,50.3100,1
55852663408513,15:30:52.663,50.3000,17
55852715193628,15:30:52.715,50.3000,83
55852715193628,15:30:52.715,50.3000,17
55852737030422,15:30:52.737,50.3000,83
55852737030422,15:30:52.737,50.3000,100
55852737030422,15:30:52.737,50.3000,17
55872404274475,15:31:12.404,50.3100,50
55872404283025,15:31:12.404,50.3100,50
55872404284525,15:31:12.404,50.3100,100
55872404284525,15:31:12.404,50.3100,68
55872404285558,15:31:12.404,50.3100,32
55872404285558,15:31:12.404,50.3100,66
55872404286424,15:31:12.404,50.3100,34
55872404286424,15:31:12.404,50.3100,15
55872496292472,15:31:12.496,50.3100,85
55872496292472,15:31:12.496,50.3100,100
55908358616960,15:31:48.358,50.3600,100
55908358623326,15:31:48.358,50.3600,98
55908358623326,15:31:48.358,50.3600,100
55908358623326,15:31:48.358,50.3600,100
55908358623326,15:31:48.358,50.3600,100
55908358642748,15:31:48.358,50.3600,100
55916818625884,15:31:56.818,50.3500,100
55920239024179,15:32:00.239,50.3800,90
55920239055872,15:32:00.239,50.3800,10
55935249631438,15:32:15.249,50.3700,1
55935249631438,15:32:15.249,50.3700,100
55935250022191,15:32:15.250,50.3600,100
55935250024035,15:32:15.250,50.3600,10
55935250788277,15:32:15.250,50.3400,2
56011690251804,15:33:31.690,50.3500,80
56020349562636,15:33:40.349,50.3300,100
56020349562636,15:33:40.349,50.3300,1
56020349562636,15:33:40.349,50.3300,100
56020349562636,15:33:40.349,50.3300,100
56020349562636,15:33:40.349,50.3300,99
56020350394446,15:33:40.350,50.3300,1
56020350394446,15:33:40.350,50.3300,199
56020350431486,15:33:40.350,50.3300,1
56020350431486,15:33:40.350,50.3300,47
56020350431486,15:33:40.350,50.3300,52
56020350447636,15:33:40.350,50.3300,48
56020351602285,15:33:40.351,50.3200,1
56020351602285,15:33:40.351,50.3200,99
56020351640568,15:33:40.351,50.3200,1
56020351640568,15:33:40.351,50.3200,5
56020354899641,15:33:40.354,50.3100,50
56024466353022,15:33:44.466,50.3200,100
56034263762399,15:33:54.263,50.3100,50
56034263762399,15:33:54.263,50.3100,50
56034263771595,15:33:54.263,50.3100,50
56034263771595,15:33:54.263,50.3100,100
56034263771595,15:33:54.263,50.3100,1
56034263771595,15:33:54.263,50.3100,100
56034263771595,15:33:54.263,50.3100,100
56034263839826,15:33:54.263,50.3000,2
56041409086988,15:34:01.409,50.2800,100
56045458249322,15:34:05.458,50.2700,100
56045458249322,15:34:05.458,50.2700,100
56077661980275,15:34:37.661,50.2700,100
56077661980275,15:34:37.661,50.2700,70
56077662794681,15:34:37.662,50.2700,230
56077662794681,15:34:37.662,50.2700,100
56077662794681,15:34:37.662,50.2700,100
56077662794681,15:34:37.662,50.2700,100
56077708108223,15:34:37.708,50.2700,100
56077708108223,15:34:37.708,50.2700,51
56086781292540,15:34:46.781,50.2600,100
56086781731159,15:34:46.781,50.2600,100
56086781731159,15:34:46.781,50.2600,100
56086781731159,15:34:46.781,50.2600,100
56086781731159,15:34:46.781,50.2600,1
56086782699260,15:34:46.782,50.2500,100
56126314179756,15:35:26.314,50.2300,100
56126314179756,15:35:26.314,50.2300,2
56126314179756,15:35:26.314,50.2300,100
56126314179756,15:35:26.314,50.2300,98
56154539864742,15:35:54.539,50.2400,100
56154539864742,15:35:54.539,50.2400,300
56154539864742,15:35:54.539,50.2400,100
56154539995934,15:35:54.539,50.2400,100
56154543996882,15:35:54.543,50.2500,90
56195878466157,15:36:35.878,50.2700,100
56195878466157,15:36:35.878,50.2700,1
56195878466157,15:36:35.878,50.2700,100
56195878466157,15:36:35.878,50.2700,1
56195878466157,15:36:35.878,50.2700,100
56195879888314,15:36:35.879,50.2600,2
56195879888314,15:36:35.879,50.2600,98
56195880918299,15:36:35.880,50.2600,2
56195881060567,15:36:35.881,50.2500,100
56204538600597,15:36:44.538,50.2700,100
56204538649305,15:36:44.538,50.2700,37
56204538958140,15:36:44.538,50.2700,100
56204539266652,15:36:44.539,50.2700,100
56204539266652,15:36:44.539,50.2700,163
56235793312497,15:37:15.793,50.2800,14
56235793312497,15:37:15.793,50.2800,100
56235793312497,15:37:15.793,50.2800,100
56235793470585,15:37:15.793,50.2800,100
56235793757774,15:37:15.793,50.2800,100
56235793757774,15:37:15.793,50.2900,4
56235793997671,15:37:15.793,50.2900,47
56235794061102,15:37:15.794,50.2900,49
56235794061102,15:37:15.794,50.2900,1
56235794068475,15:37:15.794,50.2900,3
56295611330769,15:38:15.611,50.2700,10
56295611330769,15:38:15.611,50.2700,100
56295611330769,15:38:15.611,50.2700,100
56295611330769,15:38:15.611,50.2700,10
56295611330769,15:38:15.611,50.2700,100
56295611330769,15:38:15.611,50.2700,100
56295611330769,15:38:15.611,50.2700,2
56295611330769,15:38:15.611,50.2700,227
56295611356897,15:38:15.611,50.2700,73
56295611356897,15:38:15.611,50.2700,1
56295611356897,15:38:15.611,50.2700,100
56295613552696,15:38:15.613,50.2600,100
56295613552696,15:38:15.613,50.2600,2
56295613552696,15:38:15.613,50.2600,98
56295615471284,15:38:15.615,50.2600,2
56295615471284,15:38:15.615,50.2600,114
56295615471284,15:38:15.615,50.2600,84
56306008831904,15:38:26.008,50.2600,16
56306008831904,15:38:26.008,50.2600,100
56306008831904,15:38:26.008,50.2600,100
56317431718754,15:38:37.431,50.2600,100
56317431718754,15:38:37.431,50.2600,4
56317431718754,15:38:37.431,50.2600,20
56317431728609,15:38:37.431,50.2600,237
56317431737457,15:38:37.431,50.2600,43
56317431737457,15:38:37.431,50.2600,6
56317431754571,15:38:37.431,50.2600,28
56317432134170,15:38:37.432,50.2600,21
56317432147534,15:38:37.432,50.2600,49
56317432186550,15:38:37.432,50.2600,1
56317433444617,15:38:37.433,50.2600,29
56317433444617,15:38:37.433,50.2600,70
56317444075672,15:38:37.444,50.2600,30
56323522499449,15:38:43.522,50.2600,50
56344693589701,15:39:04.693,50.2700,100
56344693589701,15:39:04.693,50.2700,100
56344693589701,15:39:04.693,50.2700,1
56344693589701,15:39:04.693,50.2700,100
56344693905191,15:39:04.693,50.2700,100
56344693905191,15:39:04.693,50.2700,100
56344694120436,15:39:04.694,50.2700,100
56344694120436,15:39:04.694,50.2700,100
56363223954913,15:39:23.223,50.2700,3
56363223954913,15:39:23.223,50.2700,100
56363223954913,15:39:23.223,50.2700,37
56363223960297,15:39:23.223,50.2700,50
56363224330373,15:39:23.224,50.2700,13
56363224330373,15:39:23.224,50.2700,100
56363224330373,15:39:23.224,50.2700,87
56363224646644,15:39:23.224,50.2700,100
56363224647165,15:39:23.224,50.2700,13
56386656561154,15:39:46.656,50.2600,1
56386656561154,15:39:46.656,50.2600,42
56386656561970,15:39:46.656,50.2600,58
56404561816110,15:40:04.561,50.2500,100
56441275061843,15:40:41.275,50.2500,100
56441275061843,15:40:41.275,50.2500,100
56441275061843,15:40:41.275,50.2500,100
56441275061843,15:40:41.275,50.2500,100
56441275481649,15:40:41.275,50.2400,38
56441276376986,15:40:41.276,50.2400,52
56441276394555,15:40:41.276,50.2400,10
56441276394555,15:40:41.276,50.2400,5
56441276394555,15:40:41.276,50.2400,100
56442902619696,15:40:42.902,50.2400,100
56442902619696,15:40:42.902,50.2400,100
56442902713836,15:40:42.902,50.2400,100
56442902748612,15:40:42.902,50.2400,100
56442902765720,15:40:42.902,50.2400,100
56474934012401,15:41:14.934,50.2600,100
56480493790042,15:41:20.493,50.2600,5
56480741617498,15:41:20.741,50.2500,1
56481871990768,15:41:21.871,50.2500,29
56484185121943,15:41:24.185,50.2500,100
56484185490019,15:41:24.185,50.2500,100
56495766578886,15:41:35.766,50.2400,100
56498926225563,15:41:38.926,50.2300,100
56498926225563,15:41:38.926,50.2300,100
56499006231073,15:41:39.006,50.2200,100
56514965524016,15:41:54.965,50.2200,100
56514965965191,15:41:54.965,50.2200,100
56523407974208,15:42:03.407,50.2300,100
56523407974208,15:42:03.407,50.2300,100
56523408030935,15:42:03.408,50.2300,100
56523408030935,15:42:03.408,50.2300,100
56523408049982,15:42:03.408,50.2300,150
56523408056895,15:42:03.408,50.2300,199
56523408065447,15:42:03.408,50.2300,100
56523408066379,15:42:03.408,50.2300,2
56523408158241,15:42:03.408,50.2300,100
56523408158241,15:42:03.408,50.2300,20
56523408429698,15:42:03.408,50.2300,80
56523408429698,15:42:03.408,50.2300,23
56523408511118,15:42:03.408,50.2300,3
56523408536083,15:42:03.408,50.2300,48
56523408652730,15:42:03.408,50.2300,26
56523408652730,15:42:03.408,50.2300,49
56523408652730,15:42:03.408,50.2300,100
56523408785805,15:42:03.408,50.2400,120
56580184352596,15:43:00.184,50.2700,1
56582058638668,15:43:02.058,50.2800,200
56582058638668,15:43:02.058,50.2800,4
56582058638668,15:43:02.058,50.2800,14
56582058667267,15:43:02.058,50.2800,86
56582058667267,15:43:02.058,50.2800,100
56582058667267,15:43:02.058,50.2800,100
56582058667267,15:43:02.058,50.2800,100
56582058681016,15:43:02.058,50.2800,49
56582058682780,15:43:02.058,50.2800,47
56582059074369,15:43:02.059,50.2800,4
56582059074369,15:43:02.059,50.2800,100
56582059074369,15:43:02.059,50.2800,100
56582059074369,15:43:02.059,50.2800,96
56582059090608,15:43:02.059,50.2800,4
56582059090608,15:43:02.059,50.2800,100
56582059447158,15:43:02.059,50.2800,100
56582059757221,15:43:02.059,50.2800,100
56652249190708,15:44:12.249,50.2800,96
56652249224575,15:44:12.249,50.2800,4
56652249224575,15:44:12.249,50.2800,96
56652249577432,15:44:12.249,50.2800,4
56652249577432,15:44:12.249,50.2800,1
56652249577432,15:44:12.249,50.2800,91
56700350172722,15:45:00.350,50.2900,100
56700350172722,15:45:00.350,50.2900,100
56700350328001,15:45:00.350,50.2900,100
56700350342014,15:45:00.350,50.2900,200
56700350342014,15:45:00.350,50.2900,100
56700350342014,15:45:00.350,50.2900,100
56700350342014,15:45:00.350,50.2900,100
56700350342014,15:45:00.350,50.2900,100
56700350342014,15:45:00.350,50.2900,100
56700350342014,15:45:00.350,50.2900,13
56700350535593,15:45:00.350,50.2900,87
56700350535593,15:45:00.350,50.2900,88
56700350588444,15:45:00.350,50.2900,12
56700350588444,15:45:00.350,50.2900,100
56700350588444,15:45:00.350,50.2900,100
56700350588444,15:45:00.350,50.2900,70
56700350632782,15:45:00.350,50.2900,30
56700350632782,15:45:00.350,50.2900,100
56700350632782,15:45:00.350,50.2900,100
56700350632782,15:45:00.350,50.2900,100
56700350632782,15:45:00.350,50.2900,100
56700351335833,15:45:00.351,50.3000,5
56701292910963,15:45:01.292,50.3300,1
56712973896750,15:45:12.973,50.3400,3
56713117217471,15:45:13.117,50.3400,1
56713117289887,15:45:13.117,50.3400,99
56713117289887,15:45:13.117,50.3400,100
56731449799573,15:45:31.449,50.3500,3
56731449799573,15:45:31.449,50.3500,2
56731449799573,15:45:31.449,50.3500,100
56731449799573,15:45:31.449,50.3500,100
56737243963592,15:45:37.243,50.3600,10
56737243963592,15:45:37.243,50.3600,90
56737244005687,15:45:37.244,50.3600,10
56737251132069,15:45:37.251,50.3600,100
56737900061349,15:45:37.900,50.3600,100
56738456911678,15:45:38.456,50.3700,1
56760125373326,15:46:00.125,50.3800,10
56763821894822,15:46:03.821,50.4000,5
56781064974214,15:46:21.064,50.3900,3
56787561628926,15:46:27.561,50.3900,100
56792110715125,15:46:32.110,50.3900,100
56801625991787,15:46:41.625,50.3850,100
56802126987021,15:46:42.126,50.3850,200
56802127814645,15:46:42.127,50.3800,100
56802127814645,15:46:42.127,50.3800,2
56802127814645,15:46:42.127,50.3800,1
56802127814645,15:46:42.127,50.3800,100
56802127814645,15:46:42.127,50.3800,100
56802127814645,15:46:42.127,50.3800,97
56802127855481,15:46:42.127,50.3800,3
56802128347355,15:46:42.128,50.3800,100
56802128954964,15:46:42.128,50.3800,100
56802129146107,15:46:42.129,50.3800,100
56828878992160,15:47:08.878,50.3900,68
56853049171921,15:47:33.049,50.3800,100
56853049171921,15:47:33.049,50.3800,1
56853049171921,15:47:33.049,50.3800,1
56853049171921,15:47:33.049,50.3800,52
56853049256445,15:47:33.049,50.3800,48
56853049256445,15:47:33.049,50.3800,100
56853049256445,15:47:33.049,50.3800,100
56860289214680,15:47:40.289,50.3800,100
56860289214680,15:47:40.289,50.3800,100
56880617061440,15:48:00.617,50.3800,100
56880617061440,15:48:00.617,50.3800,100
56880617061440,15:48:00.617,50.3800,100
56880617061440,15:48:00.617,50.3800,100
56914440556448,15:48:34.440,50.3700,100
56914440556448,15:48:34.440,50.3700,1
56914440556448,15:48:34.440,50.3700,68
56914440696226,15:48:34.440,50.3700,32
56914440696226,15:48:34.440,50.3700,68
56914441992014,15:48:34.441,50.3700,232
56914441992014,15:48:34.441,50.3700,100
56914441992014,15:48:34.441,50.3700,1
56914441992014,15:48:34.441,50.3700,47
56914442021301,15:48:34.442,50.3700,53
56914442021301,15:48:34.442,50.3700,20
56914447262507,15:48:34.447,50.3600,1
56914449747800,15:48:34.449,50.3600,1
56915197996677,15:48:35.197,50.3550,100
56915698982518,15:48:35.698,50.3550,100
56929852604541,15:48:49.852,50.3550,50
56929852605863,15:48:49.852,50.3550,50
56929852605863,15:48:49.852,50.3600,30
56929852639414,15:48:49.852,50.3600,70
56929852639414,15:48:49.852,50.3600,30
56929853074868,15:48:49.853,50.3600,70
56929853074868,15:48:49.853,50.3600,19
56929853074868,15:48:49.853,50.3600,11
56929853115364,15:48:49.853,50.3600,1
56929853118038,15:48:49.853,50.3600,100
56929853151867,15:48:49.853,50.3600,188
56929853151867,15:48:49.853,50.3600,100
56929853151867,15:48:49.853,50.3600,100
56929854082049,15:48:49.854,50.3600,100
56939194170022,15:48:59.194,50.3600,5
57010563490695,15:50:10.563,50.3500,41
57010563517501,15:50:10.563,50.3500,159
57010563517501,15:50:10.563,50.3500,100
57010563517501,15:50:10.563,50.3500,1
57010563517501,15:50:10.563,50.3500,1
57010563517501,15:50:10.563,50.3500,83
57010563520025,15:50:10.563,50.3500,17
57010563520025,15:50:10.563,50.3500,100
57010563520025,15:50:10.563,50.3500,100
57010563520025,15:50:10.563,50.3500,90
57010563556065,15:50:10.563,50.3500,10
57010563556065,15:50:10.563,50.3500,40
57010563582646,15:50:10.563,50.3500,10
57010563817237,15:50:10.563,50.3500,50
57010569509720,15:50:10.569,50.3400,37
57010570648458,15:50:10.570,50.3400,37
57010802127357,15:50:10.802,50.3500,10
57031054200136,15:50:31.054,50.3400,200
57031054200136,15:50:31.054,50.3400,1
57031054200136,15:50:31.054,50.3400,300
57031054200136,15:50:31.054,50.3400,2
57031054200136,15:50:31.054,50.3400,100
57031058351803,15:50:31.058,50.3300,100
57031058370176,15:50:31.058,50.3300,200
57031058370176,15:50:31.058,50.3300,57
57031058398793,15:50:31.058,50.3300,38
57031058406969,15:50:31.058,50.3300,5
57031058406969,15:50:31.058,50.3300,38
57074149344209,15:51:14.149,50.3300,1
57074149344209,15:51:14.149,50.3300,3
57074149344209,15:51:14.149,50.3300,100
57074149344209,15:51:14.149,50.3300,1
57074149344209,15:51:14.149,50.3300,95
57075560687699,15:51:15.560,50.3300,100
57075560687699,15:51:15.560,50.3300,1
57075560687699,15:51:15.560,50.3300,100
57075561422450,15:51:15.561,50.3300,100
57075561954555,15:51:15.561,50.3300,100
57095368916369,15:51:35.368,50.3200,200
57095368916369,15:51:35.368,50.3200,100
57095368916369,15:51:35.368,50.3200,75
57095368916369,15:51:35.368,50.3200,1
57095368916369,15:51:35.368,50.3200,100
57124008838043,15:52:04.008,50.3100,100
57124008838043,15:52:04.008,50.3100,2
57124008838043,15:52:04.008,50.3100,1
57130217344496,15:52:10.217,50.3100,100
57130217344496,15:52:10.217,50.3100,100
57130217344496,15:52:10.217,50.3100,100
57130217447603,15:52:10.217,50.3100,100
57130260199178,15:52:10.260,50.3100,1
57150926396558,15:52:30.926,50.3000,100
57150926396558,15:52:30.926,50.3000,100
57150926436695,15:52:30.926,50.3000,2
57150926441596,15:52:30.926,50.3000,49
57150926463493,15:52:30.926,50.3000,40
57150927060122,15:52:30.927,50.3000,209
57150927063522,15:52:30.927,50.3000,100
57150927076112,15:52:30.927,50.3000,51
57150927093370,15:52:30.927,50.3000,49
57150927666687,15:52:30.927,50.3000,2
57150927666687,15:52:30.927,50.3000,98
57150929059066,15:52:30.929,50.3000,102
57150929059066,15:52:30.929,50.3000,98
57150929258284,15:52:30.929,50.3000,2
57150931296609,15:52:30.931,50.3000,42
57153605284395,15:52:33.605,50.3000,1
57154893358700,15:52:34.893,50.2900,100
57154893358700,15:52:34.893,50.2900,100
57159164227820,15:52:39.164,50.2900,2
57161029911304,15:52:41.029,50.2900,100
57164241816685,15:52:44.241,50.2900,98
57164241816685,15:52:44.241,50.2900,100
57164241816685,15:52:44.241,50.2900,2
57166953068586,15:52:46.953,50.2900,98
57166953068586,15:52:46.953,50.2900,1
57166953068586,15:52:46.953,50.2900,2
57166953068586,15:52:46.953,50.2900,23
57166953565582,15:52:46.953,50.2900,77
57166953565582,15:52:46.953,50.2900,23
57166953684075,15:52:46.953,50.2900,77
57167005748985,15:52:47.005,50.2800,100
57186982990015,15:53:06.982,50.2600,100
57186983021644,15:53:06.983,50.2600,100
57186983021644,15:53:06.983,50.2600,75
57186983021644,15:53:06.983,50.2600,2
57195185242855,15:53:15.185,50.2500,100
57195185242855,15:53:15.185,50.2500,100
57195185242855,15:53:15.185,50.2500,100
57231196276458,15:53:51.196,50.2400,2
57231196276458,15:53:51.196,50.2400,100
57231196276458,15:53:51.196,50.2400,1
57231196276458,15:53:51.196,50.2400,100
57231196276458,15:53:51.196,50.2400,100
57231196276458,15:53:51.196,50.2400,100
57231197214784,15:53:51.197,50.2400,40
57245293299904,15:54:05.293,50.2500,100
57270766518597,15:54:30.766,50.2400,100
57270766518597,15:54:30.766,50.2400,71
57270766552714,15:54:30.766,50.2400,29
57270766552714,15:54:30.766,50.2400,100
57270766552714,15:54:30.766,50.2400,100
57270766552714,15:54:30.766,50.2400,100
57270766552714,15:54:30.766,50.2400,100
57270766556512,15:54:30.766,50.2400,148
57270766593675,15:54:30.766,50.2400,52
57270766593675,15:54:30.766,50.2400,23
57270766594536,15:54:30.766,50.2400,171
57270767206570,15:54:30.767,50.2400,100
57270767206570,15:54:30.767,50.2400,100
57270767224588,15:54:30.767,50.2400,200
57270917707982,15:54:30.917,50.2400,6
57270917707982,15:54:30.917,50.2500,100
57270917707982,15:54:30.917,50.2500,94
57271221703897,15:54:31.221,50.2500,6
57271221703897,15:54:31.221,50.2500,100
57271221703897,15:54:31.221,50.2500,94
57271223338661,15:54:31.223,50.2500,6
57271223338661,15:54:31.223,50.2500,94
57271403495366,15:54:31.403,50.2500,6
57271403495366,15:54:31.403,50.2500,94
57300105923499,15:55:00.105,50.2500,6
57300105923499,15:55:00.105,50.2500,94
57300940110031,15:55:00.940,50.2500,6
57300940110031,15:55:00.940,50.2500,94
57300941451018,15:55:00.941,50.2500,6
57300941451018,15:55:00.941,50.2500,100
57300941451018,15:55:00.941,50.2500,94
57300941628314,15:55:00.941,50.2500,6
57300941628314,15:55:00.941,50.2500,43
57300941655407,15:55:00.941,50.2500,50
57300943232840,15:55:00.943,50.2500,7
57300943232840,15:55:00.943,50.2500,43
57300945114198,15:55:00.945,50.2500,2
57301173618092,15:55:01.173,50.2500,55
57305469832430,15:55:05.469,50.2600,4
57305469912323,15:55:05.469,50.2600,73
57305469937599,15:55:05.469,50.2600,23
57305469937599,15:55:05.469,50.2600,200
57305471660247,15:55:05.471,50.2600,100
57320482872404,15:55:20.482,50.2800,100
57337253146818,15:55:37.253,50.3000,1
57337253146818,15:55:37.253,50.3000,100
57337253146818,15:55:37.253,50.3000,100
57337254453075,15:55:37.254,50.3000,20
57337352112966,15:55:37.352,50.3000,1
57337356797826,15:55:37.356,50.3000,79
57337356797826,15:55:37.356,50.3000,21
57337358826823,15:55:37.358,50.3000,79
57337358826823,15:55:37.358,50.3000,21
57337380796599,15:55:37.380,50.3000,79
57342007168587,15:55:42.007,50.3000,100
57342586646785,15:55:42.586,50.3300,5
57342653651870,15:55:42.653,50.3200,99
57352076446422,15:55:52.076,50.3400,36
57355008990045,15:55:55.008,50.3400,100
57357945370007,15:55:57.945,50.3400,20
57360162290661,15:56:00.162,50.3400,80
57360164097324,15:56:00.164,50.3500,3
57360164097324,15:56:00.164,50.3500,17
57366171591303,15:56:06.171,50.3500,4
57370040809884,15:56:10.040,50.3500,28
57370079656651,15:56:10.079,50.3500,68
57371881595966,15:56:11.881,50.3500,100
57384628894185,15:56:24.628,50.3500,100
57397324291388,15:56:37.324,50.3500,100
57402248876010,15:56:42.248,50.3500,4
57431269554997,15:57:11.269,50.3500,96
57431269554997,15:57:11.269,50.3500,4
57443146517009,15:57:23.146,50.3400,4
57443146517009,15:57:23.146,50.3400,96
57443146614415,15:57:23.146,50.3400,4
57443146614415,15:57:23.146,50.3400,96
57443146828987,15:57:23.146,50.3400,4
57443146866336,15:57:23.146,50.3400,96
57443147082893,15:57:23.147,50.3400,4
57443147082893,15:57:23.147,50.3400,96
57449445657527,15:57:29.445,50.3400,4
57449445657527,15:57:29.445,50.3400,4
57449445657527,15:57:29.445,50.3400,29
57469663995824,15:57:49.663,50.3450,100
57470163999620,15:57:50.163,50.3450,200
57479243186436,15:57:59.243,50.3500,2
57480545571104,15:58:00.545,50.3400,71
57480545571104,15:58:00.545,50.3400,100
57480545571104,15:58:00.545,50.3400,100
57480545571104,15:58:00.545,50.3400,21
57480545612071,15:58:00.545,50.3400,79
57480545669939,15:58:00.545,50.3400,100
57480571787602,15:58:00.571,50.3400,40
57480578641291,15:58:00.578,50.3400,5
57483453003296,15:58:03.453,50.3350,100
57483461029470,15:58:03.461,50.3400,100
57483461040158,15:58:03.461,50.3400,129
57484333695890,15:58:04.333,50.3400,4
57484983995133,15:58:04.983,50.3350,100
57485484995051,15:58:05.484,50.3350,300
57485495980727,15:58:05.495,50.3400,20
57485985992651,15:58:05.985,50.3350,100
57494024822634,15:58:14.024,50.3400,1
57500262607388,15:58:20.262,50.3400,246
57500262607388,15:58:20.262,50.3400,54
57500262650229,15:58:20.262,50.3400,46
57500262650229,15:58:20.262,50.3400,54
57500293295984,15:58:20.293,50.3400,20
57514492532777,15:58:34.492,50.3400,100
57514920660331,15:58:34.920,50.3400,1
57523605512878,15:58:43.605,50.3400,20
57525102172108,15:58:45.102,50.3400,4
57526643555194,15:58:46.643,50.3400,103
57533088443963,15:58:53.088,50.3400,98
57533088443963,15:58:53.088,50.3400,2
57536007223766,15:58:56.007,50.3400,1
57538446849526,15:58:58.446,50.3400,2
57542517584003,15:59:02.517,50.3400,95
57542517584003,15:59:02.517,50.3400,5
57542517761161,15:59:02.517,50.3400,50
57542517976033,15:59:02.517,50.3400,45
57542517976033,15:59:02.517,50.3400,100
57542517976033,15:59:02.517,50.3400,47
57542517976033,15:59:02.517,50.3400,8
57542524692971,15:59:02.524,50.3400,92
57542524692971,15:59:02.524,50.3400,8
57544045511975,15:59:04.045,50.3400,20
57550185171247,15:59:10.185,50.3400,28
57550185171247,15:59:10.185,50.3400,343
57551898769526,15:59:11.898,50.3500,62
57551898769526,15:59:11.898,50.3500,70
57554267518093,15:59:14.267,50.3500,27
57554267518093,15:59:14.267,50.3500,3
57554267518093,15:59:14.267,50.3500,44
57565274713106,15:59:25.274,50.3450,100
57574890482489,15:59:34.890,50.3600,53
57580980276949,15:59:40.980,50.3800,20
57600285455000,16:00:00.285,0.0000,0
58891036218522,16:21:31.036,51.4000,1
