timestamp,time,price,volume
34200694616896,09:30:00.694,0.0000,0
34248165032480,09:30:48.165,16.0700,100
34255580447139,09:30:55.580,16.0500,100
34255580447139,09:30:55.580,16.0500,100
34255580619775,09:30:55.580,16.0500,100
34255612160046,09:30:55.612,16.0500,100
34255612160046,09:30:55.612,16.0500,100
34255850235057,09:30:55.850,16.0500,100
34255850235057,09:30:55.850,16.0500,64
34255850283278,09:30:55.850,16.0500,36
34268863978145,09:31:08.863,16.0500,100
34268863978145,09:31:08.863,16.0500,100
34269303306058,09:31:09.303,16.0500,100
34269303306058,09:31:09.303,16.0500,100
34273475866018,09:31:13.475,16.0500,78
34273475894536,09:31:13.475,16.0500,22
34282123568118,09:31:22.123,16.0600,100
34282123568118,09:31:22.123,16.0600,400
34299718084733,09:31:39.718,16.0800,100
34299718084733,09:31:39.718,16.0800,200
34299722822020,09:31:39.722,16.0900,100
34299722822020,09:31:39.722,16.0900,400
34299722822020,09:31:39.722,16.0900,100
34320132844317,09:32:00.132,16.0800,100
34320871739242,09:32:00.871,16.0900,100
34320871739242,09:32:00.871,16.0900,100
34320871739242,09:32:00.871,16.0900,100
34321356759816,09:32:01.356,16.0900,637
34321356759816,09:32:01.356,16.0900,300
34321356759816,09:32:01.356,16.0900,100
34324726598065,09:32:04.726,16.0800,100
34324741386584,09:32:04.741,16.0900,600
34324741386584,09:32:04.741,16.0900,228
34324741823803,09:32:04.741,16.0900,72
34324741823803,09:32:04.741,16.0900,57
34333830741686,09:32:13.830,16.0900,43
34333830741686,09:32:13.830,16.0900,100
34333830741686,09:32:13.830,16.0900,57
34346878310079,09:32:26.878,16.0900,43
34377498485840,09:32:57.498,16.0900,100
34390126243194,09:33:10.126,16.0900,25
34391645610749,09:33:11.645,16.0900,100
34392267340165,09:33:12.267,16.0900,400
34392267340165,09:33:12.267,16.0900,100
34411477588754,09:33:31.477,16.0800,100
34411477588754,09:33:31.477,16.0800,100
34411875042704,09:33:31.875,16.0900,1000
34411875042704,09:33:31.875,16.0900,100
34411875042704,09:33:31.875,16.0900,100
34447325906726,09:34:07.325,16.0900,400
34447325944916,09:34:07.325,16.0900,100
34447325974945,09:34:07.325,16.0900,100
34447326421125,09:34:07.326,16.0900,200
34450682884962,09:34:10.682,16.0850,57
34489848843319,09:34:49.848,16.0800,100
34489848843319,09:34:49.848,16.0800,100
34500428883271,09:35:00.428,16.0800,100
34500428908851,09:35:00.428,16.0800,5
34502028689219,09:35:02.028,16.0900,6
34504579650899,09:35:04.579,16.0900,94
34507769261684,09:35:07.769,16.0900,6
34507769261684,09:35:07.769,16.0900,100
34525202407961,09:35:25.202,16.1000,100
34525202407961,09:35:25.202,16.1000,100
34525202407961,09:35:25.202,16.1000,100
34525730431252,09:35:25.730,16.1000,100
34525730748933,09:35:25.730,16.1000,13
34527143967817,09:35:27.143,16.1000,100
34527143967817,09:35:27.143,16.1000,100
34547445409126,09:35:47.445,16.0900,100
34547445409126,09:35:47.445,16.0900,500
34550111888804,09:35:50.111,16.0900,200
34555720619014,09:35:55.720,16.1000,100
34555720619014,09:35:55.720,16.1000,100
34555720619014,09:35:55.720,16.1000,95
34555720752463,09:35:55.720,16.1000,590
34561398136242,09:36:01.398,16.1000,400
34561398136242,09:36:01.398,16.1000,200
34585629204800,09:36:25.629,16.0900,100
34585629204800,09:36:25.629,16.0900,200
34585629204800,09:36:25.629,16.0900,400
34585629204800,09:36:25.629,16.0900,180
34640488970547,09:37:20.488,16.0950,3
34678796824497,09:37:58.796,16.0900,500
34706921385314,09:38:26.921,16.0800,100
34707153613218,09:38:27.153,16.0750,100
34707153613218,09:38:27.153,16.0700,100
34707153613218,09:38:27.153,16.0700,50
34747156440572,09:39:07.156,16.0800,100
34747156440572,09:39:07.156,16.0800,200
34747156440572,09:39:07.156,16.0800,100
34747156440572,09:39:07.156,16.0800,100
34747156440572,09:39:07.156,16.0800,100
34747156440572,09:39:07.156,16.0800,600
34747156440572,09:39:07.156,16.0800,100
34747156440572,09:39:07.156,16.0800,100
34749738496413,09:39:09.738,16.0900,200
34749738496413,09:39:09.738,16.0900,100
34749738496413,09:39:09.738,16.0900,95
34749738505051,09:39:09.738,16.0900,5
34749738505051,09:39:09.738,16.0900,100
34749738505051,09:39:09.738,16.0900,100
34749738505051,09:39:09.738,16.0900,100
34749739049403,09:39:09.739,16.0900,300
34749739049403,09:39:09.739,16.0900,100
34749739049403,09:39:09.739,16.0900,200
34749739049403,09:39:09.739,16.0900,59
34749739049403,09:39:09.739,16.0900,100
34749739049403,09:39:09.739,16.0900,100
34749739049403,09:39:09.739,16.0900,1000
34749739049403,09:39:09.739,16.0900,100
34749739049403,09:39:09.739,16.0900,100
34749739049403,09:39:09.739,16.0900,100
34749739049403,09:39:09.739,16.0900,149
34749739867436,09:39:09.739,16.0900,12
34749740443807,09:39:09.740,16.0900,39
34757970658523,09:39:17.970,16.0750,100
34757970658523,09:39:17.970,16.0700,100
34757970658523,09:39:17.970,16.0700,200
34757970658523,09:39:17.970,16.0700,400
34757970711947,09:39:17.970,16.0700,76
34775054220929,09:39:35.054,16.0650,100
34775054220929,09:39:35.054,16.0600,100
34871179736467,09:41:11.179,16.0550,100
34871179736467,09:41:11.179,16.0600,200
34871179736467,09:41:11.179,16.0600,100
34871179736467,09:41:11.179,16.0600,100
34871179736467,09:41:11.179,16.0600,100
34871179788069,09:41:11.179,16.0600,100
34880037876226,09:41:20.037,16.0700,100
34880037876226,09:41:20.037,16.0700,100
34887671169366,09:41:27.671,16.0800,200
34887671169366,09:41:27.671,16.0800,100
34921881999254,09:42:01.881,16.1000,100
34921881999254,09:42:01.881,16.1000,100
34942910907317,09:42:22.910,16.1000,400
34942910907317,09:42:22.910,16.1000,200
34944728265299,09:42:24.728,16.0900,500
34944728265299,09:42:24.728,16.0900,100
34954441160406,09:42:34.441,16.0900,100
34954441160406,09:42:34.441,16.0900,100
34956501625439,09:42:36.501,16.0900,200
34956501706749,09:42:36.501,16.0900,200
34999290389827,09:43:19.290,16.0900,100
35021639986483,09:43:41.639,16.1000,100
35043915762067,09:44:03.915,16.1000,100
35043915762067,09:44:03.915,16.1000,100
35043915762067,09:44:03.915,16.1000,100
35043915762067,09:44:03.915,16.1000,100
35048313556862,09:44:08.313,16.1100,100
35048313556862,09:44:08.313,16.1100,100
35125060917145,09:45:25.060,16.1000,300
35144667999120,09:45:44.667,16.0900,4
35144668684680,09:45:44.668,16.0900,178
35155025839428,09:45:55.025,16.0800,100
35159129051956,09:45:59.129,16.0850,100
35165895944605,09:46:05.895,16.0850,100
35165913492419,09:46:05.913,16.0900,100
35165913492419,09:46:05.913,16.0900,300
35165913492419,09:46:05.913,16.0900,100
35165913492419,09:46:05.913,16.0900,100
35165914885418,09:46:05.914,16.0900,100
35170087544287,09:46:10.087,16.0900,100
35170087544287,09:46:10.087,16.0900,100
35170087544287,09:46:10.087,16.0900,800
35170087544287,09:46:10.087,16.0900,300
35170087544287,09:46:10.087,16.0900,100
35192981128356,09:46:32.981,16.0900,300
35192981128356,09:46:32.981,16.0900,6
35231706446390,09:47:11.706,16.0800,100
35231706446390,09:47:11.706,16.0800,100
35231706446390,09:47:11.706,16.0800,100
35236306239438,09:47:16.306,16.0750,5
35237313983834,09:47:17.313,16.0800,100
35237313983834,09:47:17.313,16.0800,100
35243704849086,09:47:23.704,16.0800,100
35243706573291,09:47:23.706,16.0800,100
35243706573291,09:47:23.706,16.0800,100
35243706573291,09:47:23.706,16.0800,100
35293036293947,09:48:13.036,16.0900,300
35296217908165,09:48:16.217,16.0950,5
35330693397333,09:48:50.693,16.0800,400
35330762959907,09:48:50.762,16.0800,5
35358667974890,09:49:18.667,16.0800,100
35358667974890,09:49:18.667,16.0800,300
35358667974890,09:49:18.667,16.0800,100
35358667974890,09:49:18.667,16.0800,100
35368108429190,09:49:28.108,16.0800,300
35399505234778,09:49:59.505,16.0800,300
35399505234778,09:49:59.505,16.0800,100
35415053204761,09:50:15.053,16.0800,400
35415053231582,09:50:15.053,16.0800,100
35415053231582,09:50:15.053,16.0800,6
35421446589535,09:50:21.446,16.0800,1000
35421446589535,09:50:21.446,16.0800,100
35421446589535,09:50:21.446,16.0800,300
35520806946231,09:52:00.806,16.0800,100
35520806946231,09:52:00.806,16.0800,400
35520806946231,09:52:00.806,16.0800,100
35520810163840,09:52:00.810,16.0750,100
35522220661600,09:52:02.220,16.0800,100
35525085694742,09:52:05.085,16.0800,100
35525085694742,09:52:05.085,16.0800,78
35525086285714,09:52:05.086,16.0800,22
35525086285714,09:52:05.086,16.0800,100
35525086285714,09:52:05.086,16.0800,600
35564528955170,09:52:44.528,16.0900,100
35564528955170,09:52:44.528,16.0900,100
35564528955170,09:52:44.528,16.0900,100
35564528955170,09:52:44.528,16.0900,100
35564528955170,09:52:44.528,16.0900,100
35566552917562,09:52:46.552,16.0950,6
35588548603818,09:53:08.548,16.0850,4
35625071065950,09:53:45.071,16.0900,100
35666071417501,09:54:26.071,16.0950,100
35667542733743,09:54:27.542,16.0800,2
35702581244572,09:55:02.581,16.0900,100
35702581244572,09:55:02.581,16.0900,100
35702581244572,09:55:02.581,16.0900,100
35756071341913,09:55:56.071,16.1000,100
35756071341913,09:55:56.071,16.1000,100
35819751618095,09:56:59.751,16.1050,100
35819751618095,09:56:59.751,16.1100,100
35819751618095,09:56:59.751,16.1100,400
35819821407991,09:56:59.821,16.1100,100
35819821407991,09:56:59.821,16.1100,100
35819821407991,09:56:59.821,16.1100,100
35862924001627,09:57:42.924,16.1050,400
35862924001627,09:57:42.924,16.1000,400
35862924095987,09:57:42.924,16.1000,100
35862925183581,09:57:42.925,16.1000,100
35862925183581,09:57:42.925,16.1000,100
35862925183581,09:57:42.925,16.1000,100
35862925317210,09:57:42.925,16.1000,600
35862947234833,09:57:42.947,16.1000,300
35862947234833,09:57:42.947,16.1000,200
35862947234833,09:57:42.947,16.1000,100
35862947234833,09:57:42.947,16.1000,400
35862947234833,09:57:42.947,16.1000,196
35862948126686,09:57:42.948,16.1000,4
35876985142072,09:57:56.985,16.1100,600
35876985142072,09:57:56.985,16.1100,100
35876985142072,09:57:56.985,16.1100,100
35876985142072,09:57:56.985,16.1100,100
35876985142072,09:57:56.985,16.1100,300
35876999963770,09:57:56.999,16.1200,100
35876999963770,09:57:56.999,16.1200,100
35876999963770,09:57:56.999,16.1200,85
35877001298531,09:57:57.001,16.1200,15
35877001298531,09:57:57.001,16.1200,100
35877001298531,09:57:57.001,16.1200,3
35877001366769,09:57:57.001,16.1200,100
35877002015397,09:57:57.002,16.1200,100
35877002015397,09:57:57.002,16.1200,400
35877007353167,09:57:57.007,16.1200,100
35880034663678,09:58:00.034,16.1250,100
35880034663678,09:58:00.034,16.1200,100
35880034663678,09:58:00.034,16.1200,800
35880034663678,09:58:00.034,16.1200,300
35880034690806,09:58:00.034,16.1200,100
35880034794871,09:58:00.034,16.1200,600
35921238543165,09:58:41.238,16.1200,400
35921238543165,09:58:41.238,16.1200,100
35921238543165,09:58:41.238,16.1200,100
35921238543165,09:58:41.238,16.1200,100
35987829071051,09:59:47.829,16.1300,100
35987829071051,09:59:47.829,16.1300,100
35987829260608,09:59:47.829,16.1300,100
35999326040806,09:59:59.326,16.1350,100
35999326040806,09:59:59.326,16.1300,1400
35999326040806,09:59:59.326,16.1300,100
35999326040806,09:59:59.326,16.1300,100
35999326279548,09:59:59.326,16.1300,78
35999327187079,09:59:59.327,16.1300,22
36000150114405,10:00:00.150,16.1250,100
36000150114405,10:00:00.150,16.1250,100
36000150114405,10:00:00.150,16.1250,100
36000150114405,10:00:00.150,16.1250,100
36000150114405,10:00:00.150,16.1250,100
36000150114405,10:00:00.150,16.1300,200
36011793013071,10:00:11.793,16.1250,100
36019470167702,10:00:19.470,16.1200,16
36019470167702,10:00:19.470,16.1200,400
36026463015955,10:00:26.463,16.1150,100
36027004012928,10:00:27.004,16.1150,100
36046009943516,10:00:46.009,16.1100,100
36046010344664,10:00:46.010,16.1100,100
36047180295684,10:00:47.180,16.1100,400
36063867611264,10:01:03.867,16.1100,400
36063867611264,10:01:03.867,16.1100,200
36063867611264,10:01:03.867,16.1100,200
36063867611264,10:01:03.867,16.1100,100
36063867611264,10:01:03.867,16.1100,100
36063867611264,10:01:03.867,16.1100,100
36099324573947,10:01:39.324,16.1150,100
36099324573947,10:01:39.324,16.1100,400
36099324573947,10:01:39.324,16.1100,500
36099324573947,10:01:39.324,16.1100,200
36099324618705,10:01:39.324,16.1100,700
36099324618705,10:01:39.324,16.1100,10
36101896469758,10:01:41.896,16.1100,100
36101896469758,10:01:41.896,16.1100,500
36101896469758,10:01:41.896,16.1100,100
36126147172464,10:02:06.147,16.1150,100
36130023023964,10:02:10.023,16.1150,100
36153628589669,10:02:33.628,16.1150,100
36153628589669,10:02:33.628,16.1100,300
36153628736668,10:02:33.628,16.1100,1
36153628736668,10:02:33.628,16.1100,100
36165022610998,10:02:45.022,16.1050,100
36165022610998,10:02:45.022,16.1000,300
36165022892265,10:02:45.022,16.1000,100
36166691800158,10:02:46.691,16.0900,1
36180809765367,10:03:00.809,16.1000,100
36180809765367,10:03:00.809,16.1000,86
36180811815659,10:03:00.811,16.1000,14
36180811815659,10:03:00.811,16.1000,386
36197966709135,10:03:17.966,16.1000,400
36197970161243,10:03:17.970,16.1000,100
36197970161243,10:03:17.970,16.1000,100
36197970161243,10:03:17.970,16.1000,100
36238875037551,10:03:58.875,16.1050,100
36276918673321,10:04:36.918,16.1100,400
36276921274237,10:04:36.921,16.1100,100
36276921274237,10:04:36.921,16.1100,10
36276921274237,10:04:36.921,16.1100,100
36284774119852,10:04:44.774,16.1150,100
36284774119852,10:04:44.774,16.1100,100
36284774119852,10:04:44.774,16.1100,100
36293688620217,10:04:53.688,16.1200,400
36293688620217,10:04:53.688,16.1200,100
36293688620217,10:04:53.688,16.1200,100
36293688620217,10:04:53.688,16.1200,100
36336783481647,10:05:36.783,16.1250,100
36336783481647,10:05:36.783,16.1200,900
36336783481647,10:05:36.783,16.1200,100
36336783509399,10:05:36.783,16.1200,100
36337290742311,10:05:37.290,16.1100,100
36354878510110,10:05:54.878,16.1050,100
36354878510110,10:05:54.878,16.1000,400
36354880474683,10:05:54.880,16.0950,11
36436239503263,10:07:16.239,16.0800,75
36474751815644,10:07:54.751,16.0850,100
36632180911647,10:10:32.180,16.0850,100
36632180911647,10:10:32.180,16.0850,100
36632180911647,10:10:32.180,16.0850,100
36632180911647,10:10:32.180,16.0850,100
36632180911647,10:10:32.180,16.0850,150
36632180911647,10:10:32.180,16.0850,100
36632180911647,10:10:32.180,16.0900,100
36632180911647,10:10:32.180,16.0900,100
36632180911647,10:10:32.180,16.0900,100
36632180911647,10:10:32.180,16.0900,100
36632180911647,10:10:32.180,16.0900,500
36632180911647,10:10:32.180,16.0900,100
36632180911647,10:10:32.180,16.0900,200
36632180911647,10:10:32.180,16.0900,100
36632180911647,10:10:32.180,16.0900,100
36632180911647,10:10:32.180,16.0900,600
36632180911647,10:10:32.180,16.0900,100
36632180911647,10:10:32.180,16.0900,100
36632180911647,10:10:32.180,16.0900,100
36632180911647,10:10:32.180,16.0900,50
36632181438254,10:10:32.181,16.0900,50
36632181438254,10:10:32.181,16.0900,200
36632181438254,10:10:32.181,16.0900,200
36632181438254,10:10:32.181,16.0900,100
36632181438254,10:10:32.181,16.0900,100
36632181438254,10:10:32.181,16.0900,100
36632181713086,10:10:32.181,16.0900,100
36632181713086,10:10:32.181,16.0900,100
36632181713086,10:10:32.181,16.0900,16
36632181776011,10:10:32.181,16.0900,84
36632181776011,10:10:32.181,16.0900,16
36632181776826,10:10:32.181,16.0900,100
36632181779706,10:10:32.181,16.0900,100
36632181811408,10:10:32.181,16.0900,100
36632752008787,10:10:32.752,16.0950,200
36673161620757,10:11:13.161,16.1100,500
36681106939346,10:11:21.106,16.1150,100
36705963999766,10:11:45.963,16.1150,100
36708700170386,10:11:48.700,16.1200,100
36727279333828,10:12:07.279,16.1250,200
36727279333828,10:12:07.279,16.1200,1
36727279421575,10:12:07.279,16.1200,1
36727279421575,10:12:07.279,16.1200,100
36727279421575,10:12:07.279,16.1200,99
36727279496843,10:12:07.279,16.1200,78
36727279599206,10:12:07.279,16.1200,100
36727279599206,10:12:07.279,16.1200,100
36727279599206,10:12:07.279,16.1200,100
36727279599206,10:12:07.279,16.1200,100
36727279599206,10:12:07.279,16.1200,100
36727279599206,10:12:07.279,16.1200,100
36727279599206,10:12:07.279,16.1200,23
36736602120513,10:12:16.602,16.1200,100
36736602120513,10:12:16.602,16.1200,100
36736602120513,10:12:16.602,16.1200,200
36745883717546,10:12:25.883,16.1300,100
36745883717546,10:12:25.883,16.1300,100
36745883717546,10:12:25.883,16.1300,100
36745883717546,10:12:25.883,16.1300,8
36745883717546,10:12:25.883,16.1300,100
36786811760793,10:13:06.811,16.1400,500
36786811760793,10:13:06.811,16.1400,100
36875531517615,10:14:35.531,16.1500,400
36941438208853,10:15:41.438,16.1450,100
36941438208853,10:15:41.438,16.1400,100
36941438208853,10:15:41.438,16.1400,100
36941438208853,10:15:41.438,16.1400,100
36941438208853,10:15:41.438,16.1400,83
36941438490290,10:15:41.438,16.1400,417
36941438490290,10:15:41.438,16.1400,100
36941438490290,10:15:41.438,16.1400,100
37021821148052,10:17:01.821,16.1400,100
37021821148052,10:17:01.821,16.1400,100
37021821148052,10:17:01.821,16.1400,100
37021840459881,10:17:01.840,16.1400,100
37021840459881,10:17:01.840,16.1400,100
37021840459881,10:17:01.840,16.1400,100
37056553515172,10:17:36.553,16.1450,100
37056553515172,10:17:36.553,16.1500,640
37056553515172,10:17:36.553,16.1500,200
37056553515172,10:17:36.553,16.1500,100
37056553515172,10:17:36.553,16.1500,100
37058932153803,10:17:38.932,16.1500,100
37058932153803,10:17:38.932,16.1500,500
37058932153803,10:17:38.932,16.1500,1
37065018303309,10:17:45.018,16.1450,400
37065018596573,10:17:45.018,16.1450,100
37065018596573,10:17:45.018,16.1400,100
37065018596573,10:17:45.018,16.1400,100
37065018596573,10:17:45.018,16.1400,100
37065018596573,10:17:45.018,16.1400,100
37065019578927,10:17:45.019,16.1400,100
37065019578927,10:17:45.019,16.1400,100
37065019578927,10:17:45.019,16.1400,200
37065182852371,10:17:45.182,16.1400,100
37065308449798,10:17:45.308,16.1400,100
37066100926620,10:17:46.100,16.1400,50
37066342908902,10:17:46.342,16.1400,50
37066342908902,10:17:46.342,16.1400,100
37066342908902,10:17:46.342,16.1400,387
37066698129046,10:17:46.698,16.1400,100
37068584038751,10:17:48.584,16.1400,100
37093131261475,10:18:13.131,16.1450,600
37093131261475,10:18:13.131,16.1400,47
37093132332066,10:18:13.132,16.1400,200
37093132332066,10:18:13.132,16.1400,300
37093132437214,10:18:13.132,16.1400,1000
37093615658768,10:18:13.615,16.1350,100
37093615658768,10:18:13.615,16.1350,100
37094539817154,10:18:14.539,16.1400,300
37094539817154,10:18:14.539,16.1400,100
37094539817154,10:18:14.539,16.1400,500
37094539817154,10:18:14.539,16.1400,100
37166255329632,10:19:26.255,16.1450,100
37166255329632,10:19:26.255,16.1400,100
37166255631157,10:19:26.255,16.1400,400
37166256008461,10:19:26.256,16.1400,178
37166260954908,10:19:26.260,16.1400,622
37166260954908,10:19:26.260,16.1400,400
37166260954908,10:19:26.260,16.1400,400
37166262739889,10:19:26.262,16.1400,100
37166262739889,10:19:26.262,16.1400,100
37167494922593,10:19:27.494,16.1350,100
37210403016014,10:20:10.403,16.1350,100
37210403016014,10:20:10.403,16.1300,100
37210403016014,10:20:10.403,16.1300,10
37210404200562,10:20:10.404,16.1300,100
37215134512070,10:20:15.134,16.1300,100
37215134512070,10:20:15.134,16.1300,6
37215134770827,10:20:15.134,16.1300,94
37215134891253,10:20:15.134,16.1300,100
37234267053552,10:20:34.267,16.1350,100
37234267053552,10:20:34.267,16.1300,400
37259879217854,10:20:59.879,16.1300,100
37259879217854,10:20:59.879,16.1300,100
37259879217854,10:20:59.879,16.1300,500
37259879217854,10:20:59.879,16.1300,100
37259879217854,10:20:59.879,16.1300,400
37259879217854,10:20:59.879,16.1300,300
37259879217854,10:20:59.879,16.1300,100
37259879217854,10:20:59.879,16.1300,100
37271028431284,10:21:11.028,16.1400,500
37271028431284,10:21:11.028,16.1400,100
37271028431284,10:21:11.028,16.1400,100
37271028431284,10:21:11.028,16.1400,100
37271028431284,10:21:11.028,16.1400,200
37281350087475,10:21:21.350,16.1500,100
37304588744676,10:21:44.588,16.1550,100
37304588744676,10:21:44.588,16.1500,500
37304588744676,10:21:44.588,16.1500,100
37304588744676,10:21:44.588,16.1500,400
37304588744676,10:21:44.588,16.1500,300
37304588744676,10:21:44.588,16.1500,100
37304588858819,10:21:44.588,16.1500,1000
37349264597065,10:22:29.264,16.1500,13
37349264597065,10:22:29.264,16.1500,87
37349395487925,10:22:29.395,16.1500,13
37349395487925,10:22:29.395,16.1500,100
37349395487925,10:22:29.395,16.1500,100
37364559344076,10:22:44.559,16.1600,100
37364561363793,10:22:44.561,16.1600,100
37364561363793,10:22:44.561,16.1600,600
37364561363793,10:22:44.561,16.1600,400
37364561363793,10:22:44.561,16.1600,100
37364561363793,10:22:44.561,16.1600,205
37383253775547,10:23:03.253,16.1650,4
37387053749822,10:23:07.053,16.1650,100
37387053749822,10:23:07.053,16.1600,1195
37387053749822,10:23:07.053,16.1600,700
37387053749822,10:23:07.053,16.1600,300
37387054422045,10:23:07.054,16.1600,100
37387054422045,10:23:07.054,16.1600,600
37453118851191,10:24:13.118,16.1600,500
37453118851191,10:24:13.118,16.1600,100
37453118851191,10:24:13.118,16.1600,300
37453118851191,10:24:13.118,16.1600,100
37453118851191,10:24:13.118,16.1600,100
37453118851191,10:24:13.118,16.1600,100
37453118851191,10:24:13.118,16.1600,11
37476319821236,10:24:36.319,16.1650,100
37476319821236,10:24:36.319,16.1600,600
37476320158962,10:24:36.320,16.1600,66
37476320690964,10:24:36.320,16.1600,34
37484564894842,10:24:44.564,16.1550,100
37491795785570,10:24:51.795,16.1500,55
37546614078839,10:25:46.614,16.1550,100
37546614078839,10:25:46.614,16.1500,800
37546614078839,10:25:46.614,16.1500,800
37546614078839,10:25:46.614,16.1500,100
37546814663938,10:25:46.814,16.1400,2
37548433037525,10:25:48.433,16.1400,100
37548433037525,10:25:48.433,16.1400,97
37548433113130,10:25:48.433,16.1400,3
37553154715493,10:25:53.154,16.1300,100
37553154715493,10:25:53.154,16.1300,100
37553154715493,10:25:53.154,16.1300,100
37561671321301,10:26:01.671,16.1300,500
37561671321301,10:26:01.671,16.1300,200
37561671321301,10:26:01.671,16.1300,100
37561671321301,10:26:01.671,16.1300,100
37561671321301,10:26:01.671,16.1300,100
37561671321301,10:26:01.671,16.1300,300
37561671321301,10:26:01.671,16.1300,100
37561671532203,10:26:01.671,16.1300,900
37615413694606,10:26:55.413,16.1400,100
37615413694606,10:26:55.413,16.1400,100
37615413694606,10:26:55.413,16.1400,300
37615413694606,10:26:55.413,16.1400,100
37615413694606,10:26:55.413,16.1400,400
37615413694606,10:26:55.413,16.1400,100
37615413694606,10:26:55.413,16.1400,100
37615413902030,10:26:55.413,16.1400,200
37704201764466,10:28:24.201,16.1500,500
37704201764466,10:28:24.201,16.1500,15
37704202299639,10:28:24.202,16.1500,78
37704202347519,10:28:24.202,16.1500,7
37704202347519,10:28:24.202,16.1500,100
37704202347519,10:28:24.202,16.1500,7
37705231655358,10:28:25.231,16.1550,5
37711901939917,10:28:31.901,16.1550,300
37711901939917,10:28:31.901,16.1500,100
37711901939917,10:28:31.901,16.1500,100
37711901939917,10:28:31.901,16.1500,300
37711902096562,10:28:31.902,16.1500,300
37714149956311,10:28:34.149,16.1450,200
37714149956311,10:28:34.149,16.1400,600
37714149956311,10:28:34.149,16.1400,50
37714150567221,10:28:34.150,16.1400,50
37714151100407,10:28:34.151,16.1400,50
37715539320587,10:28:35.539,16.1400,50
37730542995849,10:28:50.542,16.1350,100
37731599993944,10:28:51.599,16.1350,100
37804421241035,10:30:04.421,16.1350,200
37804421241035,10:30:04.421,16.1300,100
37804421241035,10:30:04.421,16.1300,2
37862971059976,10:31:02.971,16.1250,100
37894421165419,10:31:34.421,16.1250,100
37894421165419,10:31:34.421,16.1200,100
37894421165419,10:31:34.421,16.1200,200
37894421185486,10:31:34.421,16.1200,100
37894421191613,10:31:34.421,16.1200,100
37894421191613,10:31:34.421,16.1200,100
37894421254249,10:31:34.421,16.1200,100
37941308558293,10:32:21.308,16.1150,200
37941308558293,10:32:21.308,16.1200,100
37941308558293,10:32:21.308,16.1200,100
37941308558293,10:32:21.308,16.1200,500
37941308558293,10:32:21.308,16.1200,600
37941308558293,10:32:21.308,16.1200,100
37941308558293,10:32:21.308,16.1200,100
37941308558293,10:32:21.308,16.1200,100
37941308558293,10:32:21.308,16.1200,100
37941308558293,10:32:21.308,16.1200,100
37941308591204,10:32:21.308,16.1200,200
37941308632016,10:32:21.308,16.1200,50
37941308804475,10:32:21.308,16.1200,50
37941325882806,10:32:21.325,16.1250,100
37945244279470,10:32:25.244,16.1200,4
37948767555628,10:32:28.767,16.1150,100
37949550899665,10:32:29.550,16.1100,100
38042666308089,10:34:02.666,16.1200,300
38042666308089,10:34:02.666,16.1200,500
38042666308089,10:34:02.666,16.1200,100
38042666308089,10:34:02.666,16.1200,100
38042666308089,10:34:02.666,16.1200,100
38042666308089,10:34:02.666,16.1200,100
38042666308089,10:34:02.666,16.1200,300
38042666508496,10:34:02.666,16.1200,200
38053297490611,10:34:13.297,16.1200,84
38053298335962,10:34:13.298,16.1250,100
38053298335962,10:34:13.298,16.1200,400
38053298361876,10:34:13.298,16.1200,116
38053298361876,10:34:13.298,16.1200,5
38053302339864,10:34:13.302,16.1150,100
38053302339864,10:34:13.302,16.1150,100
38053302339864,10:34:13.302,16.1200,100
38053302339864,10:34:13.302,16.1200,1000
38053302339864,10:34:13.302,16.1200,100
38053302339864,10:34:13.302,16.1200,500
38053402497200,10:34:13.402,16.1200,309
38053402497200,10:34:13.402,16.1200,100
38121154251773,10:35:21.154,16.1250,100
38121154251773,10:35:21.154,16.1200,9
38222179204642,10:37:02.179,16.1250,100
38222179204642,10:37:02.179,16.1200,191
38222179204642,10:37:02.179,16.1200,100
38222179204642,10:37:02.179,16.1200,1
38222179204642,10:37:02.179,16.1200,100
38222179204642,10:37:02.179,16.1200,100
38223399604777,10:37:03.399,16.1100,100
38223399604777,10:37:03.399,16.1100,100
38223399604777,10:37:03.399,16.1100,100
38223399604777,10:37:03.399,16.1100,100
38223399604777,10:37:03.399,16.1100,8
38236584044381,10:37:16.584,16.1100,100
38274503032538,10:37:54.503,16.1050,100
38274503032538,10:37:54.503,16.1000,100
38284579679250,10:38:04.579,16.1000,100
38284579679250,10:38:04.579,16.1000,407
38288596453749,10:38:08.596,16.1000,100
38288603780593,10:38:08.603,16.1000,12
38288603780593,10:38:08.603,16.1000,288
38288603881782,10:38:08.603,16.1000,212
38288603881782,10:38:08.603,16.1000,58
38290581103030,10:38:10.581,16.1000,100
38290581125950,10:38:10.581,16.1000,100
38301034262488,10:38:21.034,16.1100,500
38301034262488,10:38:21.034,16.1100,100
38301034262488,10:38:21.034,16.1100,100
38341021820315,10:39:01.021,16.1200,500
38341021820315,10:39:01.021,16.1200,100
38341041926105,10:39:01.041,16.1200,100
38341041926105,10:39:01.041,16.1200,100
38394585010606,10:39:54.585,16.1250,100
38407146029822,10:40:07.146,16.1300,100
38407146029822,10:40:07.146,16.1300,100
38597215175666,10:43:17.215,16.1350,5
38674287662185,10:44:34.287,16.1400,100
38674287662185,10:44:34.287,16.1400,100
38674287662185,10:44:34.287,16.1400,93
38674287775552,10:44:34.287,16.1400,7
38674287775552,10:44:34.287,16.1400,100
38674287775552,10:44:34.287,16.1400,171
38674287815031,10:44:34.287,16.1400,329
38674287815031,10:44:34.287,16.1400,100
38674287815031,10:44:34.287,16.1400,100
38674288160007,10:44:34.288,16.1400,100
38675513254295,10:44:35.513,16.1400,100
38675513254295,10:44:35.513,16.1400,100
38675513788343,10:44:35.513,16.1400,200
38687096607891,10:44:47.096,16.1400,100
38701131822871,10:45:01.131,16.1400,153
38701131822871,10:45:01.131,16.1400,100
38701131822871,10:45:01.131,16.1400,100
38701131822871,10:45:01.131,16.1400,47
38701132798621,10:45:01.132,16.1400,53
38701132798621,10:45:01.132,16.1400,47
38701132991800,10:45:01.132,16.1400,53
38701132991800,10:45:01.132,16.1400,47
38743661798073,10:45:43.661,16.1400,53
38743661798073,10:45:43.661,16.1400,100
38743661798073,10:45:43.661,16.1400,100
38743661798073,10:45:43.661,16.1400,100
38753781189088,10:45:53.781,16.1500,300
38753781839249,10:45:53.781,16.1500,178
38753861594779,10:45:53.861,16.1500,100
38753861679358,10:45:53.861,16.1500,22
38753861679358,10:45:53.861,16.1500,100
38753861679358,10:45:53.861,16.1500,100
38799546222547,10:46:39.546,16.1600,100
38799546222547,10:46:39.546,16.1600,300
38884592405838,10:48:04.592,16.1600,4
38910115482695,10:48:30.115,16.1600,96
38910115482695,10:48:30.115,16.1600,100
38910115482695,10:48:30.115,16.1600,100
38910115482695,10:48:30.115,16.1600,100
38910115482695,10:48:30.115,16.1600,100
38910115482695,10:48:30.115,16.1600,100
38910115482695,10:48:30.115,16.1600,100
38910115482695,10:48:30.115,16.1600,404
38910115766761,10:48:30.115,16.1600,96
38910115766761,10:48:30.115,16.1600,100
38916145510547,10:48:36.145,16.1650,1101
39144683214199,10:52:24.683,16.1650,100
39144683733986,10:52:24.683,16.1650,200
39190767170179,10:53:10.767,16.1650,5
39197324461677,10:53:17.324,16.1650,800
39197324461677,10:53:17.324,16.1600,92
39197324494034,10:53:17.324,16.1600,100
39197325974921,10:53:17.325,16.1600,408
39197325974921,10:53:17.325,16.1600,400
39197325974921,10:53:17.325,16.1600,92
39197326053004,10:53:17.326,16.1600,9
39197326053004,10:53:17.326,16.1600,1
39230583070247,10:53:50.583,16.1500,78
39230583397664,10:53:50.583,16.1500,7
39230583490381,10:53:50.583,16.1550,100
39232602280528,10:53:52.602,16.1500,32
39233384858704,10:53:53.384,16.1550,100
39233384858704,10:53:53.384,16.1500,68
39276583227554,10:54:36.583,16.1450,100
39276583227554,10:54:36.583,16.1400,100
39276583227554,10:54:36.583,16.1400,201
39276583255971,10:54:36.583,16.1400,2
39279580340298,10:54:39.580,16.1400,97
39279580340298,10:54:39.580,16.1400,1
39279582787952,10:54:39.582,16.1400,100
39281203727880,10:54:41.203,16.1400,300
39320667142042,10:55:20.667,16.1500,500
39320667205139,10:55:20.667,16.1500,100
39320667205139,10:55:20.667,16.1500,100
39320667205139,10:55:20.667,16.1500,100
39320667205139,10:55:20.667,16.1500,100
39320667205139,10:55:20.667,16.1500,100
39320667205139,10:55:20.667,16.1500,100
39320667205139,10:55:20.667,16.1500,100
39320667205139,10:55:20.667,16.1500,100
39320667205139,10:55:20.667,16.1500,100
39320667205139,10:55:20.667,16.1500,600
39320667205139,10:55:20.667,16.1500,100
39320667205139,10:55:20.667,16.1500,100
39320667205139,10:55:20.667,16.1500,100
39320667225651,10:55:20.667,16.1500,100
39320791666015,10:55:20.791,16.1600,400
39320792443832,10:55:20.792,16.1600,100
39320792443832,10:55:20.792,16.1600,100
39423037314416,10:57:03.037,16.1700,100
39423037314416,10:57:03.037,16.1700,100
39423037314416,10:57:03.037,16.1700,100
39423037314416,10:57:03.037,16.1700,100
39423037314416,10:57:03.037,16.1700,500
39423037858312,10:57:03.037,16.1700,400
39423037858312,10:57:03.037,16.1700,100
39423037858312,10:57:03.037,16.1700,100
39423053080672,10:57:03.053,16.1700,100
39423053080672,10:57:03.053,16.1700,50
39427098788794,10:57:07.098,16.1700,120
39427098788794,10:57:07.098,16.1700,80
39427099157084,10:57:07.099,16.1700,20
39460647106619,10:57:40.647,16.1750,200
39460647106619,10:57:40.647,16.1700,400
39460647106619,10:57:40.647,16.1700,400
39460647106619,10:57:40.647,16.1700,54
39460647137356,10:57:40.647,16.1700,46
39460647137356,10:57:40.647,16.1700,200
39460647137356,10:57:40.647,16.1700,800
39469479329495,10:57:49.479,16.1700,100
39520066363829,10:58:40.066,16.1750,4
39663459523193,11:01:03.459,16.1800,35
39663461443768,11:01:03.461,16.1800,35
39663464633665,11:01:03.464,16.1800,30
39663464633665,11:01:03.464,16.1800,100
39663464633665,11:01:03.464,16.1800,100
39663464633665,11:01:03.464,16.1800,100
39663464633665,11:01:03.464,16.1800,16
39663464633665,11:01:03.464,16.1800,54
39663465366972,11:01:03.465,16.1800,400
39663465661788,11:01:03.465,16.1800,46
39663465661788,11:01:03.465,16.1800,100
39663465661788,11:01:03.465,16.1800,100
39663485913514,11:01:03.485,16.1900,4
39663490830415,11:01:03.490,16.1850,100
39663490830415,11:01:03.490,16.1900,96
39663490830415,11:01:03.490,16.1900,100
39663490830415,11:01:03.490,16.1900,100
39663490830415,11:01:03.490,16.1900,200
39663490830415,11:01:03.490,16.1900,100
39663490830415,11:01:03.490,16.1900,100
39663490830415,11:01:03.490,16.1900,100
39663490830415,11:01:03.490,16.1900,154
39663492953682,11:01:03.492,16.1900,200
39663495960646,11:01:03.495,16.1900,8
39663497208870,11:01:03.497,16.1900,600
39663786709740,11:01:03.786,16.1900,100
39663786757554,11:01:03.786,16.1900,100
39663786827623,11:01:03.786,16.1900,23
39663786827623,11:01:03.786,16.1900,77
39664517042085,11:01:04.517,16.1900,100
39672939053175,11:01:12.939,16.1850,400
39714743304555,11:01:54.743,16.1850,100
39714743304555,11:01:54.743,16.1800,168
39714744369449,11:01:54.744,16.1800,132
39714744369449,11:01:54.744,16.1800,100
39714744369449,11:01:54.744,16.1800,68
39714744398291,11:01:54.744,16.1800,32
39724699304275,11:02:04.699,16.1750,35
39724699964492,11:02:04.699,16.1750,35
39791057422041,11:03:11.057,16.1750,5
39796130703920,11:03:16.130,16.1800,600
39796130703920,11:03:16.130,16.1800,10
39796130703920,11:03:16.130,16.1800,101
39796130703920,11:03:16.130,16.1800,100
39796130703920,11:03:16.130,16.1800,100
39796130703920,11:03:16.130,16.1800,10
39796130703920,11:03:16.130,16.1800,100
39796130703920,11:03:16.130,16.1800,79
39796131641700,11:03:16.131,16.1800,21
39930715045899,11:05:30.715,16.1850,100
39930715306324,11:05:30.715,16.1850,100
39930715319062,11:05:30.715,16.1850,300
39930715406598,11:05:30.715,16.1850,100
39930715860524,11:05:30.715,16.1800,100
39930715860524,11:05:30.715,16.1800,100
39992582723407,11:06:32.582,16.1700,12
40001321167692,11:06:41.321,16.1700,88
40016800721443,11:06:56.800,16.1600,100
40085697788206,11:08:05.697,16.1650,4
40181714565581,11:09:41.714,16.1650,100
40181714631927,11:09:41.714,16.1600,1
40181714631927,11:09:41.714,16.1600,300
40181714631927,11:09:41.714,16.1600,300
40181817051653,11:09:41.817,16.1500,125
40266603115167,11:11:06.603,16.1550,100
40266603115167,11:11:06.603,16.1600,100
40266603115167,11:11:06.603,16.1600,100
40266603115167,11:11:06.603,16.1600,142
40266603115167,11:11:06.603,16.1600,601
40266603115167,11:11:06.603,16.1600,200
40266603115167,11:11:06.603,16.1600,100
40266603115167,11:11:06.603,16.1600,100
40266603115167,11:11:06.603,16.1600,100
40266603115167,11:11:06.603,16.1600,200
40266603148569,11:11:06.603,16.1600,100
40289559045792,11:11:29.559,16.1700,600
40289559045792,11:11:29.559,16.1700,100
40289559045792,11:11:29.559,16.1700,19
40289559109262,11:11:29.559,16.1700,81
40289559109262,11:11:29.559,16.1700,100
40289559109262,11:11:29.559,16.1700,100
40388422853375,11:13:08.422,16.1750,400
40388422853375,11:13:08.422,16.1700,600
40388422853375,11:13:08.422,16.1700,100
40388422853375,11:13:08.422,16.1700,400
40388422853375,11:13:08.422,16.1700,1
40388422887650,11:13:08.422,16.1700,299
40388422887650,11:13:08.422,16.1700,1
40388422887650,11:13:08.422,16.1700,100
40394106911036,11:13:14.106,16.1600,800
40409583100947,11:13:29.583,16.1600,116
40409583148481,11:13:29.583,16.1600,256
40409583197901,11:13:29.583,16.1600,128
40488746657606,11:14:48.746,16.1500,1
40683664804820,11:18:03.664,16.1450,4
40898584249604,11:21:38.584,16.1450,100
40901148329905,11:21:41.148,16.1400,600
40901148329905,11:21:41.148,16.1400,100
40901148329905,11:21:41.148,16.1400,200
40901148329905,11:21:41.148,16.1400,100
40901148329905,11:21:41.148,16.1400,1
40901148329905,11:21:41.148,16.1400,100
40901148663390,11:21:41.148,16.1400,100
40901149526191,11:21:41.149,16.1350,100
40911332359625,11:21:51.332,16.1300,100
40946035463770,11:22:26.035,16.1250,200
40946035762730,11:22:26.035,16.1250,100
40946035762730,11:22:26.035,16.1300,600
40946035762730,11:22:26.035,16.1300,100
40946035762730,11:22:26.035,16.1300,900
40946035762730,11:22:26.035,16.1300,200
40946035762730,11:22:26.035,16.1300,100
40946035762730,11:22:26.035,16.1300,100
40946035762730,11:22:26.035,16.1300,100
40946035762730,11:22:26.035,16.1300,120
40946035861884,11:22:26.035,16.1300,100
40946039570317,11:22:26.039,16.1400,100
40946039570317,11:22:26.039,16.1400,100
40946039570317,11:22:26.039,16.1400,600
40950968387202,11:22:30.968,16.1400,100
40950968387202,11:22:30.968,16.1400,200
40950968387202,11:22:30.968,16.1400,100
40950968387202,11:22:30.968,16.1400,100
40950968387202,11:22:30.968,16.1400,400
40950970083281,11:22:30.970,16.1500,100
40950970083281,11:22:30.970,16.1500,100
40950970083281,11:22:30.970,16.1500,600
40950970083281,11:22:30.970,16.1500,200
40950970083281,11:22:30.970,16.1500,100
40954924245108,11:22:34.924,16.1550,100
40954924245108,11:22:34.924,16.1500,100
40954924245108,11:22:34.924,16.1500,400
40954924273614,11:22:34.924,16.1500,200
40954924273614,11:22:34.924,16.1500,100
40958437850958,11:22:38.437,16.1450,100
40990628845769,11:23:10.628,16.1500,5
41004127517986,11:23:24.127,16.1400,100
41004127517986,11:23:24.127,16.1400,600
41004127517986,11:23:24.127,16.1400,3
41004127517986,11:23:24.127,16.1400,100
41004127517986,11:23:24.127,16.1400,3
41004127517986,11:23:24.127,16.1400,1
41004127517986,11:23:24.127,16.1400,2
41004127517986,11:23:24.127,16.1400,500
41030498597974,11:23:50.498,16.1400,600
41030498597974,11:23:50.498,16.1400,400
41030498597974,11:23:50.498,16.1400,100
41030498597974,11:23:50.498,16.1400,300
41030498597974,11:23:50.498,16.1400,200
41036955721089,11:23:56.955,16.1450,100
41036955721089,11:23:56.955,16.1450,100
41036955721089,11:23:56.955,16.1450,100
41287338907165,11:28:07.338,16.1450,2
41294182843586,11:28:14.182,16.1450,4
41296613259190,11:28:16.613,16.1450,100
41296613259190,11:28:16.613,16.1450,100
41362343965234,11:29:22.343,16.1450,100
41362343965234,11:29:22.343,16.1400,100
41362343965234,11:29:22.343,16.1400,161
41362343965234,11:29:22.343,16.1400,200
41362343965234,11:29:22.343,16.1400,363
41362344003212,11:29:22.344,16.1400,37
41362344003212,11:29:22.344,16.1400,1
41362344003212,11:29:22.344,16.1400,62
41404199430782,11:30:04.199,16.1400,100
41404199430782,11:30:04.199,16.1400,500
41404199430782,11:30:04.199,16.1400,300
41404199430782,11:30:04.199,16.1400,100
41404199430782,11:30:04.199,16.1400,100
41404199430782,11:30:04.199,16.1400,200
41447559196707,11:30:47.559,16.1500,100
41447559196707,11:30:47.559,16.1500,500
41448542917105,11:30:48.542,16.1500,100
41448542917105,11:30:48.542,16.1500,200
41448542917105,11:30:48.542,16.1500,200
41451794689999,11:30:51.794,16.1550,150
41451794689999,11:30:51.794,16.1550,100
41451794689999,11:30:51.794,16.1550,100
41451794689999,11:30:51.794,16.1550,100
41451794689999,11:30:51.794,16.1550,100
41451794689999,11:30:51.794,16.1550,100
41451794689999,11:30:51.794,16.1500,2000
41451794689999,11:30:51.794,16.1500,100
41451794689999,11:30:51.794,16.1500,600
41451794689999,11:30:51.794,16.1500,100
41451794689999,11:30:51.794,16.1500,400
41451794689999,11:30:51.794,16.1500,1200
41451794689999,11:30:51.794,16.1500,100
41451794689999,11:30:51.794,16.1500,200
41451794689999,11:30:51.794,16.1500,100
41451794689999,11:30:51.794,16.1500,700
41451794689999,11:30:51.794,16.1500,363
41451794689999,11:30:51.794,16.1500,30
41451794689999,11:30:51.794,16.1500,100
41451794689999,11:30:51.794,16.1500,57
41451794895119,11:30:51.794,16.1500,43
41451794895119,11:30:51.794,16.1500,1
41451794895119,11:30:51.794,16.1500,300
41451794895119,11:30:51.794,16.1500,100
41451794895119,11:30:51.794,16.1500,100
41451794895119,11:30:51.794,16.1500,400
41451794895119,11:30:51.794,16.1500,100
41451794895119,11:30:51.794,16.1500,400
41451795594936,11:30:51.795,16.1500,100
41457330312743,11:30:57.330,16.1450,100
41457330312743,11:30:57.330,16.1400,100
41457330697910,11:30:57.330,16.1400,100
41457330816302,11:30:57.330,16.1400,100
41457331003219,11:30:57.331,16.1400,78
41457331625054,11:30:57.331,16.1400,22
41457331625054,11:30:57.331,16.1400,100
41457762570826,11:30:57.762,16.1400,100
41457863450626,11:30:57.863,16.1400,100
41459433879766,11:30:59.433,16.1400,500
41537424386349,11:32:17.424,16.1350,100
41537424386349,11:32:17.424,16.1300,1500
41537424386349,11:32:17.424,16.1300,100
41537424386349,11:32:17.424,16.1300,600
41537424386349,11:32:17.424,16.1300,500
41537424386349,11:32:17.424,16.1300,22
41537424529155,11:32:17.424,16.1300,178
41537424529155,11:32:17.424,16.1300,100
41537424529155,11:32:17.424,16.1300,100
41537424529155,11:32:17.424,16.1300,1
41537425291412,11:32:17.425,16.1300,78
41537960925553,11:32:17.960,16.1300,100
41595834240678,11:33:15.834,16.1300,100
41595834240678,11:33:15.834,16.1300,200
41595834240678,11:33:15.834,16.1300,100
41595834240678,11:33:15.834,16.1300,100
41595834240678,11:33:15.834,16.1300,400
41595834240678,11:33:15.834,16.1300,100
41595834382375,11:33:15.834,16.1300,100
41595970771861,11:33:15.970,16.1350,100
41595970771861,11:33:15.970,16.1300,200
41608277318846,11:33:28.277,16.1350,4
41633854395396,11:33:53.854,16.1350,100
41633854395396,11:33:53.854,16.1300,100
41633854429879,11:33:53.854,16.1300,100
41684932994273,11:34:44.932,16.1300,100
41684932994273,11:34:44.932,16.1300,300
41684932994273,11:34:44.932,16.1300,100
41684932994273,11:34:44.932,16.1300,100
41684932994273,11:34:44.932,16.1300,100
41684932994273,11:34:44.932,16.1300,78
41684933025619,11:34:44.933,16.1300,22
41684933025619,11:34:44.933,16.1300,100
41685937859965,11:34:45.937,16.1300,1500
41685937859965,11:34:45.937,16.1300,100
41685937859965,11:34:45.937,16.1300,100
41685937859965,11:34:45.937,16.1300,100
41685937859965,11:34:45.937,16.1300,1000
41685937859965,11:34:45.937,16.1300,173
41685938428081,11:34:45.938,16.1300,100
41685938428081,11:34:45.938,16.1300,200
41685938428081,11:34:45.938,16.1300,100
41691314810789,11:34:51.314,16.1200,22
41691328735875,11:34:51.328,16.1250,100
41691328735875,11:34:51.328,16.1200,200
41692024937163,11:34:52.024,16.1200,100
41719109246403,11:35:19.109,16.1250,100
41719109246403,11:35:19.109,16.1300,400
41719109246403,11:35:19.109,16.1300,700
41719109246403,11:35:19.109,16.1300,700
41719109246403,11:35:19.109,16.1300,200
41719109246403,11:35:19.109,16.1300,300
41719109246403,11:35:19.109,16.1300,100
41719109392977,11:35:19.109,16.1300,100
41724688166137,11:35:24.688,16.1400,700
41724688166137,11:35:24.688,16.1400,100
41724688166137,11:35:24.688,16.1400,100
41724688166137,11:35:24.688,16.1400,300
41724688166137,11:35:24.688,16.1400,100
41724688166137,11:35:24.688,16.1400,100
41788687643072,11:36:28.687,16.1400,1
41791827934210,11:36:31.827,16.1350,100
41896137045753,11:38:16.137,16.1350,100
41903155008372,11:38:23.155,16.1350,100
41903155008372,11:38:23.155,16.1300,83
41903155560594,11:38:23.155,16.1300,17
41903155560594,11:38:23.155,16.1300,1
41903155560594,11:38:23.155,16.1300,82
41903155560594,11:38:23.155,16.1300,62
41903155562158,11:38:23.155,16.1300,538
41996244277328,11:39:56.244,16.1300,100
41996244277328,11:39:56.244,16.1300,100
41996244277328,11:39:56.244,16.1300,100
41996244277328,11:39:56.244,16.1300,100
41996244277328,11:39:56.244,16.1300,100
42035116637947,11:40:35.116,16.1350,100
42056227142769,11:40:56.227,16.1350,100
42056227142769,11:40:56.227,16.1400,100
42056227142769,11:40:56.227,16.1400,700
42056227142769,11:40:56.227,16.1400,100
42056227142769,11:40:56.227,16.1400,100
42056227142769,11:40:56.227,16.1400,400
42056227142769,11:40:56.227,16.1400,300
42056227678185,11:40:56.227,16.1400,100
42123109088574,11:42:03.109,16.1500,100
42123109088574,11:42:03.109,16.1500,100
42123109088574,11:42:03.109,16.1500,100
42205205567212,11:43:25.205,16.1500,4
42336671857761,11:45:36.671,16.1450,200
42336671880647,11:45:36.671,16.1450,100
42336671880647,11:45:36.671,16.1400,300
42336671880647,11:45:36.671,16.1400,2
42336671880647,11:45:36.671,16.1400,2
42336671918334,11:45:36.671,16.1400,98
42336671918334,11:45:36.671,16.1400,1
42336671918334,11:45:36.671,16.1400,1
42365547981053,11:46:05.547,16.1350,100
42420112246072,11:47:00.112,16.1400,100
42420112246072,11:47:00.112,16.1400,100
42420112246072,11:47:00.112,16.1400,500
42420112246072,11:47:00.112,16.1400,700
42420112246072,11:47:00.112,16.1400,100
42420112246072,11:47:00.112,16.1400,1300
42420112246072,11:47:00.112,16.1400,100
42420112246072,11:47:00.112,16.1400,100
42420112246072,11:47:00.112,16.1400,100
42420112246072,11:47:00.112,16.1400,100
42420112246072,11:47:00.112,16.1400,100
42420112246072,11:47:00.112,16.1400,100
42494056890895,11:48:14.056,16.1500,5
42512672872247,11:48:32.672,16.1450,100
42671359092747,11:51:11.359,16.1500,100
42671359092747,11:51:11.359,16.1500,200
42671359092747,11:51:11.359,16.1500,374
42671359107216,11:51:11.359,16.1500,26
42671359107216,11:51:11.359,16.1500,100
42671359107216,11:51:11.359,16.1500,100
42671359107216,11:51:11.359,16.1500,100
42671359107216,11:51:11.359,16.1500,500
42671359107216,11:51:11.359,16.1500,100
42671359107216,11:51:11.359,16.1500,100
42671359107216,11:51:11.359,16.1500,100
42677724260910,11:51:17.724,16.1550,100
42677724260910,11:51:17.724,16.1550,100
42767114658856,11:52:47.114,16.1600,100
42767114658856,11:52:47.114,16.1600,300
42767114658856,11:52:47.114,16.1600,100
42767114658856,11:52:47.114,16.1600,61
42767114672582,11:52:47.114,16.1600,39
42767114672582,11:52:47.114,16.1600,100
42786494061216,11:53:06.494,16.1650,100
42795992171559,11:53:15.992,16.1700,4
42803019674473,11:53:23.019,16.1700,96
42803019674473,11:53:23.019,16.1700,100
42803019674473,11:53:23.019,16.1700,100
42943410554245,11:55:43.410,16.1800,100
42943410554245,11:55:43.410,16.1800,100
42943410554245,11:55:43.410,16.1800,100
42943410554245,11:55:43.410,16.1800,100
42943410554245,11:55:43.410,16.1800,100
43006273140791,11:56:46.273,16.1800,55
43006273140791,11:56:46.273,16.1800,700
43006273140791,11:56:46.273,16.1800,1300
43006273140791,11:56:46.273,16.1800,100
43006273140791,11:56:46.273,16.1800,1
43099864930129,11:58:19.864,16.1700,89
43099864930129,11:58:19.864,16.1700,100
43099864930129,11:58:19.864,16.1700,1
43099864930129,11:58:19.864,16.1700,100
43102582918959,11:58:22.582,16.1600,800
43102582918959,11:58:22.582,16.1600,200
43276583144495,12:01:16.583,16.1400,7
43276583144495,12:01:16.583,16.1400,100
43276583144495,12:01:16.583,16.1400,100
43276583168395,12:01:16.583,16.1400,178
43276583590034,12:01:16.583,16.1400,22
43276583590034,12:01:16.583,16.1400,100
43321729834039,12:02:01.729,16.1350,51
43356665633649,12:02:36.665,16.1350,1
43356672292675,12:02:36.672,16.1350,1
43388241115145,12:03:08.241,16.1350,11
43397154789766,12:03:17.154,16.1350,4
43406464314647,12:03:26.464,16.1300,400
43406464314647,12:03:26.464,16.1300,11
43406464314647,12:03:26.464,16.1300,100
43406464314647,12:03:26.464,16.1300,100
43406464314647,12:03:26.464,16.1300,82
43507396912444,12:05:07.396,16.1250,99
43550894395624,12:05:50.894,16.1250,100
43550894395624,12:05:50.894,16.1250,64
43550894767101,12:05:50.894,16.1300,113
43550894767101,12:05:50.894,16.1300,100
43550894767101,12:05:50.894,16.1300,200
43550894767101,12:05:50.894,16.1300,100
43550894767101,12:05:50.894,16.1300,900
43550894767101,12:05:50.894,16.1300,100
43550894767101,12:05:50.894,16.1300,100
43550894767101,12:05:50.894,16.1300,100
43550894767101,12:05:50.894,16.1300,100
43550894767101,12:05:50.894,16.1300,100
43550894767101,12:05:50.894,16.1300,100
43550894767101,12:05:50.894,16.1300,100
43550895260075,12:05:50.895,16.1300,100
43550895321616,12:05:50.895,16.1300,163
43550895322238,12:05:50.895,16.1300,37
43553235128447,12:05:53.235,16.1350,1
43687543105907,12:08:07.543,16.1350,5
43798997969003,12:09:58.997,16.1300,20
43923238252538,12:12:03.238,16.1300,55
43923238252538,12:12:03.238,16.1300,200
43923238252538,12:12:03.238,16.1300,300
43923238252538,12:12:03.238,16.1300,300
43923238252538,12:12:03.238,16.1300,13
43923239578869,12:12:03.239,16.1300,2000
43923239723248,12:12:03.239,16.1300,100
43923239723248,12:12:03.239,16.1300,31
43933582498998,12:12:13.582,16.1200,300
43933582586651,12:12:13.582,16.1200,100
43933582586651,12:12:13.582,16.1200,400
43933582586651,12:12:13.582,16.1200,300
43938039159458,12:12:18.039,16.1150,100
43938039159458,12:12:18.039,16.1200,1100
43938039159458,12:12:18.039,16.1200,800
43938039159458,12:12:18.039,16.1200,100
43938039159458,12:12:18.039,16.1200,900
43938174466741,12:12:18.174,16.1250,100
43938174466741,12:12:18.174,16.1250,200
43939015028384,12:12:19.015,16.1300,100
43939015028384,12:12:19.015,16.1300,100
43939152066581,12:12:19.152,16.1350,100
43939152066581,12:12:19.152,16.1300,200
43963626989255,12:12:43.626,16.1350,100
43963626989255,12:12:43.626,16.1350,200
43964630525483,12:12:44.630,16.1400,100
43964630525483,12:12:44.630,16.1400,100
43964630525483,12:12:44.630,16.1400,100
44014707047653,12:13:34.707,16.1450,4
44062179148031,12:14:22.179,16.1400,600
44062179148031,12:14:22.179,16.1400,200
44062179148031,12:14:22.179,16.1400,100
44062179148031,12:14:22.179,16.1400,11
44062179148031,12:14:22.179,16.1400,40
44062179148031,12:14:22.179,16.1400,100
44062179148031,12:14:22.179,16.1400,200
44172600933813,12:16:12.600,16.1400,400
44172600933813,12:16:12.600,16.1400,100
44172600933813,12:16:12.600,16.1400,100
44172600933813,12:16:12.600,16.1400,32
44172600933813,12:16:12.600,16.1400,100
44172600933813,12:16:12.600,16.1400,3
44172600933813,12:16:12.600,16.1400,100
44172600933813,12:16:12.600,16.1400,100
44257282719898,12:17:37.282,16.1450,1
44288869624687,12:18:08.869,16.1450,5
44344056693302,12:19:04.056,16.1450,100
44344056693302,12:19:04.056,16.1450,100
44344056693302,12:19:04.056,16.1450,272
44344056693302,12:19:04.056,16.1450,100
44344056693302,12:19:04.056,16.1450,100
44344056693302,12:19:04.056,16.1500,100
44344056693302,12:19:04.056,16.1500,100
44344056693302,12:19:04.056,16.1500,800
44344056693302,12:19:04.056,16.1500,100
44344056693302,12:19:04.056,16.1500,100
44344056693302,12:19:04.056,16.1500,200
44344056693302,12:19:04.056,16.1500,400
44344056693302,12:19:04.056,16.1500,100
44344056693302,12:19:04.056,16.1500,100
44344056693302,12:19:04.056,16.1500,100
44344056693302,12:19:04.056,16.1500,28
44344056693302,12:19:04.056,16.1500,128
44344056866967,12:19:04.056,16.1500,272
44344056866967,12:19:04.056,16.1500,100
44344056866967,12:19:04.056,16.1500,100
44344056866967,12:19:04.056,16.1500,100
44344056866967,12:19:04.056,16.1500,100
44344057895054,12:19:04.057,16.1500,800
44344057895054,12:19:04.057,16.1500,300
44344057895054,12:19:04.057,16.1500,100
44344057895054,12:19:04.057,16.1500,100
44344057895054,12:19:04.057,16.1500,100
44344057895054,12:19:04.057,16.1500,200
44344057895054,12:19:04.057,16.1500,200
44344057895054,12:19:04.057,16.1500,100
44344057895054,12:19:04.057,16.1500,236
44344057930671,12:19:04.057,16.1500,864
44344057930671,12:19:04.057,16.1500,100
44344057930671,12:19:04.057,16.1500,700
44344057930671,12:19:04.057,16.1500,100
44344057930671,12:19:04.057,16.1500,500
44344057930671,12:19:04.057,16.1500,1100
44344057930671,12:19:04.057,16.1500,800
44344057930671,12:19:04.057,16.1500,200
44344057930671,12:19:04.057,16.1500,100
44344057930671,12:19:04.057,16.1500,100
44344058057877,12:19:04.058,16.1500,1000
44344058057877,12:19:04.058,16.1500,100
44344058057877,12:19:04.058,16.1500,400
44344058057877,12:19:04.058,16.1500,800
44344058057877,12:19:04.058,16.1500,274
44344058139351,12:19:04.058,16.1500,354
44344058207985,12:19:04.058,16.1500,472
44344058207985,12:19:04.058,16.1500,800
44344058207985,12:19:04.058,16.1500,135
44344058218361,12:19:04.058,16.1500,100
44344059627098,12:19:04.059,16.1500,665
44344059627098,12:19:04.059,16.1500,611
44344059883045,12:19:04.059,16.1500,125
44344059967430,12:19:04.059,16.1500,264
44344059967430,12:19:04.059,16.1500,100
44344059967430,12:19:04.059,16.1500,36
44344060550088,12:19:04.060,16.1500,64
44344060550088,12:19:04.060,16.1500,100
44344060550088,12:19:04.060,16.1500,300
44344060550088,12:19:04.060,16.1500,382
44382144557314,12:19:42.144,16.1450,100
44457014944158,12:20:57.014,16.1500,100
44457014944158,12:20:57.014,16.1500,100
44457014944158,12:20:57.014,16.1500,100
44457014944158,12:20:57.014,16.1500,300
44457014944158,12:20:57.014,16.1500,100
44457014944158,12:20:57.014,16.1500,200
44457014944158,12:20:57.014,16.1500,36
44457014944158,12:20:57.014,16.1500,17
44457014944158,12:20:57.014,16.1500,400
44457014944158,12:20:57.014,16.1500,36
44457014944158,12:20:57.014,16.1500,7
44457014944158,12:20:57.014,16.1500,100
44457014944158,12:20:57.014,16.1500,3
44457014944158,12:20:57.014,16.1500,9
44457014944158,12:20:57.014,16.1500,400
44458519706531,12:20:58.519,16.1600,100
44458519706531,12:20:58.519,16.1600,100
44458519706531,12:20:58.519,16.1600,100
44458519706531,12:20:58.519,16.1600,100
44479957007876,12:21:19.957,16.1650,6
44499580603391,12:21:39.580,16.1700,400
44499580603391,12:21:39.580,16.1700,100
44517045561631,12:21:57.045,16.1800,100
44517045561631,12:21:57.045,16.1800,100
44541903999944,12:22:21.903,16.1850,100
44589882622826,12:23:09.882,16.1900,4
44689075443934,12:24:49.075,16.1850,100
44689075443934,12:24:49.075,16.1800,35
44689075443934,12:24:49.075,16.1800,300
44689075443934,12:24:49.075,16.1800,200
44689075443934,12:24:49.075,16.1800,200
44689075443934,12:24:49.075,16.1800,2000
44689075443934,12:24:49.075,16.1800,95
44689075691103,12:24:49.075,16.1800,100
44732053454376,12:25:32.053,16.1750,100
44771906993492,12:26:11.906,16.1750,100
44771906993492,12:26:11.906,16.1700,1000
44771907021941,12:26:11.907,16.1700,100
44804054813329,12:26:44.054,16.1600,100
44804167738201,12:26:44.167,16.1600,200
44804167738201,12:26:44.167,16.1600,100
44899904332645,12:28:19.904,16.1650,5
44963958649339,12:29:23.958,16.1650,200
45011409456376,12:30:11.409,16.1600,1
45029882273264,12:30:29.882,16.1700,300
45029882273264,12:30:29.882,16.1700,100
45029882273264,12:30:29.882,16.1700,100
45029882273264,12:30:29.882,16.1700,100
45029882273264,12:30:29.882,16.1700,1
45029882273264,12:30:29.882,16.1700,100
45029883463774,12:30:29.883,16.1700,100
45036805649375,12:30:36.805,16.1750,338
45036807603234,12:30:36.807,16.1750,62
45036807603234,12:30:36.807,16.1700,100
45036807603234,12:30:36.807,16.1700,10
45036807603234,12:30:36.807,16.1700,28
45036807603234,12:30:36.807,16.1700,100
45183900312776,12:33:03.900,16.1650,4
45205703483892,12:33:25.703,16.1650,100
45205703483892,12:33:25.703,16.1650,200
45205703483892,12:33:25.703,16.1650,100
45205703483892,12:33:25.703,16.1600,100
45217486995954,12:33:37.486,16.1650,337
45239786869188,12:33:59.786,16.1700,800
45239786869188,12:33:59.786,16.1700,100
45239786869188,12:33:59.786,16.1700,100
45239786869188,12:33:59.786,16.1700,100
45239786869188,12:33:59.786,16.1700,100
45239786869188,12:33:59.786,16.1700,100
45239786869188,12:33:59.786,16.1700,300
45241100459524,12:34:01.100,16.1700,31
45241100459524,12:34:01.100,16.1700,600
45241100459524,12:34:01.100,16.1700,100
45314702159876,12:35:14.702,16.1650,100
45314702159876,12:35:14.702,16.1600,600
45314702159876,12:35:14.702,16.1600,300
45314702159876,12:35:14.702,16.1600,600
45314702159876,12:35:14.702,16.1600,100
45314702210604,12:35:14.702,16.1600,100
45350246903214,12:35:50.246,16.1550,10
45491425385880,12:38:11.425,16.1550,4
45540752298685,12:39:00.752,16.1500,98
45554090332636,12:39:14.090,16.1550,100
45557197816725,12:39:17.197,16.1550,600
45557197816725,12:39:17.197,16.1500,87
45557197874410,12:39:17.197,16.1500,100
45557197874410,12:39:17.197,16.1500,100
45557197874410,12:39:17.197,16.1500,300
45557197874410,12:39:17.197,16.1500,100
45626199404008,12:40:26.199,16.1500,200
45626199404008,12:40:26.199,16.1500,100
45626199404008,12:40:26.199,16.1500,100
45626199404008,12:40:26.199,16.1500,800
45626199404008,12:40:26.199,16.1500,100
45626199404008,12:40:26.199,16.1500,62
45626199436879,12:40:26.199,16.1500,338
45626199436879,12:40:26.199,16.1500,100
45626199436879,12:40:26.199,16.1500,100
45626199436879,12:40:26.199,16.1500,1
45631706281186,12:40:31.706,16.1500,100
45631706281186,12:40:31.706,16.1500,100
45631706281186,12:40:31.706,16.1500,100
45631706281186,12:40:31.706,16.1500,193
45631706281186,12:40:31.706,16.1500,48
45631706611811,12:40:31.706,16.1500,431
45631706611811,12:40:31.706,16.1500,800
45631706669383,12:40:31.706,16.1500,400
45651596107064,12:40:51.596,16.1500,300
45651596107064,12:40:51.596,16.1500,200
45651596107064,12:40:51.596,16.1500,400
45668480332617,12:41:08.480,16.1600,100
45668480332617,12:41:08.480,16.1600,74
45668481476143,12:41:08.481,16.1600,26
45724936061052,12:42:04.936,16.1650,100
45724936061052,12:42:04.936,16.1600,100
45724936061052,12:42:04.936,16.1600,300
45724936061052,12:42:04.936,16.1600,200
45724936063172,12:42:04.936,16.1600,100
45794731278699,12:43:14.731,16.1550,5
45832126788433,12:43:52.126,16.1550,1
45901069693335,12:45:01.069,16.1550,100
45970610495209,12:46:10.610,16.1550,100
45970618734340,12:46:10.618,16.1550,100
46000724276342,12:46:40.724,16.1550,300
46000724284144,12:46:40.724,16.1550,100
46000724303727,12:46:40.724,16.1500,100
46000724303727,12:46:40.724,16.1500,100
46000724303727,12:46:40.724,16.1500,100
46000724574240,12:46:40.724,16.1500,100
46000724574240,12:46:40.724,16.1500,400
46000724574240,12:46:40.724,16.1500,400
46000724574240,12:46:40.724,16.1500,800
46022239656689,12:47:02.239,16.1450,38
46067035059539,12:47:47.035,16.1500,100
46067035059539,12:47:47.035,16.1500,100
46067035059539,12:47:47.035,16.1500,100
46067035059539,12:47:47.035,16.1500,100
46067035582158,12:47:47.035,16.1500,100
46067035582158,12:47:47.035,16.1500,100
46067035582158,12:47:47.035,16.1500,500
46079203241237,12:47:59.203,16.1550,100
46079203241237,12:47:59.203,16.1550,100
46102390637600,12:48:22.390,16.1600,4
46143498389910,12:49:03.498,16.1600,34
46151030276271,12:49:11.030,16.1600,66
46151030276271,12:49:11.030,16.1600,800
46151030276271,12:49:11.030,16.1600,100
46151030276271,12:49:11.030,16.1600,100
46151030276271,12:49:11.030,16.1600,48
46151030276271,12:49:11.030,16.1600,100
46151030276271,12:49:11.030,16.1600,86
46151030703784,12:49:11.030,16.1600,14
46152753151515,12:49:12.753,16.1650,100
46152779795851,12:49:12.779,16.1700,48
46212402515004,12:50:12.402,16.1700,50
46212402776225,12:50:12.402,16.1700,150
46212402776225,12:50:12.402,16.1700,12
46212402776225,12:50:12.402,16.1700,100
46213595773293,12:50:13.595,16.1750,100
46334929912632,12:52:14.929,16.1750,100
46334929912632,12:52:14.929,16.1750,147
46334929912632,12:52:14.929,16.1800,100
46334929912632,12:52:14.929,16.1800,500
46334929912632,12:52:14.929,16.1800,300
46334929912632,12:52:14.929,16.1800,100
46334929912632,12:52:14.929,16.1800,200
46334929912632,12:52:14.929,16.1800,100
46334929912632,12:52:14.929,16.1800,100
46334929912632,12:52:14.929,16.1800,100
46334929912632,12:52:14.929,16.1800,18
46334929931123,12:52:14.929,16.1800,100
46376465639992,12:52:56.465,16.1900,596
46376465639992,12:52:56.465,16.1900,100
46376465639992,12:52:56.465,16.1900,100
46376465639992,12:52:56.465,16.1900,100
46376465639992,12:52:56.465,16.1900,100
46376465639992,12:52:56.465,16.1900,100
46376465639992,12:52:56.465,16.1900,100
46391793457822,12:53:11.793,16.2000,5
46511781388999,12:55:11.781,16.1950,100
46545068912306,12:55:45.068,16.1950,100
46563012211737,12:56:03.012,16.1950,200
46613302962534,12:56:53.302,16.1950,100
46644282700486,12:57:24.282,16.1950,100
46665046152405,12:57:45.046,16.1950,100
46685784050710,12:58:05.784,16.1950,4
46687949178273,12:58:07.949,16.1950,100
46700072339778,12:58:20.072,16.1950,806
46700072643013,12:58:20.072,16.1950,494
46700072643013,12:58:20.072,16.1900,200
46700072643013,12:58:20.072,16.1900,100
46700072643013,12:58:20.072,16.1900,12
46700072649124,12:58:20.072,16.1900,388
46700072649124,12:58:20.072,16.1900,100
46700072649124,12:58:20.072,16.1900,6
46700101202354,12:58:20.101,16.1800,100
46700101233102,12:58:20.101,16.1800,400
46701536741671,12:58:21.536,16.1700,100
46701536741671,12:58:21.536,16.1700,100
46701726751378,12:58:21.726,16.1700,100
46703848526452,12:58:23.848,16.1700,100
46704581933512,12:58:24.581,16.1750,800
46704581933512,12:58:24.581,16.1700,100
46704581962302,12:58:24.581,16.1700,800
46710235869564,12:58:30.235,16.1650,100
46710236378563,12:58:30.236,16.1650,100
46748932776680,12:59:08.932,16.1650,100
46794306030425,12:59:54.306,16.1650,100
46855075998145,13:00:55.075,16.1650,100
46869658937726,13:01:09.658,16.1650,100
46869663010818,13:01:09.663,16.1650,100
46870661273359,13:01:10.661,16.1650,100
46873296411273,13:01:13.296,16.1650,200
46879858994265,13:01:19.858,16.1650,200
46914276518957,13:01:54.276,16.1650,100
46957177482231,13:02:37.177,16.1650,100
46957177482231,13:02:37.177,16.1600,100
46957177482231,13:02:37.177,16.1600,400
46957177482231,13:02:37.177,16.1600,33
46957177482231,13:02:37.177,16.1600,67
46957178114909,13:02:37.178,16.1600,133
46957178114909,13:02:37.178,16.1600,100
46957178114909,13:02:37.178,16.1600,100
46957178114909,13:02:37.178,16.1600,100
47012266373425,13:03:32.266,16.1550,5
47052252765942,13:04:12.252,16.1600,200
47052252765942,13:04:12.252,16.1600,100
47052252765942,13:04:12.252,16.1600,100
47052252765942,13:04:12.252,16.1600,100
47052252765942,13:04:12.252,16.1600,200
47052252765942,13:04:12.252,16.1600,27
47052252765942,13:04:12.252,16.1600,100
47052252765942,13:04:12.252,16.1600,200
47175344013197,13:06:15.344,16.1650,400
47175344083115,13:06:15.344,16.1650,100
47175344083115,13:06:15.344,16.1600,100
47175344083115,13:06:15.344,16.1600,100
47175345291513,13:06:15.345,16.1600,100
47278197505627,13:07:58.197,16.1600,100
47278197505627,13:07:58.197,16.1600,100
47278197505627,13:07:58.197,16.1600,33
47278197505627,13:07:58.197,16.1600,100
47278198662389,13:07:58.198,16.1600,100
47278327438501,13:07:58.327,16.1600,300
47304708876473,13:08:24.708,16.1650,4
47495045386458,13:11:35.045,16.1650,100
47517212665388,13:11:57.212,16.1650,600
47517212771190,13:11:57.212,16.1650,100
47517212771190,13:11:57.212,16.1600,100
47517212771190,13:11:57.212,16.1600,100
47517212771190,13:11:57.212,16.1600,200
47517212771190,13:11:57.212,16.1600,100
47517212800323,13:11:57.212,16.1600,100
47530582416391,13:12:10.582,16.1600,100
47530582416391,13:12:10.582,16.1600,30
47530582416391,13:12:10.582,16.1600,100
47603695572423,13:13:23.695,16.1700,5
47620171425336,13:13:40.171,16.1700,95
47620171425336,13:13:40.171,16.1700,100
47620171425336,13:13:40.171,16.1700,100
47620171425336,13:13:40.171,16.1700,205
47729963763909,13:15:29.963,16.1650,100
47851104772670,13:17:31.104,16.1650,100
47897905252107,13:18:17.905,16.1650,4
47941121291081,13:19:01.121,16.1650,195
47941121295962,13:19:01.121,16.1650,215
47941121343893,13:19:01.121,16.1650,215
47941121963387,13:19:01.121,16.1600,100
47951705681457,13:19:11.705,16.1600,95
47951705681457,13:19:11.705,16.1600,100
47951705681457,13:19:11.705,16.1600,100
47951705681457,13:19:11.705,16.1600,100
47951705681457,13:19:11.705,16.1600,200
47951705681457,13:19:11.705,16.1600,100
47951705681457,13:19:11.705,16.1600,100
47951848914420,13:19:11.848,16.1650,300
48219057117959,13:23:39.057,16.1700,5
48311198836806,13:25:11.198,16.1650,195
48364785274398,13:26:04.785,16.1600,98
48366460835540,13:26:06.460,16.1650,100
48411052265180,13:26:51.052,16.1700,40
48513695727750,13:28:33.695,16.1700,4
48555161866335,13:29:15.161,16.1700,56
48555161866335,13:29:15.161,16.1700,100
48555161866335,13:29:15.161,16.1700,100
48555161866335,13:29:15.161,16.1700,100
48555161866335,13:29:15.161,16.1700,100
48555161866335,13:29:15.161,16.1700,100
48555161866335,13:29:15.161,16.1700,100
48555161866335,13:29:15.161,16.1700,100
48555161866335,13:29:15.161,16.1700,100
48555161866335,13:29:15.161,16.1700,100
48555161866335,13:29:15.161,16.1700,26
48594336427938,13:29:54.336,16.1800,100
48594336427938,13:29:54.336,16.1800,1
48594336427938,13:29:54.336,16.1800,199
48594336427938,13:29:54.336,16.1800,200
48594336427938,13:29:54.336,16.1800,100
48695546152854,13:31:35.546,16.1750,100
48748074593089,13:32:28.074,16.1750,100
48766185007517,13:32:46.185,16.1750,200
48798653288766,13:33:18.653,16.1800,4
48821443294058,13:33:41.443,16.1750,200
48821443303166,13:33:41.443,16.1750,800
48821443566998,13:33:41.443,16.1750,200
48821443566998,13:33:41.443,16.1700,200
48821443566998,13:33:41.443,16.1700,100
48821443576410,13:33:41.443,16.1700,100
48821443576410,13:33:41.443,16.1700,100
48821443576410,13:33:41.443,16.1700,100
48821443576410,13:33:41.443,16.1700,100
48821443576410,13:33:41.443,16.1700,100
48821443576410,13:33:41.443,16.1700,100
48830114491129,13:33:50.114,16.1650,259
48830114634538,13:33:50.114,16.1650,159
48830114701585,13:33:50.114,16.1650,159
48830114798160,13:33:50.114,16.1650,123
48830114798160,13:33:50.114,16.1600,36
48830114858507,13:33:50.114,16.1600,64
48830114858507,13:33:50.114,16.1600,59
48892661614698,13:34:52.661,16.1500,50
48989364563457,13:36:29.364,16.1550,1
48999569785573,13:36:39.569,16.1550,1
49013471355740,13:36:53.471,16.1550,1
49015670048269,13:36:55.670,16.1550,5
49015671321097,13:36:55.671,16.1550,1
49019529181666,13:36:59.529,16.1550,1
49021717243570,13:37:01.717,16.1550,1
49035789200842,13:37:15.789,16.1550,1
49067188798043,13:37:47.188,16.1550,1
49084072089671,13:38:04.072,16.1550,5
49151441833395,13:39:11.441,16.1550,1
49155617855459,13:39:15.617,16.1600,10
49155617855459,13:39:15.617,16.1600,100
49155617855459,13:39:15.617,16.1600,100
49155617855459,13:39:15.617,16.1600,100
49155617855459,13:39:15.617,16.1600,25
49155617855459,13:39:15.617,16.1600,100
49155617855459,13:39:15.617,16.1600,100
49155617855459,13:39:15.617,16.1600,27
49155617855459,13:39:15.617,16.1600,73
49155617870944,13:39:15.617,16.1600,227
49229719321590,13:40:29.719,16.1650,280
49229719438739,13:40:29.719,16.1650,220
49229719438739,13:40:29.719,16.1600,72
49229719648884,13:40:29.719,16.1600,8
49229719648884,13:40:29.719,16.1600,12
49229720648958,13:40:29.720,16.1600,200
49232432398121,13:40:32.432,16.1550,1
49232432535106,13:40:32.432,16.1550,1
49232432735518,13:40:32.432,16.1550,1
49255049403366,13:40:55.049,16.1500,100
49255185414947,13:40:55.185,16.1500,100
49261206022804,13:41:01.206,16.1550,200
49261206022804,13:41:01.206,16.1500,200
49261206216587,13:41:01.206,16.1500,100
49270508172054,13:41:10.508,16.1550,100
49270508172054,13:41:10.508,16.1500,100
49271160621674,13:41:11.160,16.1400,200
49271160621674,13:41:11.160,16.1400,100
49271471447194,13:41:11.471,16.1400,1
49278355924911,13:41:18.355,16.1400,99
49278355924911,13:41:18.355,16.1400,1
49335272940764,13:42:15.272,16.1450,100
49335272940764,13:42:15.272,16.1500,100
49335272940764,13:42:15.272,16.1500,900
49335272940764,13:42:15.272,16.1500,100
49335272940764,13:42:15.272,16.1500,100
49335272940764,13:42:15.272,16.1500,100
49335272940764,13:42:15.272,16.1500,100
49335272940764,13:42:15.272,16.1500,24
49335272940764,13:42:15.272,16.1500,100
49335272972969,13:42:15.272,16.1500,100
49409841771070,13:43:29.841,16.1600,4
49411267706065,13:43:31.267,16.1600,100
49411267706065,13:43:31.267,16.1600,300
49411267706065,13:43:31.267,16.1600,100
49470179160836,13:44:30.179,16.1650,100
49470179160836,13:44:30.179,16.1600,800
49470179160836,13:44:30.179,16.1600,200
49470179190716,13:44:30.179,16.1600,100
49518424744230,13:45:18.424,16.1550,100
49676566542193,13:47:56.566,16.1550,100
49676566542193,13:47:56.566,16.1500,34
49676566570266,13:47:56.566,16.1500,66
49676566570266,13:47:56.566,16.1500,34
49700224864739,13:48:20.224,16.1450,1
49700224980322,13:48:20.224,16.1450,1
49700225195277,13:48:20.225,16.1450,1
49796938035259,13:49:56.938,16.1450,6
49798730626670,13:49:58.730,16.1450,100
49976008369227,13:52:56.008,16.1450,50
49983720758826,13:53:03.720,16.1450,4
49996082744227,13:53:16.082,16.1500,3000
49996083069001,13:53:16.083,16.1500,100
49996083069001,13:53:16.083,16.1500,100
49996083069001,13:53:16.083,16.1500,300
49996083069001,13:53:16.083,16.1500,100
49996083069001,13:53:16.083,16.1500,100
49996083069001,13:53:16.083,16.1500,100
49996083069001,13:53:16.083,16.1500,100
49996083069001,13:53:16.083,16.1500,30
49996083069001,13:53:16.083,16.1500,200
49996083069001,13:53:16.083,16.1500,100
49996083069001,13:53:16.083,16.1500,100
49996083104973,13:53:16.083,16.1500,298
49996083238661,13:53:16.083,16.1500,2
49996083238661,13:53:16.083,16.1500,100
50058283323036,13:54:18.283,16.1600,500
50058283323036,13:54:18.283,16.1600,100
50058283323036,13:54:18.283,16.1600,100
50058283367084,13:54:18.283,16.1600,27
50062585151328,13:54:22.585,16.1600,100
50062585151328,13:54:22.585,16.1600,100
50062585151328,13:54:22.585,16.1600,400
50062586111442,13:54:22.586,16.1600,100
50062586887694,13:54:22.586,16.1600,200
50062587051037,13:54:22.587,16.1600,1
50062587251622,13:54:22.587,16.1600,17
50081679982991,13:54:41.679,16.1550,2
50081680273851,13:54:41.680,16.1550,4
50082204007592,13:54:42.204,16.1550,1
50087022486368,13:54:47.022,16.1550,1
50110368833292,13:55:10.368,16.1600,1
50110368961594,13:55:10.368,16.1600,1
50110370740654,13:55:10.370,16.1600,1
50110393716396,13:55:10.393,16.1600,1
50117716729311,13:55:17.716,16.1600,1
50117717219581,13:55:17.717,16.1600,1
50141406930741,13:55:41.406,16.1600,3
50141407809235,13:55:41.407,16.1600,3
50141416481274,13:55:41.416,16.1600,1
50141416580318,13:55:41.416,16.1600,1
50152012964949,13:55:52.012,16.1600,100
50152012964949,13:55:52.012,16.1600,100
50152012964949,13:55:52.012,16.1600,100
50153898039920,13:55:53.898,16.1650,1
50153898326533,13:55:53.898,16.1650,1
50155010833814,13:55:55.010,16.1600,100
50220750080463,13:57:00.750,16.1600,2
50293063978629,13:58:13.063,16.1600,5
50357803320041,13:59:17.803,16.1550,100
50357803320041,13:59:17.803,16.1500,700
50357803320041,13:59:17.803,16.1500,400
50357803320041,13:59:17.803,16.1500,32
50357803320041,13:59:17.803,16.1500,100
50357803320041,13:59:17.803,16.1500,22
50357803320041,13:59:17.803,16.1500,6
50357803320041,13:59:17.803,16.1500,8
50357803356160,13:59:17.803,16.1500,92
50357803356160,13:59:17.803,16.1500,8
50357803378911,13:59:17.803,16.1500,100
50357803682281,13:59:17.803,16.1500,100
50357803682281,13:59:17.803,16.1500,100
50357804015984,13:59:17.804,16.1500,3
50357804015984,13:59:17.804,16.1500,344
50357804062327,13:59:17.804,16.1500,756
50357812569921,13:59:17.812,16.1450,3
50402687456007,14:00:02.687,16.1400,2
50402687488023,14:00:02.687,16.1400,1
50402694731359,14:00:02.694,16.1400,58
50402704338193,14:00:02.704,16.1450,500
50402704338193,14:00:02.704,16.1400,39
50402704338193,14:00:02.704,16.1400,100
50402704338193,14:00:02.704,16.1400,100
50402704338193,14:00:02.704,16.1400,100
50403758597120,14:00:03.758,16.1400,200
50405725062686,14:00:05.725,16.1400,100
50405725062686,14:00:05.725,16.1400,100
50405725062686,14:00:05.725,16.1400,100
50405725062686,14:00:05.725,16.1400,700
50405725062686,14:00:05.725,16.1400,500
50405725062686,14:00:05.725,16.1400,415
50405725823651,14:00:05.725,16.1400,100
50406725979759,14:00:06.725,16.1450,2
50407472767335,14:00:07.472,16.1500,100
50407472767335,14:00:07.472,16.1500,100
50407472767335,14:00:07.472,16.1500,100
50407472767335,14:00:07.472,16.1500,18
50407472767335,14:00:07.472,16.1500,182
50407472812293,14:00:07.472,16.1500,18
50407473178991,14:00:07.473,16.1500,100
50407476267710,14:00:07.476,16.1600,18
50407476583043,14:00:07.476,16.1600,482
50407476583043,14:00:07.476,16.1600,118
50407478401444,14:00:07.478,16.1600,82
50408033269028,14:00:08.033,16.1650,100
50408033269028,14:00:08.033,16.1650,100
50408033269028,14:00:08.033,16.1650,100
50408033269028,14:00:08.033,16.1600,200
50408033269028,14:00:08.033,16.1600,122
50408592872611,14:00:08.592,16.1700,200
50408592872611,14:00:08.592,16.1700,200
50408603360540,14:00:08.603,16.1750,100
50408603360540,14:00:08.603,16.1700,100
50408603360540,14:00:08.603,16.1700,300
50408993622914,14:00:08.993,16.1700,400
50409004811499,14:00:09.004,16.1800,100
50409004811499,14:00:09.004,16.1800,100
50409004989852,14:00:09.004,16.1800,300
50409004989852,14:00:09.004,16.1800,100
50409004989852,14:00:09.004,16.1800,400
50409006849379,14:00:09.006,16.1800,1
50409070576920,14:00:09.070,16.1900,900
50409070576920,14:00:09.070,16.1900,617
50409070576920,14:00:09.070,16.1900,200
50409183710588,14:00:09.183,16.1900,500
50413044536527,14:00:13.044,16.1900,100
50413093817124,14:00:13.093,16.1900,400
50413093817124,14:00:13.093,16.1900,400
50413093817124,14:00:13.093,16.1900,800
50413150593831,14:00:13.150,16.1900,1400
50413157237328,14:00:13.157,16.1900,100
50419282613326,14:00:19.282,16.1900,100
50419282613326,14:00:19.282,16.1900,100
50420720873166,14:00:20.720,16.1900,100
50423322967286,14:00:23.322,16.1850,400
50423322967286,14:00:23.322,16.1800,100
50423322967286,14:00:23.322,16.1800,315
50423324415091,14:00:23.324,16.1800,100
50427743591611,14:00:27.743,16.1900,800
50439574438303,14:00:39.574,16.1900,100
50439574438303,14:00:39.574,16.1900,100
50451047261606,14:00:51.047,16.1900,50
50451047557206,14:00:51.047,16.1900,50
50451931531476,14:00:51.931,16.1950,200
50456210002281,14:00:56.210,16.2000,89
50456210002281,14:00:56.210,16.2000,300
50456210002281,14:00:56.210,16.2000,198
50456210002281,14:00:56.210,16.2000,100
50456210002281,14:00:56.210,16.2000,91
50456210020203,14:00:56.210,16.2000,109
50456210020203,14:00:56.210,16.2000,400
50457628332104,14:00:57.628,16.2100,138
50457628332104,14:00:57.628,16.2100,100
50457628332104,14:00:57.628,16.2100,100
50469457487277,14:01:09.457,16.2200,400
50471956917029,14:01:11.956,16.2200,600
50471956917029,14:01:11.956,16.2200,100
50476675956361,14:01:16.675,16.2200,387
50480369620878,14:01:20.369,16.2300,100
50480369620878,14:01:20.369,16.2300,387
50524174573825,14:02:04.174,16.2300,100
50524174573825,14:02:04.174,16.2300,100
50524174573825,14:02:04.174,16.2300,100
50524174573825,14:02:04.174,16.2300,100
50524174573825,14:02:04.174,16.2300,4
50524175902379,14:02:04.175,16.2400,200
50530628344799,14:02:10.628,16.2400,356
50530630096026,14:02:10.630,16.2500,100
50530630197540,14:02:10.630,16.2500,144
50530630247777,14:02:10.630,16.2500,100
50537059997551,14:02:17.059,16.2350,100
50537060341112,14:02:17.060,16.2300,100
50537067912118,14:02:17.067,16.2300,100
50537067912118,14:02:17.067,16.2300,400
50537076802584,14:02:17.076,16.2200,600
50537202514825,14:02:17.202,16.2200,100
50537829678318,14:02:17.829,16.2150,100
50537829678318,14:02:17.829,16.2100,400
50547597226056,14:02:27.597,16.2100,100
50547597226056,14:02:27.597,16.2100,100
50547597226056,14:02:27.597,16.2100,100
50562736155206,14:02:42.736,16.2200,78
50562736216334,14:02:42.736,16.2200,22
50562736216334,14:02:42.736,16.2200,100
50569120014929,14:02:49.120,16.2300,100
50569129394160,14:02:49.129,16.2300,100
50582497198490,14:03:02.497,16.2300,69
50589183787441,14:03:09.183,16.2300,31
50609555149268,14:03:29.555,16.2400,100
50612625109929,14:03:32.625,16.2400,14
50612625109929,14:03:32.625,16.2400,86
50647778881784,14:04:07.778,16.2400,100
50647778881784,14:04:07.778,16.2400,100
50647778881784,14:04:07.778,16.2400,7
50647779972096,14:04:07.779,16.2400,100
50647779989526,14:04:07.779,16.2400,100
50652620879415,14:04:12.620,16.2400,100
50657277056458,14:04:17.277,16.2450,100
50691365149203,14:04:51.365,16.2500,156
50691365149203,14:04:51.365,16.2500,100
50691365149203,14:04:51.365,16.2500,137
50691365221569,14:04:51.365,16.2500,663
50691366879478,14:04:51.366,16.2600,30
50691366879478,14:04:51.366,16.2600,387
50691366879478,14:04:51.366,16.2600,100
50691368155206,14:04:51.368,16.2600,200
50691369687561,14:04:51.369,16.2600,100
50694188614784,14:04:54.188,16.2700,100
50694188614784,14:04:54.188,16.2700,100
50694188614784,14:04:54.188,16.2700,312
50732063516470,14:05:32.063,16.2600,300
50732080701060,14:05:32.080,16.2500,400
50732080701060,14:05:32.080,16.2500,200
50732080701060,14:05:32.080,16.2500,100
50732080912295,14:05:32.080,16.2500,100
50752023664765,14:05:52.023,16.2500,200
50752023664765,14:05:52.023,16.2500,100
50752023664765,14:05:52.023,16.2500,100
50759723929183,14:05:59.723,16.2500,100
50798289712182,14:06:38.289,16.2500,3
50798289712182,14:06:38.289,16.2500,97
50812808860287,14:06:52.808,16.2500,3
50812808860287,14:06:52.808,16.2500,97
50824365098473,14:07:04.365,16.2500,3
50824365098473,14:07:04.365,16.2500,100
50824365098473,14:07:04.365,16.2500,100
50824365098473,14:07:04.365,16.2500,97
50824366073742,14:07:04.366,16.2500,3
50836997073312,14:07:16.997,16.2500,100
50836997257275,14:07:16.997,16.2500,300
50836997257275,14:07:16.997,16.2500,100
50840488683114,14:07:20.488,16.2500,300
50840488683114,14:07:20.488,16.2500,200
50840488683114,14:07:20.488,16.2500,100
50928071009192,14:08:48.071,16.2600,200
50928071009192,14:08:48.071,16.2600,6
50928085783487,14:08:48.085,16.2700,2
50928086035126,14:08:48.086,16.2700,2
50935625388993,14:08:55.625,16.2700,100
50944464518231,14:09:04.464,16.2700,100
50944464518231,14:09:04.464,16.2700,100
50946143888349,14:09:06.143,16.2700,500
50978997590950,14:09:38.997,16.2500,94
50978998320784,14:09:38.998,16.2500,6
50978998320784,14:09:38.998,16.2500,100
50978998320784,14:09:38.998,16.2500,600
50981994675738,14:09:41.994,16.2500,50
50981994700477,14:09:41.994,16.2500,50
50981994700477,14:09:41.994,16.2500,100
51005054954186,14:10:05.054,16.2600,100
51005054954186,14:10:05.054,16.2600,6
51011293055959,14:10:11.293,16.2700,3
51011293203946,14:10:11.293,16.2700,3
51011293351415,14:10:11.293,16.2700,3
51011293746166,14:10:11.293,16.2700,3
51011294159135,14:10:11.294,16.2700,3
51011294312299,14:10:11.294,16.2700,3
51011294710990,14:10:11.294,16.2700,3
51016924794356,14:10:16.924,16.2650,200
51017133017882,14:10:17.133,16.2650,400
51017133210439,14:10:17.133,16.2650,400
51029997305635,14:10:29.997,16.2600,400
51029997367068,14:10:29.997,16.2600,400
51029997447676,14:10:29.997,16.2600,400
51029997449717,14:10:29.997,16.2600,400
51029997861921,14:10:29.997,16.2600,100
51029997961341,14:10:29.997,16.2600,5
51029997975475,14:10:29.997,16.2600,295
51029997975475,14:10:29.997,16.2600,1762
51029997997192,14:10:29.997,16.2600,295
51029998707862,14:10:29.998,16.2600,500
51035113056899,14:10:35.113,16.2600,47
51060996381904,14:11:00.996,16.2700,100
51061006997546,14:11:01.006,16.2750,6
51079787737001,14:11:19.787,16.2750,100
51079787737001,14:11:19.787,16.2700,100
51079788241106,14:11:19.788,16.2700,100
51079788241106,14:11:19.788,16.2700,178
51081088752552,14:11:21.088,16.2750,1
51131955753508,14:12:11.955,16.2800,200
51131955753508,14:12:11.955,16.2800,100
51131955753508,14:12:11.955,16.2800,200
51131955753508,14:12:11.955,16.2800,8
51131957196692,14:12:11.957,16.2850,100
51141553811626,14:12:21.553,16.2850,100
51167974132936,14:12:47.974,16.2900,400
51173871962742,14:12:53.871,16.2900,100
51173871962742,14:12:53.871,16.2900,100
51173871962742,14:12:53.871,16.2900,100
51174005642326,14:12:54.005,16.2950,100
51174009961227,14:12:54.009,16.2950,100
51174860988551,14:12:54.860,16.2950,100
51174860988551,14:12:54.860,16.3000,42
51180322346010,14:13:00.322,16.3000,63
51182184838735,14:13:02.184,16.2950,100
51182184858961,14:13:02.184,16.2900,100
51182184858961,14:13:02.184,16.2900,100
51182184858961,14:13:02.184,16.2900,700
51182184858961,14:13:02.184,16.2900,500
51182185465135,14:13:02.185,16.2900,57
51187322068870,14:13:07.322,16.2850,4
51188960811874,14:13:08.960,16.2850,96
51199089953040,14:13:19.089,16.2900,300
51199089953040,14:13:19.089,16.2900,100
51199089953040,14:13:19.089,16.2900,100
51208771386127,14:13:28.771,16.2900,1000
51208771386127,14:13:28.771,16.2900,100
51208771386127,14:13:28.771,16.2900,257
51208771386127,14:13:28.771,16.2900,100
51256387295640,14:14:16.387,16.3000,1895
51256387295640,14:14:16.387,16.3000,47
51256387295640,14:14:16.387,16.3000,100
51256387295640,14:14:16.387,16.3000,12
51256387295640,14:14:16.387,16.3000,500
51256387295640,14:14:16.387,16.3000,100
51256387295640,14:14:16.387,16.3000,200
51256387532739,14:14:16.387,16.3000,100
51256388242190,14:14:16.388,16.3000,100
51260107347365,14:14:20.107,16.3000,100
51260107566303,14:14:20.107,16.3000,45
51260107566303,14:14:20.107,16.3000,700
51260107566303,14:14:20.107,16.3000,55
51282550015224,14:14:42.550,16.3000,100
51282550015224,14:14:42.550,16.3000,100
51282550015224,14:14:42.550,16.3000,700
51282550015224,14:14:42.550,16.3000,100
51300166287496,14:15:00.166,16.3050,100
51300166287496,14:15:00.166,16.3000,100
51300166287496,14:15:00.166,16.3000,600
51300166287496,14:15:00.166,16.3000,500
51300166287496,14:15:00.166,16.3000,100
51300172198851,14:15:00.172,16.3000,100
51305565563455,14:15:05.565,16.3000,100
51318649386608,14:15:18.649,16.3050,100
51318649386608,14:15:18.649,16.3000,700
51318649386608,14:15:18.649,16.3000,200
51318649772600,14:15:18.649,16.3000,100
51318649772600,14:15:18.649,16.3000,500
51321097354889,14:15:21.097,16.2900,300
51321097354889,14:15:21.097,16.2900,100
51342754102492,14:15:42.754,16.2850,100
51342754102492,14:15:42.754,16.2800,100
51342754102492,14:15:42.754,16.2800,300
51342754130553,14:15:42.754,16.2800,100
51342755773231,14:15:42.755,16.2800,100
51342755822031,14:15:42.755,16.2800,100
51342755867871,14:15:42.755,16.2800,100
51342980697182,14:15:42.980,16.2800,81
51345352323312,14:15:45.352,16.2800,78
51345353136880,14:15:45.353,16.2800,200
51345353195234,14:15:45.353,16.2800,22
51366597106247,14:16:06.597,16.2900,100
51366597106247,14:16:06.597,16.2900,93
51367250990441,14:16:07.250,16.2900,7
51367250990441,14:16:07.250,16.2900,100
51367250990441,14:16:07.250,16.2900,93
51367251173085,14:16:07.251,16.2900,7
51367251173085,14:16:07.251,16.2900,8
51374905654675,14:16:14.905,16.2950,100
51400312759522,14:16:40.312,16.3000,100
51400312759522,14:16:40.312,16.3000,200
51429668775620,14:17:09.668,16.3100,100
51429668775620,14:17:09.668,16.3100,100
51429994005126,14:17:09.994,16.3100,100
51430115402178,14:17:10.115,16.3100,100
51432145642660,14:17:12.145,16.3100,100
51432145642660,14:17:12.145,16.3100,100
51432145642660,14:17:12.145,16.3100,200
51432145645013,14:17:12.145,16.3100,100
51491459775919,14:18:11.459,16.3050,500
51491459775919,14:18:11.459,16.3000,100
51491459775919,14:18:11.459,16.3000,203
51491459804209,14:18:11.459,16.3000,297
51491459804209,14:18:11.459,16.3000,400
51491459804209,14:18:11.459,16.3000,200
51491459804209,14:18:11.459,16.3000,27
51491460570806,14:18:11.460,16.3000,100
51491460617383,14:18:11.460,16.3000,100
51491460679416,14:18:11.460,16.3000,100
51491460777549,14:18:11.460,16.3000,100
51491460838535,14:18:11.460,16.3000,100
51491460923491,14:18:11.460,16.3000,100
51492497092813,14:18:12.497,16.3000,100
51492990215299,14:18:12.990,16.3000,100
51493060278295,14:18:13.060,16.3000,100
51493559176598,14:18:13.559,16.3000,100
51493995648983,14:18:13.995,16.3000,100
51498621286429,14:18:18.621,16.3000,100
51498765071156,14:18:18.765,16.3000,1000
51498765071156,14:18:18.765,16.3000,100
51498765071156,14:18:18.765,16.3000,100
51498765071156,14:18:18.765,16.3000,100
51498765071156,14:18:18.765,16.3000,600
51556736246413,14:19:16.736,16.3050,100
51556736246413,14:19:16.736,16.3050,100
51556736246413,14:19:16.736,16.3050,100
51556736246413,14:19:16.736,16.3050,100
51556736246413,14:19:16.736,16.3000,100
51556736246413,14:19:16.736,16.3000,400
51556736246413,14:19:16.736,16.3000,100
51556736246413,14:19:16.736,16.3000,500
51556736246413,14:19:16.736,16.3000,100
51573540253948,14:19:33.540,16.3100,100
51573540253948,14:19:33.540,16.3100,6
51577707913535,14:19:37.707,16.3150,6
51586661247791,14:19:46.661,16.3200,100
51586661247791,14:19:46.661,16.3200,100
51586661247791,14:19:46.661,16.3200,100
51586661247791,14:19:46.661,16.3200,100
51593445326224,14:19:53.445,16.3250,100
51593445326224,14:19:53.445,16.3200,100
51593445326224,14:19:53.445,16.3200,100
51593445326224,14:19:53.445,16.3200,500
51593445357414,14:19:53.445,16.3200,100
51593446172449,14:19:53.446,16.3200,61
51595591284167,14:19:55.591,16.3100,100
51596407990777,14:19:56.407,16.3150,6
51604457127092,14:20:04.457,16.3150,100
51604457127092,14:20:04.457,16.3150,100
51637557914591,14:20:37.557,16.3150,100
51637558212858,14:20:37.558,16.3100,100
51640456679792,14:20:40.456,16.3100,7
51640456679792,14:20:40.456,16.3100,3
51654558539911,14:20:54.558,16.3200,100
51654558539911,14:20:54.558,16.3200,100
51660994304347,14:21:00.994,16.3300,100
51691231487200,14:21:31.231,16.3300,7
51691231767898,14:21:31.231,16.3300,93
51691231767898,14:21:31.231,16.3300,7
51691231924283,14:21:31.231,16.3300,93
51694355774367,14:21:34.355,16.3350,100
51694355774367,14:21:34.355,16.3300,700
51694355774367,14:21:34.355,16.3300,1000
51694355774367,14:21:34.355,16.3300,100
51694355774367,14:21:34.355,16.3300,600
51734433015609,14:22:14.433,16.3250,100
51734841465243,14:22:14.841,16.3200,400
51734841490918,14:22:14.841,16.3200,600
51734841490918,14:22:14.841,16.3200,116
51742615290273,14:22:22.615,16.3200,100
51742615290273,14:22:22.615,16.3200,100
51742615290273,14:22:22.615,16.3200,100
51744845641001,14:22:24.845,16.3250,100
51744845641001,14:22:24.845,16.3250,100
51744845641001,14:22:24.845,16.3250,100
51744845641001,14:22:24.845,16.3250,100
51744845641001,14:22:24.845,16.3200,1000
51744845641001,14:22:24.845,16.3200,100
51744845641001,14:22:24.845,16.3200,100
51744845641001,14:22:24.845,16.3200,100
51744845641001,14:22:24.845,16.3200,100
51744845641001,14:22:24.845,16.3200,900
51744845641001,14:22:24.845,16.3200,100
51744845641001,14:22:24.845,16.3200,200
51744845641001,14:22:24.845,16.3200,200
51744845641001,14:22:24.845,16.3200,600
51744845641001,14:22:24.845,16.3200,100
51744845641001,14:22:24.845,16.3200,300
51744845814391,14:22:24.845,16.3200,100
51744862619993,14:22:24.862,16.3100,1000
51744862619993,14:22:24.862,16.3100,100
51744862619993,14:22:24.862,16.3100,100
51744862619993,14:22:24.862,16.3100,600
51744862619993,14:22:24.862,16.3100,100
51744862619993,14:22:24.862,16.3100,600
51744862619993,14:22:24.862,16.3100,200
51744862619993,14:22:24.862,16.3100,100
51744862619993,14:22:24.862,16.3100,1700
51744862619993,14:22:24.862,16.3100,100
51744862619993,14:22:24.862,16.3100,100
51744862619993,14:22:24.862,16.3100,100
51744862619993,14:22:24.862,16.3100,100
51744862619993,14:22:24.862,16.3100,200
51744862834413,14:22:24.862,16.3100,100
51744862834413,14:22:24.862,16.3100,100
51744862949311,14:22:24.862,16.3100,100
51744862949311,14:22:24.862,16.3100,100
51744862949311,14:22:24.862,16.3100,300
51750682166846,14:22:30.682,16.3050,100
51750682166846,14:22:30.682,16.3000,400
51750682166846,14:22:30.682,16.3000,500
51750682199284,14:22:30.682,16.3000,100
51750682199284,14:22:30.682,16.3000,900
51750682249902,14:22:30.682,16.3000,400
51750682249902,14:22:30.682,16.3000,1562
51751656089355,14:22:31.656,16.2950,100
51751656089355,14:22:31.656,16.2950,100
51751656817060,14:22:31.656,16.2950,100
51756033274216,14:22:36.033,16.3000,200
51757749211211,14:22:37.749,16.3100,100
51757749211211,14:22:37.749,16.3100,100
51757749211211,14:22:37.749,16.3100,100
51757749211211,14:22:37.749,16.3100,300
51757749211211,14:22:37.749,16.3100,100
51757749211211,14:22:37.749,16.3100,200
51757749211211,14:22:37.749,16.3100,100
51759079217538,14:22:39.079,16.3200,1
51759290664019,14:22:39.290,16.3200,600
51759290664019,14:22:39.290,16.3200,100
51759290664019,14:22:39.290,16.3200,100
51763256890655,14:22:43.256,16.3250,100
51763256890655,14:22:43.256,16.3200,500
51763256890655,14:22:43.256,16.3200,100
51763256890655,14:22:43.256,16.3200,100
51763256890655,14:22:43.256,16.3200,200
51763256890655,14:22:43.256,16.3200,100
51771120785782,14:22:51.120,16.3200,200
51772556477838,14:22:52.556,16.3200,100
51785587085865,14:23:05.587,16.3200,500
51785587085865,14:23:05.587,16.3200,200
51785587085865,14:23:05.587,16.3200,100
51785587085865,14:23:05.587,16.3200,300
51785587085865,14:23:05.587,16.3200,600
51785587085865,14:23:05.587,16.3200,500
51785587085865,14:23:05.587,16.3200,276
51785587085865,14:23:05.587,16.3200,600
51785587085865,14:23:05.587,16.3200,100
51785587085865,14:23:05.587,16.3200,100
51785587085865,14:23:05.587,16.3200,100
51785587085865,14:23:05.587,16.3200,200
51785587601050,14:23:05.587,16.3200,100
51787019234511,14:23:07.019,16.3050,100
51787019234511,14:23:07.019,16.3050,100
51787019234511,14:23:07.019,16.3100,1100
51787019234511,14:23:07.019,16.3100,100
51787019234511,14:23:07.019,16.3100,100
51787019234511,14:23:07.019,16.3100,32
51796297369723,14:23:16.297,16.3050,100
51796297369723,14:23:16.297,16.3050,100
51796297369723,14:23:16.297,16.3000,200
51796297369723,14:23:16.297,16.3000,600
51796297369723,14:23:16.297,16.3000,100
51796297369723,14:23:16.297,16.3000,200
51796297369723,14:23:16.297,16.3000,100
51796297369723,14:23:16.297,16.3000,100
51796297369723,14:23:16.297,16.3000,100
51796297369723,14:23:16.297,16.3000,100
51796297369723,14:23:16.297,16.3000,276
51796297369723,14:23:16.297,16.3000,100
51796297369723,14:23:16.297,16.3000,200
51796297369723,14:23:16.297,16.3000,100
51796297410316,14:23:16.297,16.3000,15
51802301846200,14:23:22.301,16.2900,600
51802301846200,14:23:22.301,16.2900,100
51802301846200,14:23:22.301,16.2900,100
51802301846200,14:23:22.301,16.2900,276
51802302427335,14:23:22.302,16.2900,100
51803798218005,14:23:23.798,16.2900,600
51803798218005,14:23:23.798,16.2900,100
51803798218005,14:23:23.798,16.2900,300
51803812512364,14:23:23.812,16.3000,600
51803812512364,14:23:23.812,16.3000,500
51803814052056,14:23:23.814,16.3000,700
51803814052056,14:23:23.814,16.3000,100
51803814052056,14:23:23.814,16.3000,100
51804115004130,14:23:24.115,16.3050,100
51804115004130,14:23:24.115,16.3050,100
51804115004130,14:23:24.115,16.3000,100
51804867227390,14:23:24.867,16.3100,100
51809230015041,14:23:29.230,16.3100,100
51809300788509,14:23:29.300,16.3000,100
51809300788509,14:23:29.300,16.3000,900
51809300788509,14:23:29.300,16.3000,200
51809300788509,14:23:29.300,16.3000,500
51809300788509,14:23:29.300,16.3000,100
51809300788509,14:23:29.300,16.3000,100
51809300788509,14:23:29.300,16.3000,200
51809300788509,14:23:29.300,16.3000,100
51880211125484,14:24:40.211,16.3000,300
51880211125484,14:24:40.211,16.3000,100
51880211125484,14:24:40.211,16.3000,100
51933554648021,14:25:33.554,16.3050,200
51933554648021,14:25:33.554,16.3000,100
51933554648021,14:25:33.554,16.3000,100
51933554648021,14:25:33.554,16.3000,38
51933601323668,14:25:33.601,16.3000,134
51933601323668,14:25:33.601,16.3000,400
51933601323668,14:25:33.601,16.3000,25
51933601323668,14:25:33.601,16.3000,500
51969200070990,14:26:09.200,16.3000,15
51969200643118,14:26:09.200,16.3000,85
51981878184806,14:26:21.878,16.3050,400
51981878184806,14:26:21.878,16.3000,25
51981878184806,14:26:21.878,16.3000,500
51986737375960,14:26:26.737,16.3000,100
51992764771745,14:26:32.764,16.3050,200
51992764807660,14:26:32.764,16.3050,100
51992764807660,14:26:32.764,16.3000,100
51992764874424,14:26:32.764,16.3000,100
51992794904127,14:26:32.794,16.2950,100
52044486605509,14:27:24.486,16.2900,1
52044486688126,14:27:24.486,16.2950,100
52044486688126,14:27:24.486,16.2900,499
52044486688126,14:27:24.486,16.2900,200
52044486688126,14:27:24.486,16.2900,200
52059311675476,14:27:39.311,16.2900,100
52059311675476,14:27:39.311,16.2900,100
52059311675476,14:27:39.311,16.2900,200
52059311675476,14:27:39.311,16.2900,29
52059311694795,14:27:39.311,16.2900,171
52063866460838,14:27:43.866,16.2900,100
52081516188185,14:28:01.516,16.2900,100
52113556415826,14:28:33.556,16.2950,100
52113556415826,14:28:33.556,16.2900,24
52113556415826,14:28:33.556,16.2900,71
52113556481786,14:28:33.556,16.2900,429
52113556481786,14:28:33.556,16.2900,400
52113556481786,14:28:33.556,16.2900,300
52145787799968,14:29:05.787,16.2900,1
52145789456078,14:29:05.789,16.2900,1
52145790895685,14:29:05.790,16.2900,5
52204846835857,14:30:04.846,16.2850,100
52210842395426,14:30:10.842,16.2900,100
52210842395426,14:30:10.842,16.2900,100
52210842395426,14:30:10.842,16.2900,100
52210842395426,14:30:10.842,16.2900,93
52210842395426,14:30:10.842,16.2900,100
52210842395426,14:30:10.842,16.2900,100
52210842395426,14:30:10.842,16.2900,100
52210842395426,14:30:10.842,16.2900,200
52210842395426,14:30:10.842,16.2900,100
52210842395426,14:30:10.842,16.2900,200
52210842832002,14:30:10.842,16.2900,100
52233650974260,14:30:33.650,16.3000,100
52233650974260,14:30:33.650,16.3000,600
52233650974260,14:30:33.650,16.3000,100
52233650974260,14:30:33.650,16.3000,400
52233650974260,14:30:33.650,16.3000,100
52233650974260,14:30:33.650,16.3000,500
52233650974260,14:30:33.650,16.3000,200
52257834502950,14:30:57.834,16.3100,200
52257834502950,14:30:57.834,16.3100,100
52257834502950,14:30:57.834,16.3100,100
52257834502950,14:30:57.834,16.3100,100
52257834502950,14:30:57.834,16.3100,100
52257834502950,14:30:57.834,16.3100,100
52275199794062,14:31:15.199,16.3200,1
52275200020952,14:31:15.200,16.3200,3
52280963229130,14:31:20.963,16.3150,100
52280963229130,14:31:20.963,16.3100,100
52280963229130,14:31:20.963,16.3100,262
52280963229130,14:31:20.963,16.3100,400
52280963229130,14:31:20.963,16.3100,38
52280963362911,14:31:20.963,16.3100,62
52280963362911,14:31:20.963,16.3100,31
52280963362911,14:31:20.963,16.3100,100
52287375230313,14:31:27.375,16.3050,100
52296025174717,14:31:36.025,16.3000,100
52296025174717,14:31:36.025,16.3000,100
52296025174717,14:31:36.025,16.3000,24
52349574180334,14:32:29.574,16.3000,600
52349574180334,14:32:29.574,16.3000,100
52349574180334,14:32:29.574,16.3000,100
52349574180334,14:32:29.574,16.3000,3
52349574180334,14:32:29.574,16.3000,100
52349580960134,14:32:29.580,16.3050,100
52359750367292,14:32:39.750,16.3050,100
52359750367292,14:32:39.750,16.3000,53
52359750555910,14:32:39.750,16.3000,100
52359750555910,14:32:39.750,16.3000,60
52395765457524,14:33:15.765,16.3000,5
52396505937995,14:33:16.505,16.2950,100
52396505937995,14:33:16.505,16.2950,100
52446444840536,14:34:06.444,16.3000,100
52446444840536,14:34:06.444,16.3000,100
52446444840536,14:34:06.444,16.3000,100
52446444840536,14:34:06.444,16.3000,100
52446444840536,14:34:06.444,16.3000,100
52446444840536,14:34:06.444,16.3000,100
52446444840536,14:34:06.444,16.3000,100
52446445842165,14:34:06.445,16.3000,100
52446819035783,14:34:06.819,16.3050,100
52446819035783,14:34:06.819,16.3050,300
52446831295283,14:34:06.831,16.3050,500
52446850881681,14:34:06.850,16.3050,100
52496841617191,14:34:56.841,16.3100,2
52502951290900,14:35:02.951,16.3100,100
52519899360327,14:35:19.899,16.3150,100
52519899360327,14:35:19.899,16.3150,100
52519899360327,14:35:19.899,16.3150,200
52522301018851,14:35:22.301,16.3150,1000
52522301018851,14:35:22.301,16.3100,100
52522301018851,14:35:22.301,16.3100,100
52522301018851,14:35:22.301,16.3100,225
52522301051229,14:35:22.301,16.3100,275
52522301051229,14:35:22.301,16.3100,600
52522301051229,14:35:22.301,16.3100,100
52522301051229,14:35:22.301,16.3100,25
52523316279150,14:35:23.316,16.3050,100
52547540218919,14:35:47.540,16.3000,400
52547540218919,14:35:47.540,16.3000,533
52547540768562,14:35:47.540,16.3000,67
52547540768562,14:35:47.540,16.3000,200
52572424114494,14:36:12.424,16.2950,100
52572424114494,14:36:12.424,16.2900,200
52572424114494,14:36:12.424,16.2900,200
52572424114494,14:36:12.424,16.2900,25
52572424208076,14:36:12.424,16.2900,25
52603097769412,14:36:43.097,16.2900,100
52603097769412,14:36:43.097,16.2900,100
52603097769412,14:36:43.097,16.2900,400
52603097769412,14:36:43.097,16.2900,100
52603100830307,14:36:43.100,16.3000,300
52610332207879,14:36:50.332,16.3000,300
52610332207879,14:36:50.332,16.3000,200
52610332207879,14:36:50.332,16.3000,100
52610332207879,14:36:50.332,16.3000,100
52610332207879,14:36:50.332,16.3000,100
52610332207879,14:36:50.332,16.3000,200
52610332207879,14:36:50.332,16.3000,694
52611109274306,14:36:51.109,16.2900,600
52611109274306,14:36:51.109,16.2900,100
52611109274306,14:36:51.109,16.2900,100
52613945292813,14:36:53.945,16.2900,200
52613946590036,14:36:53.946,16.3000,600
52613946590036,14:36:53.946,16.3000,200
52613946590036,14:36:53.946,16.3000,100
52613946590036,14:36:53.946,16.3000,100
52613946590036,14:36:53.946,16.3000,100
52613946590036,14:36:53.946,16.3000,600
52613947353648,14:36:53.947,16.3000,1100
52613947353648,14:36:53.947,16.3000,100
52613947353648,14:36:53.947,16.3000,371
52614754360547,14:36:54.754,16.3000,100
52614754360547,14:36:54.754,16.3000,294
52617225018267,14:36:57.225,16.3000,1500
52617225018267,14:36:57.225,16.3000,100
52617225018267,14:36:57.225,16.3000,400
52617225018267,14:36:57.225,16.3000,1100
52617225018267,14:36:57.225,16.3000,94
52617226240596,14:36:57.226,16.3000,100
52617226240596,14:36:57.226,16.3000,100
52618350450635,14:36:58.350,16.3000,100
52618350450635,14:36:58.350,16.3000,100
52620440564359,14:37:00.440,16.3000,100
52620440988956,14:37:00.440,16.3000,200
52620441023867,14:37:00.441,16.3000,100
52620441073933,14:37:00.441,16.3000,100
52620441113362,14:37:00.441,16.3000,100
52620441153704,14:37:00.441,16.3000,100
52620441302176,14:37:00.441,16.3000,100
52620441342710,14:37:00.441,16.3000,100
52620441384501,14:37:00.441,16.3000,100
52620441424422,14:37:00.441,16.3000,100
52620441464060,14:37:00.441,16.3000,100
52628712424880,14:37:08.712,16.3000,100
52628712424880,14:37:08.712,16.3000,100
52628712424880,14:37:08.712,16.3000,600
52628712424880,14:37:08.712,16.3000,100
52644707054597,14:37:24.707,16.3000,100
52644707054597,14:37:24.707,16.3000,100
52644707054597,14:37:24.707,16.3000,70
52644707079373,14:37:24.707,16.3000,30
52644707079373,14:37:24.707,16.3000,100
52644707079373,14:37:24.707,16.3000,100
52644707079373,14:37:24.707,16.3000,100
52644707079373,14:37:24.707,16.3000,100
52682321656984,14:38:02.321,16.3050,100
52682321656984,14:38:02.321,16.3100,100
52682321656984,14:38:02.321,16.3100,100
52682321656984,14:38:02.321,16.3100,200
52682321656984,14:38:02.321,16.3100,100
52686914867910,14:38:06.914,16.3100,4
52702557595830,14:38:22.557,16.3100,100
52702557595830,14:38:22.557,16.3100,100
52702557651109,14:38:22.557,16.3100,100
52702557651109,14:38:22.557,16.3100,100
52726420574424,14:38:46.420,16.3200,300
52728222135172,14:38:48.222,16.3200,1
52728222346999,14:38:48.222,16.3200,1
52728228982196,14:38:48.228,16.3200,1
52755539834044,14:39:15.539,16.3100,100
52755539834044,14:39:15.539,16.3100,25
52812371459228,14:40:12.371,16.3000,100
52812371459228,14:40:12.371,16.3000,100
52812371459228,14:40:12.371,16.3000,25
52830506525272,14:40:30.506,16.2950,200
52892301645798,14:41:32.301,16.2900,600
52892301645798,14:41:32.301,16.2900,200
52892301645798,14:41:32.301,16.2900,100
52892301645798,14:41:32.301,16.2900,100
52912737137074,14:41:52.737,16.2900,100
52912737137074,14:41:52.737,16.2900,82
52939495921781,14:42:19.495,16.2900,100
52939495921781,14:42:19.495,16.2900,200
52958438983084,14:42:38.438,16.2900,59
52958438983084,14:42:38.438,16.2900,600
52958439630984,14:42:38.439,16.2900,100
52982364351742,14:43:02.364,16.2850,200
52982364351742,14:43:02.364,16.2850,100
52982375927422,14:43:02.375,16.2850,100
52982375927422,14:43:02.375,16.2850,100
52986182768246,14:43:06.182,16.2800,25
52986182768246,14:43:06.182,16.2800,65
52986417026855,14:43:06.417,16.2800,35
52986417026855,14:43:06.417,16.2800,100
52990697788706,14:43:10.697,16.2800,600
52990697788706,14:43:10.697,16.2800,100
52990697788706,14:43:10.697,16.2800,100
52996038368264,14:43:16.038,16.2800,600
52996038368264,14:43:16.038,16.2800,100
52996039453524,14:43:16.039,16.2800,100
53007818083515,14:43:27.818,16.2800,100
53028321689913,14:43:48.321,16.2900,45
53037751498200,14:43:57.751,16.2900,251
53037751702106,14:43:57.751,16.2900,204
53037751702106,14:43:57.751,16.2900,100
53088634874002,14:44:48.634,16.3000,100
53088634988097,14:44:48.634,16.3000,100
53088634988097,14:44:48.634,16.3000,100
53089063348596,14:44:49.063,16.3050,200
53090421322676,14:44:50.421,16.3000,100
53090421322676,14:44:50.421,16.3000,100
53090421322676,14:44:50.421,16.3000,25
53099286915908,14:44:59.286,16.2900,600
53099286915908,14:44:59.286,16.2900,400
53099286915908,14:44:59.286,16.2900,500
53099286915908,14:44:59.286,16.2900,200
53099287455635,14:44:59.287,16.2900,100
53099288310287,14:44:59.288,16.2900,200
53099288348262,14:44:59.288,16.2900,245
53099288358494,14:44:59.288,16.2900,200
53099288429951,14:44:59.288,16.2900,200
53099288652199,14:44:59.288,16.2900,123
53099351539357,14:44:59.351,16.2900,100
53099744276349,14:44:59.744,16.2900,100
53102079568172,14:45:02.079,16.2900,100
53111580865492,14:45:11.580,16.2900,400
53111581298870,14:45:11.581,16.2900,400
53111581488177,14:45:11.581,16.2900,100
53111582635497,14:45:11.582,16.2900,100
53113040176268,14:45:13.040,16.2900,100
53125302666612,14:45:25.302,16.2900,400
53125303093921,14:45:25.303,16.2900,100
53125305066930,14:45:25.305,16.2900,200
53125496229585,14:45:25.496,16.2900,200
53125525016017,14:45:25.525,16.2900,300
53133253073134,14:45:33.253,16.2900,100
53135083302985,14:45:35.083,16.2900,100
53147659314860,14:45:47.659,16.2900,100
53150831774213,14:45:50.831,16.2900,200
53189256444332,14:46:29.256,16.2900,100
53189256444332,14:46:29.256,16.2900,100
53189256444332,14:46:29.256,16.2900,100
53189274424445,14:46:29.274,16.3000,12
53217853849497,14:46:57.853,16.3000,156
53249548269391,14:47:29.548,16.3050,100
53288254831131,14:48:08.254,16.3050,4
53293790177471,14:48:13.790,16.3000,100
53293790177471,14:48:13.790,16.3000,100
53293790177471,14:48:13.790,16.3000,100
53293790177471,14:48:13.790,16.3000,100
53293790177471,14:48:13.790,16.3000,200
