timestamp,time,price,volume
34199450500433,09:29:59.450,26.4500,100
34200908577766,09:30:00.908,26.4800,2451
34363041967160,09:32:43.041,26.5100,1
34363041967160,09:32:43.041,26.5100,2
34363823486122,09:32:43.823,26.5100,2
34364378331316,09:32:44.378,26.5100,1
34365047882258,09:32:45.047,26.5100,2
34365438295449,09:32:45.438,26.5100,1
34366048011484,09:32:46.048,26.5100,1
34366498151164,09:32:46.498,26.5100,1
34367048158937,09:32:47.048,26.5100,1
34367558328747,09:32:47.558,26.5100,1
34367700335034,09:32:47.700,26.5100,1
34369052413285,09:32:49.052,26.5100,2
34370052543043,09:32:50.052,26.5100,2
34371055257615,09:32:51.055,26.5100,1
34372055351809,09:32:52.055,26.5100,1
34372324327837,09:32:52.324,26.5100,1
34373055518029,09:32:53.055,26.5100,1
34374055645659,09:32:54.055,26.5100,1
34375055770378,09:32:55.055,26.5100,1
34376056024235,09:32:56.056,26.5100,1
34378074297698,09:32:58.074,26.5100,1
34379057636205,09:32:59.057,26.5100,1
34557449804552,09:35:57.449,26.3500,100
34571428814533,09:36:11.428,26.1900,54
34571446045665,09:36:11.446,26.1350,60
34602697910473,09:36:42.697,26.1900,20
34668565387712,09:37:48.565,26.1900,20
34680089808707,09:38:00.089,26.1500,100
34680593690554,09:38:00.593,26.1500,100
34681314972441,09:38:01.314,26.1500,100
34687264377224,09:38:07.264,26.0800,1
34687264377224,09:38:07.264,26.0800,99
34689271588836,09:38:09.271,26.1400,70
34742264234398,09:39:02.264,26.1500,11
34742264234398,09:39:02.264,26.1500,100
34742264266737,09:39:02.264,26.1500,1
34742264584730,09:39:02.264,26.1500,100
34742264656051,09:39:02.264,26.1500,100
34742265141911,09:39:02.265,26.1500,100
34783653078835,09:39:43.653,26.1500,66
34795365126234,09:39:55.365,26.1500,30
34795365629924,09:39:55.365,26.0800,100
34795371998475,09:39:55.371,26.0300,100
34795371998475,09:39:55.371,26.0300,100
34865967493722,09:41:05.967,26.0900,100
34865968610359,09:41:05.968,26.0900,100
34889743817139,09:41:29.743,26.0500,100
34889743827119,09:41:29.743,26.0500,200
34889743981224,09:41:29.743,26.0500,3
34889744025509,09:41:29.744,26.0500,97
34889744092479,09:41:29.744,26.0400,3
34889744277968,09:41:29.744,26.0500,7
34915242277913,09:41:55.242,26.0400,100
34941114169750,09:42:21.114,26.1300,31
35259467670475,09:47:39.467,26.0500,15
35259467670475,09:47:39.467,26.0600,16
35549071011204,09:52:29.071,25.9200,20
35549071011204,09:52:29.071,25.9200,10
35549071093077,09:52:29.071,25.8700,3
35549071117133,09:52:29.071,25.8700,17
35747285809668,09:55:47.285,25.8200,200
35747285835259,09:55:47.285,25.8200,100
35758265865636,09:55:58.265,25.7500,8
35793577602644,09:56:33.577,25.6700,100
35843207582149,09:57:23.207,25.7900,31
35988125370331,09:59:48.125,25.6700,100
36140555447063,10:02:20.555,25.7600,31
36166110158108,10:02:46.110,25.6700,3
36166110727787,10:02:46.110,25.6700,1
36169115930728,10:02:49.115,25.6200,8
36312251149820,10:05:12.251,25.6300,100
36312251211157,10:05:12.251,25.6300,100
36312251264237,10:05:12.251,25.6300,7
36312251264237,10:05:12.251,25.6300,93
36312251280635,10:05:12.251,25.6300,7
36314117233294,10:05:14.117,25.5300,11
36314117235027,10:05:14.117,25.5400,20
36388217393625,10:06:28.217,25.5900,10
36440402097607,10:07:20.402,25.5800,31
36548078495434,10:09:08.078,25.5900,94
36548078495434,10:09:08.078,25.5900,100
36548078964322,10:09:08.078,25.6000,100
36548078964322,10:09:08.078,25.6000,100
36548084940528,10:09:08.084,25.6200,100
36548084940528,10:09:08.084,25.6200,200
36548085423426,10:09:08.085,25.6300,100
36548085997518,10:09:08.085,25.6300,100
36548091124218,10:09:08.091,25.6300,100
36555882456078,10:09:15.882,25.5700,100
36610945185046,10:10:10.945,25.6400,1
36610945185046,10:10:10.945,25.6400,100
36610945719519,10:10:10.945,25.6400,100
36619324433525,10:10:19.324,25.6700,1
36619324460530,10:10:19.324,25.6700,99
36749447142494,10:12:29.447,25.8200,30
36930923966880,10:15:30.923,25.7900,3
36930923982822,10:15:30.923,25.7900,37
36930923982822,10:15:30.923,25.7900,7
36930924073065,10:15:30.924,25.7800,100
37054705133883,10:17:34.705,25.7800,31
37092392580184,10:18:12.392,25.7100,3
37092392605071,10:18:12.392,25.7100,97
37283090833300,10:21:23.090,25.6900,100
37283090833300,10:21:23.090,25.6900,100
37283091325579,10:21:23.091,25.6900,100
37299127728329,10:21:39.127,25.7400,100
37299127899183,10:21:39.127,25.7500,10
37496816587828,10:24:56.816,25.8300,100
37545402840019,10:25:45.402,25.8300,100
37607255826562,10:26:47.255,25.8200,100
37666194998729,10:27:46.194,25.8900,31
37684120887715,10:28:04.120,25.9000,2
37872225087868,10:31:12.225,25.9000,100
37950457348819,10:32:30.457,25.9000,30
37950457427715,10:32:30.457,25.9000,70
37950457427715,10:32:30.457,25.9000,94
37950457427715,10:32:30.457,25.9000,6
37950457657709,10:32:30.457,25.9000,100
38067200123581,10:34:27.200,25.9700,100
38067200535862,10:34:27.200,25.9600,100
38235550978348,10:37:15.550,25.9900,31
38266386317527,10:37:46.386,25.9100,3
38266386345170,10:37:46.386,25.9100,97
38266386345170,10:37:46.386,25.9100,11
38266386405479,10:37:46.386,25.9000,3
38266386463433,10:37:46.386,25.9000,3
38266386520525,10:37:46.386,25.9000,3
38266386621441,10:37:46.386,25.9000,3
38266386677787,10:37:46.386,25.9000,3
38266386777229,10:37:46.386,25.9000,3
38266386873317,10:37:46.386,25.9000,3
38266387114951,10:37:46.387,25.9000,79
38266387114951,10:37:46.387,25.9000,100
38266387114951,10:37:46.387,25.9000,21
38266387151629,10:37:46.387,25.9000,3
38266387170925,10:37:46.387,25.9000,76
38266387170925,10:37:46.387,25.9000,3
38266387711482,10:37:46.387,25.9000,3
38266387726077,10:37:46.387,25.9000,13
38299654743123,10:38:19.654,25.9300,100
38531069717514,10:42:11.069,25.9600,3
38531069834187,10:42:11.069,25.9600,97
38531069834187,10:42:11.069,25.9600,8
38531069834187,10:42:11.069,25.9600,350
38531071067099,10:42:11.071,25.9600,3
38531071082933,10:42:11.071,25.9600,47
38531071373330,10:42:11.071,25.9600,100
38531071373330,10:42:11.071,25.9600,100
38531071864347,10:42:11.071,25.9600,100
38561908724975,10:42:41.908,25.9500,31
38655633631462,10:44:15.633,25.9500,100
38655633641515,10:44:15.633,25.9500,1
38655651864716,10:44:15.651,25.9800,100
38655662968241,10:44:15.662,26.0100,100
38655662968241,10:44:15.662,26.0100,100
38655814707824,10:44:15.814,26.0400,100
38683819821402,10:44:43.819,26.0200,47
38683819834222,10:44:43.819,26.0200,53
38766257069717,10:46:06.257,25.9600,44
38822317026580,10:47:02.317,25.9600,3
38822317096258,10:47:02.317,25.9600,3
38822317306015,10:47:02.317,25.9600,3
38822317733819,10:47:02.317,25.9600,3
38822810785619,10:47:02.810,25.9600,3
38822811454531,10:47:02.811,25.9600,3
38822811759770,10:47:02.811,25.9600,3
38822886778331,10:47:02.886,25.9600,3
38822888038829,10:47:02.888,25.9600,3
38822889168719,10:47:02.889,25.9600,3
38822889249385,10:47:02.889,25.9600,3
38822889502264,10:47:02.889,25.9600,3
38822889810391,10:47:02.889,25.9600,3
38822890116641,10:47:02.890,25.9600,1
38822890149444,10:47:02.890,25.9600,2
38822986424653,10:47:02.986,25.9600,1
38834659726598,10:47:14.659,25.9900,30
38960319833828,10:49:20.319,25.9500,100
38960319907915,10:49:20.319,25.9500,100
38960320413690,10:49:20.320,25.9600,7
38960326094375,10:49:20.326,25.9600,93
39001223968765,10:50:01.223,25.9400,100
39161226219136,10:52:41.226,25.9500,31
39161226243696,10:52:41.226,25.9500,69
39204845881366,10:53:24.845,25.9600,100
39365914811957,10:56:05.914,25.9900,40
39391049354234,10:56:31.049,25.9900,20
39435165262506,10:57:15.165,25.9500,100
39457209061238,10:57:37.209,25.9600,31
39601113499698,11:00:01.113,25.9600,41
39601113524844,11:00:01.113,25.9600,59
39601113524844,11:00:01.113,25.9600,83
39601113790730,11:00:01.113,25.9600,37
39601115657523,11:00:01.115,25.9600,56
39619034609572,11:00:19.034,25.9600,100
39644066704172,11:00:44.066,25.9600,100
39744070684722,11:02:24.070,26.0700,31
39823833533651,11:03:43.833,26.0200,100
39959500012370,11:05:59.500,26.0000,100
39959500080815,11:05:59.500,26.0000,100
39959500093887,11:05:59.500,26.0000,100
39959500309748,11:05:59.500,26.0000,7
40035098899349,11:07:15.098,26.0400,26
40035099003960,11:07:15.099,26.0400,49
40039110356106,11:07:19.110,26.0500,10
40064427802095,11:07:44.427,26.0500,30
40336079986505,11:12:16.079,26.0300,31
40650018392114,11:17:30.018,26.0200,20
40650018392114,11:17:30.018,26.0200,11
40758092187732,11:19:18.092,25.9900,100
40758092431315,11:19:18.092,25.9800,79
40758092432583,11:19:18.092,25.9800,21
40904829101388,11:21:44.829,25.9600,100
40904829101388,11:21:44.829,25.9600,3
40904829127435,11:21:44.829,25.9600,4
40904850976740,11:21:44.850,25.9400,100
40940914328296,11:22:20.914,25.9300,31
40966320695558,11:22:46.320,25.8800,100
40968311388455,11:22:48.311,25.8300,100
41257441390455,11:27:37.441,25.9100,30
41257441415883,11:27:37.441,25.9100,70
41257441415883,11:27:37.441,25.9100,200
41257441496119,11:27:37.441,25.9100,100
41257441588904,11:27:37.441,25.9100,100
41257442937678,11:27:37.442,25.9100,100
41258316568432,11:27:38.316,25.9300,100
41258316663060,11:27:38.316,25.9400,2
41258316732962,11:27:38.316,25.9300,98
41258316732962,11:27:38.316,25.9300,98
41258316782382,11:27:38.316,25.9300,2
41258316829565,11:27:38.316,25.9400,10
41268759961128,11:27:48.759,25.9400,10
41268759961128,11:27:48.759,25.9400,25
41335073220609,11:28:55.073,25.9200,100
41335073220609,11:28:55.073,25.9200,2
41556589700065,11:32:36.589,25.9400,31
41619722207969,11:33:39.722,25.9400,30
41619722207969,11:33:39.722,25.9400,13
41619722493967,11:33:39.722,25.9500,1
41619722493967,11:33:39.722,25.9500,11
41619722499242,11:33:39.722,25.9500,59
41619722624780,11:33:39.722,25.9500,30
41619722624780,11:33:39.722,25.9500,1
41709296085297,11:35:09.296,26.0300,100
41826525405899,11:37:06.525,25.9900,103
41826525433184,11:37:06.525,25.9900,197
41826525433184,11:37:06.525,25.9900,7
41826525433184,11:37:06.525,25.9900,25
41826525433184,11:37:06.525,25.9900,100
41826525533207,11:37:06.525,25.9700,100
41839577350529,11:37:19.577,25.9800,31
41923258192806,11:38:43.258,25.9300,100
41923258604427,11:38:43.258,25.9300,100
41923258604427,11:38:43.258,25.9300,100
41923258908334,11:38:43.258,25.9300,100
41923259746574,11:38:43.259,25.9400,30
41923260038543,11:38:43.260,25.9500,100
41948725386738,11:39:08.725,25.9500,34
41948725393004,11:39:08.725,25.9500,59
41948725433346,11:39:08.725,25.9500,16
42044156781498,11:40:44.156,25.9300,9
42044157914448,11:40:44.157,25.9300,25
42044159018420,11:40:44.159,25.9300,25
42272266916908,11:44:32.266,26.0000,100
42272266916908,11:44:32.266,26.0000,31
42272266943119,11:44:32.266,26.0000,69
42272266943119,11:44:32.266,26.0000,16
42272268367136,11:44:32.268,26.0100,1
42439202232019,11:47:19.202,26.1000,31
42634222025648,11:50:34.222,26.1100,100
42634222025648,11:50:34.222,26.1100,100
42650997840229,11:50:50.997,26.1000,25
42651028706154,11:50:51.028,26.0900,100
42693887709380,11:51:33.887,26.0800,10
42699131654241,11:51:39.131,26.0500,100
42735445729145,11:52:15.445,26.0700,31
42873844275509,11:54:33.844,26.0200,100
42873844346167,11:54:33.844,26.0200,1
43036563252509,11:57:16.563,26.0600,16
43039735684669,11:57:19.735,26.1100,31
43202788881610,12:00:02.788,26.1200,27
43202789029198,12:00:02.789,26.1200,73
43202789470595,12:00:02.789,26.1200,27
43355855827395,12:02:35.855,26.1600,30
43381414513203,12:03:01.414,26.1700,26
43398984256135,12:03:18.984,26.1900,100
43561634844200,12:06:01.634,26.1600,100
43561634844200,12:06:01.634,26.1600,100
43561635539471,12:06:01.635,26.1500,100
43649231517474,12:07:29.231,26.1800,31
43649233154498,12:07:29.233,26.1800,60
43738257274202,12:08:58.257,26.1800,7
43738257274202,12:08:58.257,26.1800,93
43738257289692,12:08:58.257,26.1800,7
43936583543633,12:12:16.583,26.2100,30
43936583543633,12:12:16.583,26.2100,1
44213466997407,12:16:53.466,26.2100,99
44213466997407,12:16:53.466,26.2100,1
44213467085254,12:16:53.467,26.2100,99
44213467085254,12:16:53.467,26.2100,1
44213467160225,12:16:53.467,26.2100,99
44237289770364,12:17:17.289,26.2200,30
44296947879050,12:18:16.947,26.1800,7
44296947879050,12:18:16.947,26.1800,82
44503302943083,12:21:43.302,26.1800,100
44503303426136,12:21:43.303,26.1700,100
44503303426136,12:21:43.303,26.1700,3
44503303451606,12:21:43.303,26.1700,97
44503303451606,12:21:43.303,26.1700,100
44503304366008,12:21:43.304,26.1500,100
44541034265925,12:22:21.034,26.2000,100
44541034321092,12:22:21.034,26.2000,66
44541036699612,12:22:21.036,26.2000,34
44541037505427,12:22:21.037,26.2100,100
44541308269790,12:22:21.308,26.2300,100
44541308269790,12:22:21.308,26.2300,1
44555034323244,12:22:35.034,26.2800,31
44844228267238,12:27:24.228,26.2800,31
45006033511454,12:30:06.033,26.2300,20
45006033511454,12:30:06.033,26.2300,80
45006033548126,12:30:06.033,26.2300,20
45006033548126,12:30:06.033,26.2300,40
45006033548126,12:30:06.033,26.2300,7
45006033761426,12:30:06.033,26.2200,100
45006033761426,12:30:06.033,26.2200,100
45136426437163,12:32:16.426,26.2300,31
45182982516344,12:33:02.982,26.1800,1
45182982516344,12:33:02.982,26.1800,9
45182982516344,12:33:02.982,26.1800,90
45182982624250,12:33:02.982,26.1800,10
45182982624250,12:33:02.982,26.1800,100
45182982624250,12:33:02.982,26.1800,15
45218230179218,12:33:38.230,26.1700,20
45360460490938,12:36:00.460,26.1500,10
45360460490938,12:36:00.460,26.1400,4
45360460490938,12:36:00.460,26.1400,6
45360465180706,12:36:00.465,26.1300,10
45360465180706,12:36:00.465,26.1300,100
45360465180706,12:36:00.465,26.1300,100
45460837994333,12:37:40.837,26.1700,30
45571765381418,12:39:31.765,26.1200,10
45571765381418,12:39:31.765,26.1200,9
45600348413909,12:40:00.348,26.1200,91
45600348413909,12:40:00.348,26.1200,7
45600349347276,12:40:00.349,26.1100,2
45710912677568,12:41:50.912,26.1000,100
45710912753674,12:41:50.912,26.1000,10
45710912938594,12:41:50.912,26.0900,89
45710912985066,12:41:50.912,26.0900,10
45744748099997,12:42:24.748,26.1100,31
45949266309821,12:45:49.266,26.0700,10
45949266309821,12:45:49.266,26.0700,10
45953064775772,12:45:53.064,26.0600,10
45953064775772,12:45:53.064,26.0600,90
45960366334617,12:46:00.366,26.0600,10
45960366334617,12:46:00.366,26.0600,90
46028393624276,12:47:08.393,26.0600,100
46112666318952,12:48:32.666,26.0600,100
46231213404046,12:50:31.213,26.0500,10
46231213404046,12:50:31.213,26.0500,7
46231213404046,12:50:31.213,26.0500,10
46351494053946,12:52:31.494,26.0800,31
46386662559630,12:53:06.662,26.0800,20
46386673984710,12:53:06.673,26.0900,100
46386673984710,12:53:06.673,26.0900,1
46386676439770,12:53:06.676,26.1000,30
46386676439770,12:53:06.676,26.1000,70
46386676465019,12:53:06.676,26.1000,30
46387859771292,12:53:07.859,26.1000,10
46455281350393,12:54:15.281,26.0600,1
46546245076250,12:55:46.245,26.0200,10
46546245076250,12:55:46.245,26.0200,10
46546245076250,12:55:46.245,26.0200,80
46546245140272,12:55:46.245,26.0200,20
46649788066662,12:57:29.788,26.0800,30
46689191595531,12:58:09.191,26.0800,4
46950969021302,13:02:30.969,26.1000,31
47220375151548,13:07:00.375,26.0400,100
47220375151548,13:07:00.375,26.0400,7
47220375957223,13:07:00.375,26.0300,100
47220375957223,13:07:00.375,26.0300,4
47220375957223,13:07:00.375,26.0300,20
47220375957223,13:07:00.375,26.0300,100
47220375957223,13:07:00.375,26.0300,11
47260122121094,13:07:40.122,26.0500,31
47550073090596,13:12:30.073,26.0500,30
47567088117095,13:12:47.088,26.0200,10
47692311587472,13:14:52.311,26.0100,20
47692721423948,13:14:52.721,26.0200,200
47692721423948,13:14:52.721,26.0200,100
47692721423948,13:14:52.721,26.0200,34
47692721423948,13:14:52.721,26.0200,200
47708316559889,13:15:08.316,26.0500,4
47815557222101,13:16:55.557,26.0600,100
47815557222101,13:16:55.557,26.0600,100
47818558739198,13:16:58.558,26.0600,100
47818559156601,13:16:58.559,26.0600,24
47818559182438,13:16:58.559,26.0600,76
47850158332357,13:17:30.158,26.0700,100
47850158384643,13:17:30.158,26.0700,100
47861788246137,13:17:41.788,26.0900,31
47892329487557,13:18:12.329,26.0900,69
47892329487557,13:18:12.329,26.0900,31
48122788916773,13:22:02.788,26.0500,7
48139801989441,13:22:19.801,26.0900,31
48269617466287,13:24:29.617,26.0400,61
48269622122431,13:24:29.622,26.0400,100
48269622240308,13:24:29.622,26.0500,39
48296327844704,13:24:56.327,26.0400,4
48383140786000,13:26:23.140,26.0300,100
48383140786000,13:26:23.140,26.0300,100
48398454975489,13:26:38.454,26.0200,10
48454931782853,13:27:34.931,26.0400,31
48666598345219,13:31:06.598,26.0500,20
48666598370792,13:31:06.598,26.0500,80
48666598370792,13:31:06.598,26.0500,1
48666598370792,13:31:06.598,26.0500,100
48666598370792,13:31:06.598,26.0500,4
48666598433034,13:31:06.598,26.0500,100
48666599459852,13:31:06.599,26.0500,100
48666629022795,13:31:06.629,26.0500,100
48669599103459,13:31:09.599,26.0600,100
48669599333348,13:31:09.599,26.0600,100
48764833264849,13:32:44.833,26.0900,30
48996170181822,13:36:36.170,26.0700,75
48996170208486,13:36:36.170,26.0700,25
48996170208486,13:36:36.170,26.0700,100
48996170208486,13:36:36.170,26.0700,100
48996170208486,13:36:36.170,26.0700,7
48996170208486,13:36:36.170,26.0700,3
48999569874860,13:36:39.569,26.1000,100
48999569874860,13:36:39.569,26.1000,4
48999569874860,13:36:39.569,26.1000,96
48999569917704,13:36:39.569,26.1000,4
48999569956471,13:36:39.569,26.1000,96
48999569956471,13:36:39.569,26.0900,4
48999575922641,13:36:39.575,26.1100,20
49034858464036,13:37:14.858,26.1600,31
49034889797662,13:37:14.889,26.1600,100
49232548142774,13:40:32.548,26.1800,100
49344030317468,13:42:24.030,26.2100,31
49533992323100,13:45:33.992,26.1900,62
49533992323100,13:45:33.992,26.1900,38
49533992351715,13:45:33.992,26.1900,62
49533992351715,13:45:33.992,26.1900,7
49642633539711,13:47:22.633,26.2000,31
49737398389773,13:48:57.398,26.1500,2
49945482843191,13:52:25.482,26.1500,30
50129414501226,13:55:29.414,26.1300,9
50131361774875,13:55:31.361,26.1100,6
50238794912900,13:57:18.794,26.1500,100
50238794953887,13:57:18.794,26.1500,100
50238794953887,13:57:18.794,26.1500,47
50238794968557,13:57:18.794,26.1500,53
50238796205897,13:57:18.796,26.1600,100
50251125143350,13:57:31.125,26.1700,31
50383256035562,13:59:43.256,26.1500,2
50383256035562,13:59:43.256,26.1500,100
50383256035562,13:59:43.256,26.1500,98
50408998398481,14:00:08.998,26.1900,200
50408998717943,14:00:08.998,26.1900,27
50408998717943,14:00:08.998,26.1900,31
50408998717943,14:00:08.998,26.1900,11
50408998929707,14:00:08.998,26.1900,4
50408999360825,14:00:08.999,26.1900,85
50409266697961,14:00:09.266,26.2000,69
50535301730867,14:02:15.301,26.2800,31
50573626990510,14:02:53.626,26.2300,100
50573626990510,14:02:53.626,26.2300,7
50573626990510,14:02:53.626,26.2300,93
50573627432715,14:02:53.627,26.2300,7
50645582033827,14:04:05.582,26.2900,3
50645582053538,14:04:05.582,26.2900,86
50645633253439,14:04:05.633,26.2900,11
50657514461848,14:04:17.514,26.3000,100
50678074593912,14:04:38.074,26.3000,5
50678074593912,14:04:38.074,26.3100,95
50678077334877,14:04:38.077,26.3100,5
50678131917978,14:04:38.131,26.3300,1
50713749810130,14:05:13.749,26.4000,100
50720276695615,14:05:20.276,26.3800,44
50720276784595,14:05:20.276,26.3800,100
50845400925122,14:07:25.400,26.4100,30
50981717291718,14:09:41.717,26.3600,1
50981717291718,14:09:41.717,26.3600,99
50981717525266,14:09:41.717,26.3600,1
50981717525266,14:09:41.717,26.3600,7
50996648624923,14:09:56.648,26.3200,7
50996648624923,14:09:56.648,26.3200,3
51044626387017,14:10:44.626,26.3100,5
51044626387017,14:10:44.626,26.3100,100
51044626387017,14:10:44.626,26.3100,95
51044626624310,14:10:44.626,26.3100,5
51044630555295,14:10:44.630,26.3400,81
51153056991299,14:12:33.056,26.3700,19
51153057001623,14:12:33.057,26.3700,2
51153057025293,14:12:33.057,26.3700,2
51153057197561,14:12:33.057,26.3800,20
51153063669207,14:12:33.063,26.4000,1
51153064892456,14:12:33.064,26.4100,70
51153064892456,14:12:33.064,26.4100,100
51165404812709,14:12:45.404,26.4600,31
51172823458457,14:12:52.823,26.4000,100
51239533033593,14:13:59.533,26.4000,14
51423974484928,14:17:03.974,26.3900,40
51438713321565,14:17:18.713,26.4400,31
51451978842793,14:17:31.978,26.3800,7
51451978842793,14:17:31.978,26.3800,93
51550094457518,14:19:10.094,26.4100,100
51648716324851,14:20:48.716,26.4100,200
51762210094262,14:22:42.210,26.4500,7
51762210118207,14:22:42.210,26.4500,93
51762210119962,14:22:42.210,26.4500,93
51762210179007,14:22:42.210,26.4500,7
51764562915546,14:22:44.562,26.4700,31
51764563353597,14:22:44.563,26.4700,69
51787294838310,14:23:07.294,26.4500,100
51892999043462,14:24:52.999,26.4500,100
51892999043462,14:24:52.999,26.4500,40
51892999043462,14:24:52.999,26.4500,7
51892999068213,14:24:52.999,26.4400,97
51892999095446,14:24:52.999,26.4400,3
52045010210827,14:27:25.010,26.4100,30
52191542083372,14:29:51.542,26.4200,19
52191542083372,14:29:51.542,26.4200,100
52191543687880,14:29:51.543,26.4300,100
52191543687880,14:29:51.543,26.4300,1
52191543687880,14:29:51.543,26.4300,100
52191543687880,14:29:51.543,26.4300,9
52191543795096,14:29:51.543,26.4300,91
52201922858503,14:30:01.922,26.4400,100
52344504869924,14:32:24.504,26.4400,31
52344505454720,14:32:24.505,26.4400,19
52344505457329,14:32:24.505,26.4400,36
52483610009127,14:34:43.610,26.3900,46
52483629830976,14:34:43.629,26.3800,100
52483629830976,14:34:43.629,26.3800,100
52497373096612,14:34:57.373,26.4100,20
52555554783064,14:35:55.554,26.4100,100
52555554783064,14:35:55.554,26.4100,200
52649903877857,14:37:29.903,26.4300,18
52649904568145,14:37:29.904,26.4300,8
52649904568145,14:37:29.904,26.4300,5
52689232342637,14:38:09.232,26.4000,100
52689232342637,14:38:09.232,26.3900,24
52689232342637,14:38:09.232,26.3900,100
52689232342637,14:38:09.232,26.3900,76
52689232369942,14:38:09.232,26.3900,24
52689232456156,14:38:09.232,26.3800,100
52689232456156,14:38:09.232,26.3800,100
52689232456156,14:38:09.232,26.3800,100
52689233385499,14:38:09.233,26.3700,100
52695346500899,14:38:15.346,26.3700,95
52875754340263,14:41:15.754,26.3300,10
52875754340263,14:41:15.754,26.3300,100
52875754340263,14:41:15.754,26.3300,100
52875754340263,14:41:15.754,26.3300,7
52897275909519,14:41:37.275,26.3200,10
52897275909519,14:41:37.275,26.3200,79
52936663276949,14:42:16.663,26.3600,30
52972070932474,14:42:52.070,26.3500,20
52995084703355,14:43:15.084,26.3300,15
53032400911458,14:43:52.400,26.3700,100
53088615715760,14:44:48.615,26.3800,30
53088615715760,14:44:48.615,26.3800,98
53088615742044,14:44:48.615,26.3800,102
53088615745552,14:44:48.615,26.3800,100
53088845484404,14:44:48.845,26.3900,100
53089516756610,14:44:49.516,26.4000,100
53089518266868,14:44:49.518,26.4000,100
53190059944307,14:46:30.059,26.4300,100
53190060211359,14:46:30.060,26.4300,1
53212875086254,14:46:52.875,26.4300,200
53215517992799,14:46:55.517,26.4200,100
53215517992799,14:46:55.517,26.4100,100
53215517992799,14:46:55.517,26.4100,100
53245742431472,14:47:25.742,26.4600,31
53465118035646,14:51:05.118,26.3900,10
53465118035646,14:51:05.118,26.3900,10
53465118035646,14:51:05.118,26.3900,70
53465118035646,14:51:05.118,26.3900,7
53465118035646,14:51:05.118,26.3900,3
53465118167629,14:51:05.118,26.3900,97
53465118167629,14:51:05.118,26.3900,10
53465121167152,14:51:05.121,26.3800,100
53465121167152,14:51:05.121,26.3800,100
53465121167152,14:51:05.121,26.3800,100
53465121423304,14:51:05.121,26.3700,21
53465143870285,14:51:05.143,26.3600,10
53524268369564,14:52:04.268,26.3800,100
53524268604728,14:52:04.268,26.3800,22
53524349450707,14:52:04.349,26.3900,100
53552288278097,14:52:32.288,26.4100,100
53562291818172,14:52:42.291,26.4600,31
53562298317269,14:52:42.298,26.4000,100
53562298317269,14:52:42.298,26.4000,100
53562298317269,14:52:42.298,26.4000,100
53562298317269,14:52:42.298,26.4000,100
53599850841574,14:53:19.850,26.4100,20
53599850841574,14:53:19.850,26.4200,100
53599851287459,14:53:19.851,26.4000,100
53599851287459,14:53:19.851,26.4000,100
53797986447526,14:56:37.986,26.4400,100
53797986447526,14:56:37.986,26.4500,100
53797986447526,14:56:37.986,26.4500,100
53797986460001,14:56:37.986,26.4500,80
53797986570244,14:56:37.986,26.4500,20
53798185442838,14:56:38.185,26.4500,100
53798936701083,14:56:38.936,26.4500,30
53805218352555,14:56:45.218,26.4600,30
53805218352555,14:56:45.218,26.4700,70
53805218964259,14:56:45.218,26.4700,30
53827789917536,14:57:07.789,26.4600,12
53827790396951,14:57:07.790,26.4500,100
53827790564773,14:57:07.790,26.4500,7
53827790564773,14:57:07.790,26.4500,93
53827790684560,14:57:07.790,26.4500,7
53827790684560,14:57:07.790,26.4500,40
53827790685656,14:57:07.790,26.4500,36
53827790698261,14:57:07.790,26.4500,24
53851347803840,14:57:31.347,26.4600,31
53975368960620,14:59:35.368,26.4600,33
53975369062833,14:59:35.369,26.4600,67
53975369062833,14:59:35.369,26.4600,82
53975369116029,14:59:35.369,26.4600,118
53975369116029,14:59:35.369,26.4600,100
53975369116029,14:59:35.369,26.4600,100
53975423221383,14:59:35.423,26.4700,4
54128213725310,15:02:08.213,26.4400,100
54128213758029,15:02:08.213,26.4400,46
54128213758029,15:02:08.213,26.4400,40
54128213758029,15:02:08.213,26.4400,7
54128214157528,15:02:08.214,26.4300,100
54128216351163,15:02:08.216,26.4200,100
54128216351163,15:02:08.216,26.4200,100
54128216351163,15:02:08.216,26.4200,5
54138736483012,15:02:18.736,26.4400,100
54151443807879,15:02:31.443,26.4600,30
54310034991970,15:05:10.034,26.4500,2
54321311070021,15:05:21.311,26.4100,100
54321311070021,15:05:21.311,26.4100,1
54321341196697,15:05:21.341,26.4200,100
54337547664393,15:05:37.547,26.4300,20
54337952949670,15:05:37.952,26.4400,80
54447718096134,15:07:27.718,26.4200,10
54456025592843,15:07:36.025,26.4600,1
54456025592843,15:07:36.025,26.4600,30
54456025619367,15:07:36.025,26.4600,70
54456025619367,15:07:36.025,26.4600,17
54590130929995,15:09:50.130,26.4800,100
54590130929995,15:09:50.130,26.4800,60
54591440618294,15:09:51.440,26.4800,14
54618342579264,15:10:18.342,26.4800,100
54618342579264,15:10:18.342,26.4900,14
54618343348321,15:10:18.343,26.4900,100
54618343348321,15:10:18.343,26.4900,100
54619428790055,15:10:19.428,26.4900,26
54619447276887,15:10:19.447,26.4900,100
54619447276887,15:10:19.447,26.4900,100
54619520628109,15:10:19.520,26.5000,100
54619520628109,15:10:19.520,26.5000,91
54642681876783,15:10:42.681,26.5400,100
54642681904970,15:10:42.681,26.5400,11
54642681904970,15:10:42.681,26.5400,100
54664879106361,15:11:04.879,26.5600,20
54667769799466,15:11:07.769,26.5600,70
54695763466110,15:11:35.763,26.5800,100
54736609825350,15:12:16.609,26.5600,7
54736610375185,15:12:16.610,26.5500,63
54737868657752,15:12:17.868,26.5500,37
54744340521889,15:12:24.340,26.5400,11
54744340521889,15:12:24.340,26.5400,10
54762352213970,15:12:42.352,26.5600,31
54894518759468,15:14:54.518,26.5700,12
54894519002903,15:14:54.519,26.5700,45
54894519128702,15:14:54.519,26.5700,43
54894519128702,15:14:54.519,26.5700,100
54894519742228,15:14:54.519,26.5700,18
54894520206565,15:14:54.520,26.5700,82
54926937175337,15:15:26.937,26.5700,10
54986793059913,15:16:26.793,26.5900,14
55047215839592,15:17:27.215,26.5800,100
55047215867074,15:17:27.215,26.5800,7
55047215867074,15:17:27.215,26.5800,15
55091890128932,15:18:11.890,26.5300,17
55091890128932,15:18:11.890,26.5300,3
55185232155204,15:19:45.232,26.5500,100
55185232155204,15:19:45.232,26.5500,31
55185232441314,15:19:45.232,26.5500,69
55185233761475,15:19:45.233,26.5600,1
55187346271965,15:19:47.346,26.5800,74
55340927571752,15:22:20.927,26.5500,32
55340927572433,15:22:20.927,26.5500,33
55346461530523,15:22:26.461,26.5600,30
55391860662727,15:23:11.860,26.5400,100
55449869811601,15:24:09.869,26.5400,89
55449869837585,15:24:09.869,26.5400,11
55507830616744,15:25:07.830,26.5500,100
55508645641150,15:25:08.645,26.5500,44
55515985554018,15:25:15.985,26.5500,56
55515985554018,15:25:15.985,26.5500,44
55515985617878,15:25:15.985,26.5500,56
55573282501694,15:26:13.282,26.5400,5
55633302266411,15:27:13.302,26.5300,40
55633302266411,15:27:13.302,26.5200,60
55791309718388,15:29:51.309,26.5500,31
55804465138061,15:30:04.465,26.5200,40
55804465162289,15:30:04.465,26.5100,20
55804465163202,15:30:04.465,26.5000,10
55812993411341,15:30:12.993,26.4900,5
55872439403028,15:31:12.439,26.5200,47
55872439762909,15:31:12.439,26.5200,53
55872439762909,15:31:12.439,26.5200,35
55872439769124,15:31:12.439,26.5200,12
55884874966903,15:31:24.874,26.5300,30
55884877800459,15:31:24.877,26.5200,82
55884877826029,15:31:24.877,26.5200,18
55884877826029,15:31:24.877,26.5200,100
55913716147003,15:31:53.716,26.5400,6
56044040220221,15:34:04.040,26.5000,7
56044040220221,15:34:04.040,26.5000,20
56044040220221,15:34:04.040,26.5000,2
56059996837533,15:34:19.996,26.4800,2
56059996837533,15:34:19.996,26.4800,8
56059996837533,15:34:19.996,26.4800,10
56079849297500,15:34:39.849,26.4700,8
56079849297500,15:34:39.849,26.4700,2
56106858884038,15:35:06.858,26.4800,100
56131822600258,15:35:31.822,26.4900,100
56133597216560,15:35:33.597,26.5000,5
56229138134280,15:37:09.138,26.4600,100
56229138134280,15:37:09.138,26.4600,10
56229138134280,15:37:09.138,26.4600,7
56229138134280,15:37:09.138,26.4600,100
56236196376261,15:37:16.196,26.4800,5
56324100601843,15:38:44.100,26.4700,100
56324100601843,15:38:44.100,26.4700,100
56326418795906,15:38:46.418,26.4800,12
56327125028062,15:38:47.125,26.4800,1
56327955189537,15:38:47.955,26.4800,100
56337270624869,15:38:57.270,26.4800,5
56387755894686,15:39:47.755,26.4700,8
56387755894686,15:39:47.755,26.4700,100
56402864415553,15:40:02.864,26.4600,30
56402864441670,15:40:02.864,26.4600,70
56402864441670,15:40:02.864,26.4600,7
56406296391622,15:40:06.296,26.4500,10
56406296391622,15:40:06.296,26.4500,10
56414655658038,15:40:14.655,26.4500,71
56465592551935,15:41:05.592,26.4400,10
56465777600940,15:41:05.777,26.4600,12
56561511997787,15:42:41.511,26.4600,76
56561518780682,15:42:41.518,26.4600,12
56561518780682,15:42:41.518,26.4600,100
56561524877135,15:42:41.524,26.4600,100
56562238748736,15:42:42.238,26.4700,100
56563752173829,15:42:43.752,26.4700,30
56581806330800,15:43:01.806,26.4800,200
56619452414364,15:43:39.452,26.4900,5
56646097528141,15:44:06.097,26.4900,6
56668930332010,15:44:28.930,26.4900,89
56668930332010,15:44:28.930,26.4900,100
56668930332010,15:44:28.930,26.4900,11
56668933695619,15:44:28.933,26.4950,88
56668982582444,15:44:28.982,26.4950,1
56671945179168,15:44:31.945,26.5000,6
56702292058362,15:45:02.292,26.5000,94
56702292058362,15:45:02.292,26.5000,100
56717845219937,15:45:17.845,26.5100,100
56795147391683,15:46:35.147,26.5600,12
56819884282827,15:46:59.884,26.5700,5
56842328827214,15:47:22.328,26.5500,100
56842328827214,15:47:22.328,26.5500,100
56842328827214,15:47:22.328,26.5500,40
56844474678178,15:47:24.474,26.5400,7
56844474678178,15:47:24.474,26.5400,100
56861239782445,15:47:41.239,26.5200,100
56861240013713,15:47:41.240,26.5200,9
56861240013713,15:47:41.240,26.5200,6
56917532665663,15:48:37.532,26.5300,12
56933707445988,15:48:53.707,26.5100,1
56933707445988,15:48:53.707,26.5100,1
56933707452451,15:48:53.707,26.5100,58
56933707687808,15:48:53.707,26.5100,30
56933707704420,15:48:53.707,26.5100,11
56933707704420,15:48:53.707,26.5100,12
56960123583785,15:49:20.123,26.5200,100
56960123583785,15:49:20.123,26.5200,100
56960124192942,15:49:20.124,26.5200,100
56983726478693,15:49:43.726,26.5300,100
56983726478693,15:49:43.726,26.5300,100
56983727012408,15:49:43.727,26.5400,100
57003917430783,15:50:03.917,26.5600,12
57067344845339,15:51:07.344,26.5300,200
57067344845339,15:51:07.344,26.5300,7
57068754202191,15:51:08.754,26.5000,10
57068754615531,15:51:08.754,26.5000,90
57068755326335,15:51:08.755,26.5000,90
57068755617441,15:51:08.755,26.5100,90
57068755683929,15:51:08.755,26.5100,10
57077611428348,15:51:17.611,26.5200,6
57082633434212,15:51:22.633,26.4900,3
57085405133721,15:51:25.405,26.5200,6
57096271754446,15:51:36.271,26.4900,100
57106610609226,15:51:46.610,26.5100,6
57129194447502,15:52:09.194,26.5100,5
57210278444176,15:53:30.278,26.4900,100
57249579717907,15:54:09.579,26.5100,6
57265719372309,15:54:25.719,26.5100,1
57265719372309,15:54:25.719,26.5100,4
57271357689296,15:54:31.357,26.5100,1
57285041526755,15:54:45.041,26.4900,100
57289269524049,15:54:49.269,26.5000,5
57298361423526,15:54:58.361,26.5000,6
57300086716502,15:55:00.086,26.5000,30
57300220733821,15:55:00.220,26.4900,11
57301004499825,15:55:01.004,26.5100,100
57301004591289,15:55:01.004,26.5100,21
57301004591289,15:55:01.004,26.5100,64
57306835566881,15:55:06.835,26.5000,97
57306835606047,15:55:06.835,26.5000,3
57306860275363,15:55:06.860,26.5100,13
57310123111400,15:55:10.123,26.5100,23
57310123111400,15:55:10.123,26.5100,64
57310123111400,15:55:10.123,26.5100,13
57310377411856,15:55:10.377,26.5100,87
57316733205786,15:55:16.733,26.5200,2
57324233259233,15:55:24.233,26.5200,3
57336719151940,15:55:36.719,26.5200,3
57344170707071,15:55:44.170,26.5200,92
57344170753553,15:55:44.170,26.5200,100
57344170753553,15:55:44.170,26.5200,100
57348715539785,15:55:48.715,26.5200,4
57354848620825,15:55:54.848,26.5150,100
57354848620825,15:55:54.848,26.5200,9
57355538141628,15:55:55.538,26.5300,2
57368741224894,15:56:08.741,26.5300,4
57375653278736,15:56:15.653,26.5300,2
57375653370046,15:56:15.653,26.5300,92
57375653370046,15:56:15.653,26.5300,200
57375653370046,15:56:15.653,26.5300,100
57382342978370,15:56:22.342,26.5300,2
57390589321201,15:56:30.589,26.5300,2
57396034155852,15:56:36.034,26.5300,2
57404286223931,15:56:44.286,26.5300,2
57409408054335,15:56:49.408,26.5300,2
57419857239579,15:56:59.857,26.5300,2
57424462127259,15:57:04.462,26.5300,2
57425549074889,15:57:05.549,26.5300,186
57425549074889,15:57:05.549,26.5300,14
57425549253392,15:57:05.549,26.5300,86
57425549253392,15:57:05.549,26.5300,14
57425549313382,15:57:05.549,26.5300,96
57433355216661,15:57:13.355,26.5300,2
57433686065910,15:57:13.686,26.5200,17
57435166366398,15:57:15.166,26.5200,83
57435166366398,15:57:15.166,26.5200,7
57435166366398,15:57:15.166,26.5200,10
57435166682943,15:57:15.166,26.5200,10
57438166553881,15:57:18.166,26.5200,80
57438166553881,15:57:18.166,26.5200,20
57441997154237,15:57:21.997,26.5250,2
57479028385718,15:57:59.028,26.5250,2
57485116005251,15:58:05.116,26.5250,3
57490122288863,15:58:10.122,26.5300,2
57490123590551,15:58:10.123,26.5300,98
57490123590551,15:58:10.123,26.5300,100
57490123590551,15:58:10.123,26.5300,100
57490123590551,15:58:10.123,26.5300,100
57490123590551,15:58:10.123,26.5300,100
57490123590551,15:58:10.123,26.5300,8
57490123786469,15:58:10.123,26.5300,92
57490123786469,15:58:10.123,26.5300,8
57490124675052,15:58:10.124,26.5300,100
57498077249260,15:58:18.077,26.5300,3
57505601983105,15:58:25.601,26.5300,3
57508152628936,15:58:28.152,26.5250,2
57508153307703,15:58:28.153,26.5250,3
57511152612334,15:58:31.152,26.5250,6
57513769170571,15:58:33.769,26.5300,3
57520706133552,15:58:40.706,26.5300,3
57528551219683,15:58:48.551,26.5300,3
57544388885389,15:59:04.388,26.5300,4
57544388969961,15:59:04.388,26.5300,90
57544388969961,15:59:04.388,26.5300,69
57544388969961,15:59:04.388,26.5300,98
57544388969961,15:59:04.388,26.5300,100
57544388969961,15:59:04.388,26.5300,100
57544389090017,15:59:04.389,26.5300,100
57544389094775,15:59:04.389,26.5300,100
57544390329135,15:59:04.390,26.5300,100
57551181849434,15:59:11.181,26.5600,3
57559447847890,15:59:19.447,26.5600,4
57560735516951,15:59:20.735,26.5600,88
57562966326595,15:59:22.966,26.5600,4
57565091974843,15:59:25.091,26.5600,9
57565106723370,15:59:25.106,26.5600,6
57567022222849,15:59:27.022,26.5600,100
57569775218708,15:59:29.775,26.5600,3
57572069332455,15:59:32.069,26.5600,41
57573903348941,15:59:33.903,26.5600,56
57573903348941,15:59:33.903,26.5600,32
57573903478048,15:59:33.903,26.5600,68
57573903478048,15:59:33.903,26.5600,13
57573903478048,15:59:33.903,26.5600,3
57573903478048,15:59:33.903,26.5600,68
57573903484051,15:59:33.903,26.5600,32
57573903484051,15:59:33.903,26.5600,9
57576054271741,15:59:36.054,26.5700,3
57590558183559,15:59:50.558,26.5700,4
57595743976417,15:59:55.743,26.5600,11
57598272638356,15:59:58.272,26.5600,89
57598272638356,15:59:58.272,26.5500,13
57600481219869,16:00:00.481,26.5700,15420
