timestamp,time,price,volume
34199275821792,09:29:59.275,23.7400,98
34200277908710,09:30:00.277,23.6600,2292
34260188984135,09:31:00.188,23.7200,1
34260193780089,09:31:00.193,23.7300,1
34605888250424,09:36:45.888,23.7500,24
34963960218561,09:42:43.960,23.5400,100
34963960218561,09:42:43.960,23.5400,27
34963960558660,09:42:43.960,23.5400,100
34963960819174,09:42:43.960,23.5400,73
34963960819174,09:42:43.960,23.5200,54
34963960824299,09:42:43.960,23.5200,46
34963960824299,09:42:43.960,23.5200,11
34963960824299,09:42:43.960,23.5200,11
34963960824299,09:42:43.960,23.5200,1
34963960824299,09:42:43.960,23.5200,4
34963960824299,09:42:43.960,23.5200,54
34963961413800,09:42:43.961,23.5200,100
34963961503944,09:42:43.961,23.5200,100
34963961503944,09:42:43.961,23.5100,46
34963961503944,09:42:43.961,23.5000,181
34963962431799,09:42:43.962,23.5200,100
34963963168839,09:42:43.963,23.5200,30
34966963193892,09:42:46.963,23.5200,30
34966963193892,09:42:46.963,23.5100,100
34966965410767,09:42:46.965,23.5000,100
34966965467684,09:42:46.965,23.5000,219
34966965467684,09:42:46.965,23.5000,100
34966973846034,09:42:46.973,23.5000,100
34969037696419,09:42:49.037,23.6300,100
35242284837711,09:47:22.284,23.6500,50
35308554317562,09:48:28.554,23.6600,1
35315887898645,09:48:35.887,23.6700,1
35321394897618,09:48:41.394,23.6700,1
35329154914930,09:48:49.154,23.7200,1
35356510731874,09:49:16.510,23.7000,1
35363390578362,09:49:23.390,23.6900,1
35402783318117,09:50:02.783,23.6700,1
35871814036678,09:57:51.814,23.6300,75
36023461393886,10:00:23.461,23.6400,1
36025468436947,10:00:25.468,23.6700,1
36096091195052,10:01:36.091,23.6800,1
36210046676293,10:03:30.046,23.6400,10
36210046676293,10:03:30.046,23.6400,9
36210046676293,10:03:30.046,23.6400,9
36210046676293,10:03:30.046,23.6300,64
36210046676293,10:03:30.046,23.6300,8
36210046810672,10:03:30.046,23.6300,28
36470756453158,10:07:50.756,23.5900,1
36482260154380,10:08:02.260,23.5900,1
36490374452129,10:08:10.374,23.5900,1
36503486615111,10:08:23.486,23.5900,1
36515490626713,10:08:35.490,23.5900,1
36533317272682,10:08:53.317,23.5900,1
36567969469577,10:09:27.969,23.5900,94
36567969469577,10:09:27.969,23.5900,100
36567972925058,10:09:27.972,23.6000,400
36567973151724,10:09:27.973,23.6000,166
36567974020066,10:09:27.974,23.6000,41
36567975190107,10:09:27.975,23.6200,1
36567975582326,10:09:27.975,23.6000,1
36684856420916,10:11:24.856,23.6100,1
36684857990298,10:11:24.857,23.6100,1
36688120542173,10:11:28.120,23.6200,1
36719401169105,10:11:59.401,23.6200,1
36741198657150,10:12:21.198,23.6200,1
36855359957858,10:14:15.359,23.6200,97
36859240898387,10:14:19.240,23.6500,1
36859252704202,10:14:19.252,23.6500,1
36859254110407,10:14:19.254,23.6500,1
36859519689648,10:14:19.519,23.6500,1
36860050371226,10:14:20.050,23.6500,1
36895770877297,10:14:55.770,23.6500,1
36896301546214,10:14:56.301,23.6500,1
36942232308476,10:15:42.232,23.6400,1
36943823629518,10:15:43.823,23.6400,1
36944883294541,10:15:44.883,23.6400,1
36947521105956,10:15:47.521,23.6200,1
37046274036334,10:17:26.274,23.6200,1
37064211827424,10:17:44.211,23.6200,1
37132012027082,10:18:52.012,23.6100,1
37172518588659,10:19:32.518,23.6200,1
37172519718843,10:19:32.519,23.5500,100
37186992918786,10:19:46.992,23.5700,100
37348519086821,10:22:28.519,23.5800,1
37348523241529,10:22:28.523,23.5800,1
37348523741058,10:22:28.523,23.5200,100
37440370526870,10:24:00.370,23.5700,1
37440371923070,10:24:00.371,23.5800,98
37440372949418,10:24:00.372,23.6200,1
37440374253659,10:24:00.374,23.6200,1
37440375598403,10:24:00.375,23.6200,1
37440376898151,10:24:00.376,23.6200,1
37440378236645,10:24:00.378,23.6200,1
37440379519248,10:24:00.379,23.6200,1
37440380834722,10:24:00.380,23.6200,1
37440646363284,10:24:00.646,23.6100,1
37489100611465,10:24:49.100,23.5900,1
37562143101951,10:26:02.143,23.5800,1
37562987737194,10:26:02.987,23.5900,1
37649301442210,10:27:29.301,23.5900,1
37654314991998,10:27:34.314,23.5900,1
37706703928662,10:28:26.703,23.5800,1
37709059557168,10:28:29.059,23.5900,1
37720410232751,10:28:40.410,23.5800,1
37760514049026,10:29:20.514,23.5800,1
37784701109637,10:29:44.701,23.5800,1
37786670812641,10:29:46.670,23.5800,1
37820375090966,10:30:20.375,23.5800,1
37975377563376,10:32:55.377,23.5800,1
37975378952094,10:32:55.378,23.5800,1
37975380371243,10:32:55.380,23.5800,1
37975381800785,10:32:55.381,23.5800,1
37975664346717,10:32:55.664,23.5800,1
37976227949453,10:32:56.227,23.5800,1
37977072655232,10:32:57.072,23.5800,1
37978199258011,10:32:58.199,23.5800,1
37979400871946,10:32:59.400,23.5800,1
37980902534482,10:33:00.902,23.5800,1
37982591245862,10:33:02.591,23.5800,1
37984560836881,10:33:04.560,23.5800,1
38020378518912,10:33:40.378,23.5700,1
38022348115330,10:33:42.348,23.5800,1
38024599752660,10:33:44.599,23.5800,1
38052151199524,10:34:12.151,23.5800,1
38152594741595,10:35:52.594,23.5800,1
38280125792057,10:38:00.125,23.5800,3
38280125792057,10:38:00.125,23.5800,7
38280125792057,10:38:00.125,23.5800,7
38280125792057,10:38:00.125,23.5800,7
38280126999544,10:38:00.126,23.5800,25
38371455353105,10:39:31.455,23.5800,2
38535950765658,10:42:15.950,23.6000,1
38542626318078,10:42:22.626,23.6000,1
38698743504943,10:44:58.743,23.6200,1
38757055317371,10:45:57.055,23.6200,1
38776772179516,10:46:16.772,23.6200,1
38810392519105,10:46:50.392,23.6200,1
38845393218007,10:47:25.393,23.6200,1
38845394610577,10:47:25.394,23.6200,1
38880394118176,10:48:00.394,23.6200,1
38880395507130,10:48:00.395,23.6200,1
38945396345441,10:49:05.396,23.6100,1
38945399504069,10:49:05.399,23.6100,1
38945400925507,10:49:05.400,23.6100,1
39265684196831,10:54:25.684,23.5900,12
39265684196831,10:54:25.684,23.5900,6
39265684196831,10:54:25.684,23.5900,4
39265684196831,10:54:25.684,23.5900,77
39265684290941,10:54:25.684,23.5900,23
39265684290941,10:54:25.684,23.5900,2
39265685202260,10:54:25.685,23.6000,1
39401032609987,10:56:41.032,23.6000,1
39401032609987,10:56:41.032,23.6000,160
39401033410457,10:56:41.033,23.6000,100
39514846783770,10:58:34.846,23.6000,2
39514846783770,10:58:34.846,23.6000,23
39663470038738,11:01:03.470,23.6100,100
39663470038738,11:01:03.470,23.6100,1
39663484084907,11:01:03.484,23.6200,1
39663587149475,11:01:03.587,23.6100,1
39765820833017,11:02:45.820,23.6600,1
39884157555942,11:04:44.157,23.6700,1
40025414998403,11:07:05.414,23.7100,1
40025417579610,11:07:05.417,23.7100,1
40025418968323,11:07:05.418,23.7000,1
40025420289831,11:07:05.420,23.7000,1
40485423491864,11:14:45.423,23.7100,1
42438526290880,11:47:18.526,23.6800,1
42665747771682,11:51:05.747,23.6800,1
42911483239797,11:55:11.483,23.6800,1
42977515261287,11:56:17.515,23.6800,1
43044483291152,11:57:24.483,23.6800,1
43330477865690,12:02:10.477,23.6800,1
43400477214693,12:03:20.477,23.6800,1
43444482778600,12:04:04.482,23.6800,1
43607876121735,12:06:47.876,23.6800,1
43607877513572,12:06:47.877,23.6800,1
43607878828870,12:06:47.878,23.6800,1
43607880209330,12:06:47.880,23.6800,1
43825485918167,12:10:25.485,23.6800,1
43825487301539,12:10:25.487,23.6800,1
43825488690073,12:10:25.488,23.6800,1
43875485894052,12:11:15.485,23.6800,1
43899327154884,12:11:39.327,23.6800,1
43900020768135,12:11:40.020,23.6800,1
43935486979902,12:12:15.486,23.6800,1
43970487819220,12:12:50.487,23.6800,1
43970835459658,12:12:50.835,23.6800,1
43977483357531,12:12:57.483,23.6800,1
44010488640936,12:13:30.488,23.6800,1
44044483380711,12:14:04.483,23.6800,1
44044831012642,12:14:04.831,23.6800,1
44111859686408,12:15:11.859,23.6800,1
44145491179255,12:15:45.491,23.6800,1
44177482736241,12:16:17.482,23.6800,1
44210492541452,12:16:50.492,23.6800,1
44210869078027,12:16:50.869,23.6800,1
44244482878319,12:17:24.482,23.6800,1
44244859636913,12:17:24.859,23.6800,1
44311482726845,12:18:31.482,23.6800,1
44311859363071,12:18:31.859,23.6800,1
44394223984417,12:19:54.223,23.6800,1
44400664954550,12:20:00.664,23.6800,1
44470672319094,12:21:10.672,23.6600,4
44470672319094,12:21:10.672,23.6600,14
44470672319094,12:21:10.672,23.6600,1
44470672319094,12:21:10.672,23.6600,1
44470672319094,12:21:10.672,23.6600,93
44470672319094,12:21:10.672,23.6600,87
44470674296833,12:21:10.674,23.6600,13
44849158560939,12:27:29.158,23.6400,100
44849158623276,12:27:29.158,23.6400,43
44849158639143,12:27:29.158,23.6400,52
44878122843893,12:27:58.122,23.6300,3
45494522513404,12:38:14.522,23.6000,3
45494522513404,12:38:14.522,23.6000,1
45494522513404,12:38:14.522,23.6000,1
45494522513404,12:38:14.522,23.6000,6
45494522988742,12:38:14.522,23.6000,4
45494573464800,12:38:14.573,23.6000,3
45789461768375,12:43:09.461,23.6000,1
45958332797458,12:45:58.332,23.6000,1
45989791776668,12:46:29.791,23.6000,98
45989791776668,12:46:29.791,23.6000,100
45989795315436,12:46:29.795,23.5900,100
46006178953486,12:46:46.178,23.6000,1
46075062521619,12:47:55.062,23.6100,1
46093361112146,12:48:13.361,23.6100,1
46172123435265,12:49:32.123,23.6100,1
46535713650943,12:55:35.713,23.6200,1
46535748943802,12:55:35.748,23.6200,1
46813129970845,13:00:13.129,23.6000,100
46813189502073,13:00:13.189,23.5900,4
46813189566002,13:00:13.189,23.6000,100
46813189566002,13:00:13.189,23.5900,8
46813189566002,13:00:13.189,23.5900,5
46813189566002,13:00:13.189,23.5900,1
46813190059834,13:00:13.190,23.5900,100
46813240946857,13:00:13.240,23.5900,29
46813242053509,13:00:13.242,23.5900,30
46882423065194,13:01:22.423,23.5700,41
47116901446655,13:05:16.901,23.5900,1
47546547796496,13:12:26.547,23.5600,3
47546547796496,13:12:26.547,23.5600,1
47679660250415,13:14:39.660,23.5800,1
47786594188415,13:16:26.594,23.5600,1
47786594188415,13:16:26.594,23.5600,1
47786594188415,13:16:26.594,23.5600,1
47786594217827,13:16:26.594,23.5600,10
47786594217827,13:16:26.594,23.5600,100
47786594217827,13:16:26.594,23.5600,4
47790666629306,13:16:30.666,23.5600,100
48025189301241,13:20:25.189,23.5500,3
48025369391170,13:20:25.369,23.5500,65
48025369502461,13:20:25.369,23.5500,6
48025369502461,13:20:25.369,23.5500,2
48025369502461,13:20:25.369,23.5500,2
48025369502461,13:20:25.369,23.5500,1
48025369502461,13:20:25.369,23.5500,7
48570568078548,13:29:30.568,23.5400,200
48570568078548,13:29:30.568,23.5400,100
48597651097688,13:29:57.651,23.5700,1
48815805430850,13:33:35.805,23.5600,1
48969003964307,13:36:09.003,23.5700,1
49010575804425,13:36:50.575,23.5700,1
49045576655169,13:37:25.576,23.5700,1
49171091052891,13:39:31.091,23.5500,6
49296138219292,13:41:36.138,23.5500,3
49363752872951,13:42:43.752,23.5600,100
49363752910847,13:42:43.752,23.5600,100
49451610150558,13:44:11.610,23.5500,1
49451610150558,13:44:11.610,23.5500,1
49788357100503,13:49:48.357,23.5500,3
49788357100503,13:49:48.357,23.5500,1
49788357182762,13:49:48.357,23.5500,11
49788357182762,13:49:48.357,23.5500,2
49788358642041,13:49:48.358,23.5500,47
49796732559124,13:49:56.732,23.5500,2
49871307624935,13:51:11.307,23.5600,1
49871307624935,13:51:11.307,23.5600,1
49901797656242,13:51:41.797,23.5600,100
50196278351308,13:56:36.278,23.5700,1
50248418712497,13:57:28.418,23.5500,1
50248418712497,13:57:28.418,23.5500,2
50339000231023,13:58:59.000,23.5500,6
50339000231023,13:58:59.000,23.5500,100
50339882626528,13:58:59.882,23.5500,10
50340113935026,13:59:00.113,23.5500,22
50407024653648,14:00:07.024,23.5600,100
50407024653648,14:00:07.024,23.5600,1
50408592487875,14:00:08.592,23.5700,2
50408995611611,14:00:08.995,23.5700,1
50446624983099,14:00:46.624,23.5900,100
50630183776571,14:03:50.183,23.6200,100
50630184009832,14:03:50.184,23.6200,84
50630184012212,14:03:50.184,23.6200,16
50716573299094,14:05:16.573,23.6300,100
50726972347910,14:05:26.972,23.6400,64
50726972417089,14:05:26.972,23.6400,36
50726975369585,14:05:26.975,23.6300,4
50764539371913,14:06:04.539,23.6600,52
50842887102862,14:07:22.887,23.6400,100
50842887130966,14:07:22.887,23.6400,100
50842887130966,14:07:22.887,23.6400,44
51145612224252,14:12:25.612,23.6300,100
51326790347562,14:15:26.790,23.6700,1
51328836874748,14:15:28.836,23.6700,1
51330990562333,14:15:30.990,23.6700,1
51350292657851,14:15:50.292,23.6700,1
51350296220760,14:15:50.296,23.6700,100
51386910045447,14:16:26.910,23.6600,3
51386910045447,14:16:26.910,23.6600,2
51386910045447,14:16:26.910,23.6600,10
51386910045447,14:16:26.910,23.6600,10
51572707738726,14:19:32.707,23.6600,3
51621717457500,14:20:21.717,23.6600,3
51635672086315,14:20:35.672,23.6500,100
51636961594485,14:20:36.961,23.6000,41
51636961898172,14:20:36.961,23.5700,41
51682603153822,14:21:22.603,23.6100,100
51683602354643,14:21:23.602,23.6300,3
51752624074489,14:22:32.624,23.6300,3
51796286051455,14:23:16.286,23.6400,1
51818355249525,14:23:38.355,23.6300,3
51865604787825,14:24:25.604,23.6300,3
51949716162406,14:25:49.716,23.6400,1
52109006729258,14:28:29.006,23.6400,3
52109009383742,14:28:29.009,23.6600,1
52113815422717,14:28:33.815,23.6100,99
52195059171825,14:29:55.059,23.6600,1
52214191360391,14:30:14.191,23.6600,1
52214834968609,14:30:14.834,23.6600,1
52235008612590,14:30:35.008,23.6600,1
52245963532288,14:30:45.963,23.6600,1
52246640083856,14:30:46.640,23.6600,1
52302727928950,14:31:42.727,23.6600,1
52306020971890,14:31:46.020,23.6600,1
52309011011691,14:31:49.011,23.6600,2
52348012578663,14:32:28.012,23.6600,89
52348012578663,14:32:28.012,23.6600,3
52429133912279,14:33:49.133,23.6700,1
52468020280269,14:34:28.020,23.6700,2
52535097061950,14:35:35.097,23.6800,3
52536926848372,14:35:36.926,23.6900,100
52540037372981,14:35:40.037,23.6900,20
52588009101254,14:36:28.009,23.6900,3
52719830536649,14:38:39.830,23.7100,3
52767355968216,14:39:27.355,23.7400,100
52768007285561,14:39:28.007,23.7300,3
52809575063300,14:40:09.575,23.7100,8
52809575063300,14:40:09.575,23.7100,2
52809575063300,14:40:09.575,23.7100,19
52809575063300,14:40:09.575,23.7100,3
52809575063300,14:40:09.575,23.7100,77
52888016057746,14:41:28.016,23.7400,1
52888016084566,14:41:28.016,23.7400,2
52888018207655,14:41:28.018,23.7500,100
52888018207655,14:41:28.018,23.7500,10
52888018207655,14:41:28.018,23.7500,300
52888018207655,14:41:28.018,23.7500,100
52888018989099,14:41:28.018,23.7400,10
52888018989099,14:41:28.018,23.7400,5
52888018989099,14:41:28.018,23.7400,5
52948008904238,14:42:28.008,23.7300,1
52997075002970,14:43:17.075,23.7500,1
53008010186089,14:43:28.010,23.7400,3
53088098922692,14:44:48.098,23.7400,3
53088100034317,14:44:48.100,23.7500,1
53151482614835,14:45:51.482,23.7600,100
53151482967207,14:45:51.482,23.7600,2
53152042418150,14:45:52.042,23.7600,3
53152043652059,14:45:52.043,23.7700,1
53152045100200,14:45:52.045,23.7700,1
53152045380647,14:45:52.045,23.7600,1
53152113261077,14:45:52.113,23.7700,1
53152350812190,14:45:52.350,23.7700,1
53152825327497,14:45:52.825,23.7700,1
53240566283699,14:47:20.566,23.7800,2
53240566334829,14:47:20.566,23.7900,1
53248009412880,14:47:28.009,23.8000,1
53259443003958,14:47:39.443,23.7800,3
53259443960575,14:47:39.443,23.7800,1
53259445361641,14:47:39.445,23.7800,1
53262137065457,14:47:42.137,23.8000,149
53262137065457,14:47:42.137,23.8000,1
53262137752464,14:47:42.137,23.7800,30
53262137752464,14:47:42.137,23.7700,100
53262137752464,14:47:42.137,23.7700,70
53277624006519,14:47:57.624,23.7700,22
53277624031081,14:47:57.624,23.7700,278
53277624551402,14:47:57.624,23.7700,124
53277624594874,14:47:57.624,23.7700,176
53277625880016,14:47:57.625,23.7700,1
53277626557681,14:47:57.626,23.7600,18
53277626557681,14:47:57.626,23.7600,82
53277626583205,14:47:57.626,23.7600,18
53277626583205,14:47:57.626,23.7600,10
53277626929705,14:47:57.626,23.7600,90
53308009789069,14:48:28.009,23.7700,3
53358512369798,14:49:18.512,23.7700,37
53358512369798,14:49:18.512,23.7900,1
53373094350761,14:49:33.094,23.7900,3
53457006110959,14:50:57.006,23.7900,3
53464963880251,14:51:04.963,23.7900,36
53557239535772,14:52:37.239,23.8100,1
53557239535772,14:52:37.239,23.8100,100
53557239535772,14:52:37.239,23.8100,96
53557239576930,14:52:37.239,23.8100,1
53558016676140,14:52:38.016,23.8200,3
53657043215423,14:54:17.043,23.8300,1
53657045673505,14:54:17.045,23.8400,2
53657045673505,14:54:17.045,23.8400,48
53661622283259,14:54:21.622,23.8400,52
53661622635044,14:54:21.622,23.8500,75
53661622635044,14:54:21.622,23.8500,2
53674011751062,14:54:34.011,23.8700,3
53709236952609,14:55:09.236,23.8800,1
53709488524928,14:55:09.488,23.8800,1
53715948167293,14:55:15.948,23.8800,1
53738037239180,14:55:38.037,23.8800,1
53741023004181,14:55:41.023,23.8700,1
53758293819022,14:55:58.293,23.8600,1
53877874302334,14:57:57.874,23.8600,91
53877874392841,14:57:57.874,23.8600,8
53877874392841,14:57:57.874,23.8600,8
53877874392841,14:57:57.874,23.8600,6
53877874392841,14:57:57.874,23.8600,7
53877874392841,14:57:57.874,23.8600,6
54023644045689,15:00:23.644,23.8300,77
54023644132680,15:00:23.644,23.8300,123
54023644132680,15:00:23.644,23.8300,100
54023644132680,15:00:23.644,23.8300,3
54023644132680,15:00:23.644,23.8300,3
54023644155608,15:00:23.644,23.8300,18
54023644413222,15:00:23.644,23.8300,100
54023644746671,15:00:23.644,23.8300,100
54088107154532,15:01:28.107,23.8100,3
54088322109410,15:01:28.322,23.8000,3
54173391814969,15:02:53.391,23.8000,100
54175461360538,15:02:55.461,23.8100,53
54250263465695,15:04:10.263,23.8100,3
54250263465695,15:04:10.263,23.8100,100
54341370456090,15:05:41.370,23.8200,2
54443122352835,15:07:23.122,23.8100,10
54443122352835,15:07:23.122,23.8100,3
54443122352835,15:07:23.122,23.8100,2
54443122352835,15:07:23.122,23.8100,13
54443122352835,15:07:23.122,23.8100,3
54443122467609,15:07:23.122,23.8100,3
54443122638138,15:07:23.122,23.8100,100
54443122644341,15:07:23.122,23.8100,41
54443122644341,15:07:23.122,23.8000,24
54443122649184,15:07:23.122,23.8000,34
54443122670783,15:07:23.122,23.8150,100
54450729988519,15:07:30.729,23.8000,100
54460013615187,15:07:40.013,23.8000,100
54511027931755,15:08:31.027,23.8100,3
54511027931755,15:08:31.027,23.8100,49
54511028016008,15:08:31.028,23.8100,51
54628009564063,15:10:28.009,23.8200,3
54628030987895,15:10:28.030,23.8200,100
54643469771258,15:10:43.469,23.8100,49
54643469781339,15:10:43.469,23.8100,34
54643471798314,15:10:43.471,23.8100,17
54664999593390,15:11:04.999,23.8100,52
54665005492427,15:11:05.005,23.8000,1
54665005518187,15:11:05.005,23.8000,141
54665005518187,15:11:05.005,23.8000,100
54665005518187,15:11:05.005,23.8000,3
54665005779804,15:11:05.005,23.8000,100
54665065585095,15:11:05.065,23.8000,16
54667957633885,15:11:07.957,23.8000,4
54668305031769,15:11:08.305,23.8000,17
54671703009166,15:11:11.703,23.8000,100
54671754186500,15:11:11.754,23.8000,100
54675010459879,15:11:15.010,23.8000,37
54717115221005,15:11:57.115,23.8000,6
54729476810462,15:12:09.476,23.8200,100
54749014196439,15:12:29.014,23.8200,3
54777499406563,15:12:57.499,23.8200,13
54777499529033,15:12:57.499,23.8200,87
54777499529033,15:12:57.499,23.8200,40
54974164094738,15:16:14.164,23.8300,41
54974164094738,15:16:14.164,23.8300,11
54974164094738,15:16:14.164,23.8300,34
54974164190447,15:16:14.164,23.8300,166
54974164190447,15:16:14.164,23.8300,25
55012207846305,15:16:52.207,23.8400,52
55012207918938,15:16:52.207,23.8400,48
55065513988731,15:17:45.513,23.8400,3
55065513988731,15:17:45.513,23.8400,8
55065514028738,15:17:45.514,23.8400,11
55065514060613,15:17:45.514,23.8400,5
55108011497831,15:18:28.011,23.8200,3
55131535089549,15:18:51.535,23.8400,100
55158700362220,15:19:18.700,23.8500,41
55180882226224,15:19:40.882,23.8700,2
55180882226224,15:19:40.882,23.8700,98
55180882460221,15:19:40.882,23.8700,2
55205018959492,15:20:05.018,23.8700,1
55211556014092,15:20:11.556,23.8700,1
55345905836874,15:22:25.905,23.8750,100
55345905844092,15:22:25.905,23.8700,14
55345905960352,15:22:25.905,23.8700,86
55345905960352,15:22:25.905,23.8700,3
55345905960352,15:22:25.905,23.8700,11
55345906695817,15:22:25.906,23.8700,100
55352959395248,15:22:32.959,23.8800,1
55352959395248,15:22:32.959,23.8800,55
55352959478134,15:22:32.959,23.8800,45
55392295371773,15:23:12.295,23.8900,53
55469009186421,15:24:29.009,23.8900,100
55694933510811,15:28:14.933,23.9000,100
55694933510811,15:28:14.933,23.9000,1
55694933510811,15:28:14.933,23.9000,1
55694933510811,15:28:14.933,23.9000,115
55694933510811,15:28:14.933,23.9000,84
55694933510811,15:28:14.933,23.9000,100
55708012606180,15:28:28.012,23.9000,3
55708012685140,15:28:28.012,23.8900,41
55708012709260,15:28:28.012,23.8900,87
55708012745744,15:28:28.012,23.8900,172
55708012745744,15:28:28.012,23.8900,4
55708013897029,15:28:28.013,23.8900,1
55735232010274,15:28:55.232,23.8800,31
55749053358737,15:29:09.053,23.8800,27
55751524157056,15:29:11.524,23.9000,100
55768011920354,15:29:28.011,23.9000,3
55769352193540,15:29:29.352,23.8800,1
55769352242619,15:29:29.352,23.8800,99
55826475166369,15:30:26.475,23.8800,2
55826725542241,15:30:26.725,23.8800,98
55826725542241,15:30:26.725,23.8800,2
55826725623896,15:30:26.725,23.8800,98
55826725623896,15:30:26.725,23.8800,3
55826782126832,15:30:26.782,23.8900,34
55955862582696,15:32:35.862,23.9100,14
55955862582696,15:32:35.862,23.9100,15
55955862582696,15:32:35.862,23.9100,25
55956089918945,15:32:36.089,23.9000,3
55994939496702,15:33:14.939,23.8800,3
56015023799330,15:33:35.023,23.9000,3
56035715883042,15:33:55.715,23.8900,53
56048777044347,15:34:08.777,23.8900,25
56055114925358,15:34:15.114,23.9000,1
56062112670756,15:34:22.112,23.9000,6
56068013174814,15:34:28.013,23.8900,3
56100426949563,15:35:00.426,23.8800,1
56144041625640,15:35:44.041,23.8900,1
56152743028840,15:35:52.743,23.8900,1
56157054858034,15:35:57.054,23.8800,13
56177310297772,15:36:17.310,23.8900,4
56177311557357,15:36:17.311,23.8900,1
56177955221135,15:36:17.955,23.8900,1
56200348671335,15:36:40.348,23.8900,1
56205137476810,15:36:45.137,23.8850,100
56205137476810,15:36:45.137,23.8800,283
56205137476810,15:36:45.137,23.8800,3
56205137476810,15:36:45.137,23.8800,27
56205138212685,15:36:45.138,23.8800,29
56205143715585,15:36:45.143,23.8750,100
56205145090629,15:36:45.145,23.8700,100
56273125081610,15:37:53.125,23.8600,3
56300067551753,15:38:20.067,23.8700,54
56310722013126,15:38:30.722,23.8600,3
56330364457473,15:38:50.364,23.8700,1
56330364457473,15:38:50.364,23.8700,50
56368024209230,15:39:28.024,23.8600,3
56370803582494,15:39:30.803,23.8500,6
56370803582494,15:39:30.803,23.8500,5
56370803582494,15:39:30.803,23.8500,3
56370803582494,15:39:30.803,23.8500,42
56373201575820,15:39:33.201,23.8500,100
56373201600578,15:39:33.201,23.8500,1
56373202148058,15:39:33.202,23.8500,57
56404025223305,15:40:04.025,23.8300,7
56404799671149,15:40:04.799,23.8300,65
56509507793391,15:41:49.507,23.8300,3
56509507793391,15:41:49.507,23.8300,9
56509507793391,15:41:49.507,23.8300,5
56509507793391,15:41:49.507,23.8300,83
56509998814484,15:41:49.998,23.8300,17
56509998814484,15:41:49.998,23.8300,3
56515898740007,15:41:55.898,23.8100,2
56621704766329,15:43:41.704,23.8100,1
56640316508193,15:44:00.316,23.8000,3
56653134337924,15:44:13.134,23.8100,69
56653134337924,15:44:13.134,23.8100,31
56697527247345,15:44:57.527,23.8100,58
56697527307441,15:44:57.527,23.8100,11
56697527307441,15:44:57.527,23.8100,100
56697527307441,15:44:57.527,23.8100,21
56704556546779,15:45:04.556,23.8200,100
56704556546779,15:45:04.556,23.8200,100
56704556573992,15:45:04.556,23.8200,70
56741235546384,15:45:41.235,23.8300,1
56757087663595,15:45:57.087,23.8400,1
56766395909031,15:46:06.395,23.8400,7
56788043080534,15:46:28.043,23.8400,3
56789256761763,15:46:29.256,23.8400,67
56824824742684,15:47:04.824,23.8400,7
56824824742684,15:47:04.824,23.8400,13
56824824742684,15:47:04.824,23.8400,24
56824824742684,15:47:04.824,23.8400,56
56828436905133,15:47:08.436,23.8500,100
56828436905133,15:47:08.436,23.8500,100
56848035493309,15:47:28.035,23.8500,3
56851695134001,15:47:31.695,23.8500,33
56912241062649,15:48:32.241,23.8700,3
56958516806635,15:49:18.516,23.8700,38
56967566884472,15:49:27.566,23.8700,100
56994476917157,15:49:54.476,23.8800,100
57029026522230,15:50:29.026,23.8700,2
57030051179756,15:50:30.051,23.8700,1
57043976533784,15:50:43.976,23.8600,100
57043976889936,15:50:43.976,23.8600,100
57088464245206,15:51:28.464,23.8700,100
57088464311851,15:51:28.464,23.8700,100
57088464311851,15:51:28.464,23.8700,69
57088464311851,15:51:28.464,23.8700,100
57099481840549,15:51:39.481,23.8800,3
57099481840549,15:51:39.481,23.8800,200
57099481840549,15:51:39.481,23.8800,3
57121351391884,15:52:01.351,23.8900,54
57126373982750,15:52:06.373,23.8800,3
57126373982750,15:52:06.373,23.8800,10
57126373982750,15:52:06.373,23.8800,11
57126373982750,15:52:06.373,23.8800,4
57166051379339,15:52:46.051,23.8800,100
57203387607089,15:53:23.387,23.8900,69
57206474018125,15:53:26.474,23.8900,100
57206474018125,15:53:26.474,23.9000,100
57206474018125,15:53:26.474,23.9000,200
57206474018125,15:53:26.474,23.9000,100
57206474018125,15:53:26.474,23.9000,1
57206474018125,15:53:26.474,23.9000,100
57206474018125,15:53:26.474,23.9000,100
57206474018125,15:53:26.474,23.9000,100
57207081163308,15:53:27.081,23.9000,100
57207081259883,15:53:27.081,23.9000,100
57207081259883,15:53:27.081,23.9000,100
57207081259883,15:53:27.081,23.9000,100
57210998434515,15:53:30.998,23.9100,1
57229564374869,15:53:49.564,23.9100,100
57229564374869,15:53:49.564,23.9100,2
57229564374869,15:53:49.564,23.9100,100
57240566126533,15:54:00.566,23.9300,20
57240566126533,15:54:00.566,23.9300,200
57242443473430,15:54:02.443,23.9400,25
57242443473430,15:54:02.443,23.9400,100
57242443473430,15:54:02.443,23.9400,75
57246608576836,15:54:06.608,23.9500,300
57268030167128,15:54:28.030,23.9400,3
57268030482083,15:54:28.030,23.9400,100
57268058019280,15:54:28.058,23.9400,100
57268058019280,15:54:28.058,23.9400,100
57268738232343,15:54:28.738,23.9400,100
57279065420823,15:54:39.065,23.9400,53
57315398554370,15:55:15.398,23.9350,100
57316069347398,15:55:16.069,23.9300,157
57317297335844,15:55:17.297,23.9400,100
57317297335844,15:55:17.297,23.9400,69
57317297335844,15:55:17.297,23.9400,2
57317297335844,15:55:17.297,23.9400,100
57317297335844,15:55:17.297,23.9400,29
57362898028017,15:56:02.898,23.9400,100
57362898028017,15:56:02.898,23.9400,1
57362898028017,15:56:02.898,23.9400,100
57362898028017,15:56:02.898,23.9400,69
57400057974101,15:56:40.057,23.9400,100
57400057974101,15:56:40.057,23.9400,100
57422178023755,15:57:02.178,23.9350,56
57434881806328,15:57:14.881,23.9400,1
57435512404911,15:57:15.512,23.9400,1
57436184013654,15:57:16.184,23.9400,1
57439923861110,15:57:19.923,23.9400,1
57441621910893,15:57:21.621,23.9350,100
57458997226338,15:57:38.997,23.9400,62
57458998422168,15:57:38.998,23.9400,1
57459495028645,15:57:39.495,23.9400,1
57460036737989,15:57:40.036,23.9400,1
57460450893020,15:57:40.450,23.9400,35
57460450893020,15:57:40.450,23.9400,65
57466801432921,15:57:46.801,23.9300,100
57466801432921,15:57:46.801,23.9300,100
57466803158958,15:57:46.803,23.9300,100
57466803158958,15:57:46.803,23.9300,3
57466803158958,15:57:46.803,23.9300,97
57466803239953,15:57:46.803,23.9300,3
57466803239953,15:57:46.803,23.9300,57
57466803391503,15:57:46.803,23.9300,3
57466803807921,15:57:46.803,23.9300,43
57466815236305,15:57:46.815,23.9300,1
57466843572389,15:57:46.843,23.9300,100
57466853552270,15:57:46.853,23.9300,85
57466976293026,15:57:46.976,23.9300,100
57495418947068,15:58:15.418,23.9100,1
57508099826783,15:58:28.099,23.9200,3
57508158831644,15:58:28.158,23.9200,65
57508162041332,15:58:28.162,23.9200,100
57513732303924,15:58:33.732,23.9300,15
57542496241186,15:59:02.496,23.9300,13
57549902035922,15:59:09.902,23.9300,72
57549902035922,15:59:09.902,23.9300,100
57549902035922,15:59:09.902,23.9300,100
57549902035922,15:59:09.902,23.9300,58
57551151581851,15:59:11.151,23.9300,69
57551151581851,15:59:11.151,23.9300,231
57551151610529,15:59:11.151,23.9300,69
57554027726029,15:59:14.027,23.9300,89
57554534695811,15:59:14.534,23.9300,34
57554534695811,15:59:14.534,23.9300,3
57560103969635,15:59:20.103,23.9300,16
57563615551975,15:59:23.615,23.9300,12
57563616118477,15:59:23.616,23.9300,100
57570038515233,15:59:30.038,23.9300,100
57575068176393,15:59:35.068,23.9300,8
57577069655690,15:59:37.069,23.9300,8
57581976392913,15:59:41.976,23.9400,16
57585495869319,15:59:45.495,23.9400,284
57585597713212,15:59:45.597,23.9300,4
57590027294279,15:59:50.027,23.9500,100
57590059907780,15:59:50.059,23.9300,61
57599002113118,15:59:59.002,23.9400,17
57600581781051,16:00:00.581,23.9300,9881
