timestamp,time,price,volume
30637945666574,08:30:37.945,30.5800,10
30902150173488,08:35:02.150,30.6200,10
33904956579786,09:25:04.956,30.7300,1000
33921088975145,09:25:21.088,30.7300,1000
33939957037988,09:25:39.957,30.7300,585
33954864661005,09:25:54.864,30.7300,1000
34025013586193,09:27:05.013,30.7300,2300
34029466849681,09:27:09.466,30.7300,300
34029600347637,09:27:09.600,30.7300,300
34029739412278,09:27:09.739,30.7300,300
34029878911333,09:27:09.878,30.7300,200
34029879954141,09:27:09.879,30.7300,15
34200852073410,09:30:00.852,0.0000,0
34201436923226,09:30:01.436,30.7700,100
34209816086953,09:30:09.816,30.7300,100
34209816086953,09:30:09.816,30.7300,100
34209837979023,09:30:09.837,30.6600,100
34209837979023,09:30:09.837,30.6600,100
34209838572739,09:30:09.838,30.6600,100
34209850722710,09:30:09.850,30.6500,100
34209868289508,09:30:09.868,30.6500,1900
34209967039223,09:30:09.967,30.6500,300
34209968555330,09:30:09.968,30.6500,300
34210030653931,09:30:10.030,30.6400,100
34210033669563,09:30:10.033,30.6400,100
34210033723343,09:30:10.033,30.6400,90
34210120524335,09:30:10.120,30.6300,1
34210121247472,09:30:10.121,30.6300,99
34210121247472,09:30:10.121,30.6300,1
34210195250001,09:30:10.195,30.6400,100
34210195250001,09:30:10.195,30.6400,100
34210197196418,09:30:10.197,30.6550,300
34210197430065,09:30:10.197,30.6400,100
34210530536720,09:30:10.530,30.6700,1
34210530570699,09:30:10.530,30.6500,100
34210531322777,09:30:10.531,30.6600,300
34210865763140,09:30:10.865,30.7000,100
34213383904123,09:30:13.383,30.6700,300
34213384181572,09:30:13.384,30.6550,300
34213384625298,09:30:13.384,30.6600,100
34213384651497,09:30:13.384,30.6600,100
34213384716822,09:30:13.384,30.6400,199
34213430618078,09:30:13.430,30.6400,100
34213431419495,09:30:13.431,30.6400,1
34214859506736,09:30:14.859,30.6000,100
34214860016397,09:30:14.860,30.6050,300
34214860263121,09:30:14.860,30.6050,300
34214860880059,09:30:14.860,30.6050,200
34214861059726,09:30:14.861,30.6050,200
34214865131560,09:30:14.865,30.6000,100
34214865999608,09:30:14.865,30.6000,100
34214866051744,09:30:14.866,30.6000,100
34214866305501,09:30:14.866,30.6000,100
34214985068114,09:30:14.985,30.6000,100
34214985156266,09:30:14.985,30.6100,100
34214985327759,09:30:14.985,30.6100,600
34214985356553,09:30:14.985,30.6100,100
34214985356553,09:30:14.985,30.6100,100
34214985390428,09:30:14.985,30.6100,100
34214985390428,09:30:14.985,30.6100,100
34215218732627,09:30:15.218,30.6200,100
34215218732627,09:30:15.218,30.6200,100
34215418144091,09:30:15.418,30.6100,100
34215693491876,09:30:15.693,30.6000,100
34215693590386,09:30:15.693,30.6100,100
34215693701450,09:30:15.693,30.6100,100
34215693701450,09:30:15.693,30.6100,100
34215933107686,09:30:15.933,30.6100,100
34217856661420,09:30:17.856,30.6200,100
34217857085784,09:30:17.857,30.6200,100
34217857573564,09:30:17.857,30.6200,100
34217857732703,09:30:17.857,30.6200,200
34217857732703,09:30:17.857,30.6200,200
34217898967848,09:30:17.898,30.6200,100
34220652859765,09:30:20.652,30.6100,300
34220654060284,09:30:20.654,30.6100,100
34220654138144,09:30:20.654,30.6200,100
34220655073287,09:30:20.655,30.6200,100
34220709156685,09:30:20.709,30.6100,100
34228426181469,09:30:28.426,30.6200,100
34228426209500,09:30:28.426,30.6200,100
34228426975357,09:30:28.426,30.6300,200
34228427036510,09:30:28.427,30.6300,100
34234063171318,09:30:34.063,30.6500,100
34234071573399,09:30:34.071,30.6700,200
34234503830245,09:30:34.503,30.7200,59
34234503857891,09:30:34.503,30.7200,41
34244379471163,09:30:44.379,30.7400,200
34244379503011,09:30:44.379,30.7400,100
34244380194723,09:30:44.380,30.7400,100
34245788552292,09:30:45.788,30.8000,300
34245788665429,09:30:45.788,30.8000,34
34246048011381,09:30:46.048,30.8300,100
34246048018650,09:30:46.048,30.8100,100
34246048101598,09:30:46.048,30.8100,100
34246307636686,09:30:46.307,30.8400,100
34246307636686,09:30:46.307,30.8400,100
34246380273961,09:30:46.380,30.8800,100
34246380273961,09:30:46.380,30.8900,100
34246380273961,09:30:46.380,30.8900,100
34246380301972,09:30:46.380,30.8900,400
34246380301972,09:30:46.380,30.8900,1
34246381815041,09:30:46.381,30.8900,100
34246714650140,09:30:46.714,30.9000,100
34246714650140,09:30:46.714,30.9000,1
34255267711801,09:30:55.267,30.9200,1
34255267711801,09:30:55.267,30.9200,200
34255267711801,09:30:55.267,30.9200,199
34255267745170,09:30:55.267,30.9200,1
34255268249363,09:30:55.268,30.9100,100
34255270519069,09:30:55.270,30.9100,100
34255298359828,09:30:55.298,30.9000,100
34255432214199,09:30:55.432,30.9000,100
34255434308652,09:30:55.434,30.9000,100
34257020363241,09:30:57.020,30.8900,100
34257020363241,09:30:57.020,30.8900,100
34257020363241,09:30:57.020,30.8900,100
34257038663076,09:30:57.038,30.8900,100
34257038663076,09:30:57.038,30.8900,100
34260351018953,09:31:00.351,30.9000,100
34260351075362,09:31:00.351,30.9000,100
34263339674408,09:31:03.339,30.9100,100
34263339677062,09:31:03.339,30.9100,100
34263339677062,09:31:03.339,30.9100,100
34263339686399,09:31:03.339,30.9100,100
34263340649192,09:31:03.340,30.9200,100
34263341147517,09:31:03.341,30.9200,100
34263341248897,09:31:03.341,30.9200,100
34263341248897,09:31:03.341,30.9100,100
34265137743851,09:31:05.137,30.9000,15
34271966350154,09:31:11.966,30.9000,600
34271966755079,09:31:11.966,30.8900,200
34283924284735,09:31:23.924,30.9200,200
34283924371700,09:31:23.924,30.9100,100
34283924499511,09:31:23.924,30.9200,100
34284108104396,09:31:24.108,30.9300,100
34284108104396,09:31:24.108,30.9300,100
34286040585838,09:31:26.040,30.9300,200
34304649114047,09:31:44.649,30.9200,100
34304649114047,09:31:44.649,30.9200,100
34305032544320,09:31:45.032,30.9100,100
34305032862854,09:31:45.032,30.9100,100
34305032862854,09:31:45.032,30.9100,100
34305033052384,09:31:45.033,30.9100,17
34305033243546,09:31:45.033,30.9100,83
34305033243546,09:31:45.033,30.9100,17
34305033294946,09:31:45.033,30.9100,83
34305033597501,09:31:45.033,30.9100,100
34305882436280,09:31:45.882,30.9100,100
34305882436280,09:31:45.882,30.9100,100
34305882485981,09:31:45.882,30.9100,300
34307855716535,09:31:47.855,30.9000,100
34307855716535,09:31:47.855,30.9000,100
34307855821866,09:31:47.855,30.9000,100
34307855838056,09:31:47.855,30.9000,100
34307856290428,09:31:47.856,30.9000,100
34307856369975,09:31:47.856,30.9000,100
34307892679622,09:31:47.892,30.8900,100
34308524810297,09:31:48.524,30.8900,100
34308525702222,09:31:48.525,30.8900,100
34308525702222,09:31:48.525,30.8900,100
34311103820858,09:31:51.103,30.9000,100
34311103820858,09:31:51.103,30.9000,200
34313713247305,09:31:53.713,30.8700,100
34313713247305,09:31:53.713,30.8700,100
34313713954566,09:31:53.713,30.8700,100
34313714335327,09:31:53.714,30.8700,100
34320873811936,09:32:00.873,30.8600,100
34320873925780,09:32:00.873,30.8700,100
34320873950350,09:32:00.873,30.8700,200
34320874256282,09:32:00.874,30.8700,100
34320874256282,09:32:00.874,30.8700,200
34322562751741,09:32:02.562,30.8600,100
34323465087550,09:32:03.465,30.8800,100
34323831284980,09:32:03.831,30.9200,100
34323831285547,09:32:03.831,30.9200,100
34323831315850,09:32:03.831,30.9200,100
34323831398343,09:32:03.831,30.9200,100
34323835513120,09:32:03.835,30.9400,100
34323835811957,09:32:03.835,30.9500,100
34323836897658,09:32:03.836,30.9500,100
34323836897658,09:32:03.836,30.9500,100
34329498217542,09:32:09.498,30.9500,100
34329498281287,09:32:09.498,30.9500,100
34329498281287,09:32:09.498,30.9500,100
34331905189767,09:32:11.905,30.9400,300
34348345352989,09:32:28.345,30.9400,100
34349518892026,09:32:29.518,30.9600,300
34349521204282,09:32:29.521,30.9700,200
34349521299489,09:32:29.521,30.9700,200
34349521755272,09:32:29.521,30.9700,100
34349521755272,09:32:29.521,30.9700,100
34354475317400,09:32:34.475,30.9500,100
34354940028207,09:32:34.940,30.9500,100
34362763185564,09:32:42.763,30.9700,100
34362763185564,09:32:42.763,30.9700,100
34362766732621,09:32:42.766,30.9800,200
34362767696917,09:32:42.767,30.9900,100
34362767871069,09:32:42.767,30.9900,100
34362767871069,09:32:42.767,30.9900,100
34362767871069,09:32:42.767,30.9800,100
34362768560373,09:32:42.768,30.9900,100
34362768560373,09:32:42.768,30.9900,100
34363722252378,09:32:43.722,30.9800,100
34369154908296,09:32:49.154,30.9800,10
34369154908296,09:32:49.154,30.9800,90
34369154933836,09:32:49.154,30.9800,110
34372875660996,09:32:52.875,30.9800,100
34372876352586,09:32:52.876,30.9800,100
34372876477024,09:32:52.876,30.9800,100
34372876621773,09:32:52.876,30.9800,100
34372877407031,09:32:52.877,30.9800,100
34372877407031,09:32:52.877,30.9800,100
34372878566834,09:32:52.878,30.9800,100
34373428783399,09:32:53.428,30.9900,100
34373428783399,09:32:53.428,30.9900,200
34373430906171,09:32:53.430,31.0000,1
34373430906171,09:32:53.430,31.0000,20
34373430906171,09:32:53.430,31.0000,200
34373430906171,09:32:53.430,31.0000,300
34373430906171,09:32:53.430,31.0000,200
34373430906171,09:32:53.430,31.0000,50
34373430906171,09:32:53.430,31.0000,200
34373430946406,09:32:53.430,31.0000,300
34373740341731,09:32:53.740,31.0100,100
34375623155869,09:32:55.623,30.9600,100
34383350251346,09:33:03.350,30.9700,200
34383350251346,09:33:03.350,30.9700,100
34383350739332,09:33:03.350,30.9700,100
34383350739332,09:33:03.350,30.9600,100
34383350739332,09:33:03.350,30.9600,100
34383350889455,09:33:03.350,30.9700,15
34385055747498,09:33:05.055,30.9700,15
34385055747498,09:33:05.055,30.9700,100
34388329494570,09:33:08.329,30.9700,800
34388330541846,09:33:08.330,30.9600,300
34410019590917,09:33:30.019,30.9700,11
34410021459255,09:33:30.021,30.9800,52
34410021491703,09:33:30.021,30.9800,48
34410021491703,09:33:30.021,30.9800,52
34410021513773,09:33:30.021,30.9800,48
34410021513773,09:33:30.021,30.9800,52
34410021796166,09:33:30.021,30.9800,100
34410021819630,09:33:30.021,30.9800,100
34410021819630,09:33:30.021,30.9800,2
34410022048772,09:33:30.022,30.9800,100
34410022048772,09:33:30.022,30.9800,46
34416838545265,09:33:36.838,31.0000,300
34416845005638,09:33:36.845,31.0100,200
34416845005638,09:33:36.845,31.0100,100
34416845318818,09:33:36.845,31.0100,100
34416845318818,09:33:36.845,31.0100,100
34416846931767,09:33:36.846,31.0000,100
34416847722751,09:33:36.847,30.9900,100
34416847722751,09:33:36.847,30.9900,200
34416848315974,09:33:36.848,30.9900,92
34419164224116,09:33:39.164,30.9900,100
34421134415352,09:33:41.134,30.9900,100
34422633700949,09:33:42.633,31.0000,100
34425832875716,09:33:45.832,31.0000,100
34427150353000,09:33:47.150,31.0100,200
34427150353000,09:33:47.150,31.0100,100
34427150674651,09:33:47.150,31.0100,200
34427150674651,09:33:47.150,31.0100,100
34427150674651,09:33:47.150,31.0100,100
34427154219160,09:33:47.154,31.0200,100
34427154387707,09:33:47.154,31.0200,100
34427154387707,09:33:47.154,31.0200,100
34427155112382,09:33:47.155,31.0200,100
34434693521593,09:33:54.693,30.9800,100
34434693575232,09:33:54.693,30.9700,100
34434866140478,09:33:54.866,30.9800,100
34434866171108,09:33:54.866,30.9800,15
34439294137573,09:33:59.294,30.9900,100
34439301429977,09:33:59.301,30.9800,100
34439301461491,09:33:59.301,30.9800,100
34445696770183,09:34:05.696,30.9900,100
34447474246921,09:34:07.474,30.9700,100
34447474943885,09:34:07.474,30.9700,100
34447482969828,09:34:07.482,30.9700,100
34456912957892,09:34:16.912,30.9700,100
34456912957892,09:34:16.912,30.9700,300
34456919370930,09:34:16.919,30.9700,100
34456919370930,09:34:16.919,30.9700,100
34456919952527,09:34:16.919,30.9700,100
34463498106837,09:34:23.498,30.9800,100
34463498106837,09:34:23.498,30.9800,100
34463498106837,09:34:23.498,30.9800,2
34463498990395,09:34:23.498,30.9900,12
34468212450057,09:34:28.212,31.0000,240
34468212493882,09:34:28.212,31.0000,147
34468212697380,09:34:28.212,31.0000,113
34468215955749,09:34:28.215,31.0000,95
34468247980817,09:34:28.247,31.0000,8
34470562109437,09:34:30.562,31.0000,92
34470562109437,09:34:30.562,31.0000,100
34481782222005,09:34:41.782,30.9900,100
34481782338227,09:34:41.782,30.9900,100
34481782367162,09:34:41.782,30.9900,100
34481782403083,09:34:41.782,30.9900,100
34481782828828,09:34:41.782,30.9900,100
34481782828828,09:34:41.782,30.9900,150
34481783027655,09:34:41.783,30.9900,100
34481783027655,09:34:41.783,30.9900,100
34481783164021,09:34:41.783,30.9900,100
34481783189447,09:34:41.783,30.9900,100
34481783278942,09:34:41.783,30.9900,50
34482282741843,09:34:42.282,30.9800,50
34482282741843,09:34:42.282,30.9800,100
34482282903258,09:34:42.282,30.9800,100
34482909995439,09:34:42.909,30.9800,100
34482909995439,09:34:42.909,30.9800,100
34484621412866,09:34:44.621,30.9800,100
34497325061278,09:34:57.325,30.9800,100
34497325239741,09:34:57.325,30.9900,4
34497325239741,09:34:57.325,30.9900,104
34497325243180,09:34:57.325,30.9900,96
34497325543883,09:34:57.325,30.9900,88
34497325633208,09:34:57.325,30.9900,12
34497334572969,09:34:57.334,31.0000,10
34498512016135,09:34:58.512,31.0000,100
34501877860133,09:35:01.877,30.9900,100
34501877860133,09:35:01.877,30.9900,100
34505884521233,09:35:05.884,31.0000,100
34509479318894,09:35:09.479,30.9900,100
34509919758894,09:35:09.919,30.9700,100
34519526767591,09:35:19.526,30.9500,100
34522841666513,09:35:22.841,30.9500,100
34522841666513,09:35:22.841,30.9400,100
34522841666513,09:35:22.841,30.9400,100
34536292022269,09:35:36.292,30.9400,100
34536292294720,09:35:36.292,30.9300,100
34557030591848,09:35:57.030,30.9200,200
34557045079395,09:35:57.045,30.9300,83
34557045106629,09:35:57.045,30.9300,103
34557074199609,09:35:57.074,30.9300,14
34557074199609,09:35:57.074,30.9300,186
34561770389321,09:36:01.770,30.9200,100
34561770389321,09:36:01.770,30.9200,400
34561772925684,09:36:01.772,30.9100,100
34561774155364,09:36:01.774,30.9100,100
34565547193408,09:36:05.547,30.9200,100
34565547193408,09:36:05.547,30.9200,100
34565547193408,09:36:05.547,30.9200,100
34565557753323,09:36:05.557,30.9000,100
34567710504046,09:36:07.710,30.8800,200
34570747420669,09:36:10.747,30.8900,300
34575009285720,09:36:15.009,30.8900,400
34575009285720,09:36:15.009,30.8900,100
34575009285720,09:36:15.009,30.8900,400
34575009285720,09:36:15.009,30.8900,300
34575024602110,09:36:15.024,30.9000,200
34575025045098,09:36:15.025,30.9000,100
34575027523644,09:36:15.027,30.9000,20
34576687751154,09:36:16.687,30.9000,100
34578902547054,09:36:18.902,30.9100,8
34578902547054,09:36:18.902,30.9100,200
34578902870944,09:36:18.902,30.9100,100
34578902874703,09:36:18.902,30.9100,100
34578903240977,09:36:18.903,30.9100,100
34578903240977,09:36:18.903,30.9100,100
34578903240977,09:36:18.903,30.9100,100
34579449151040,09:36:19.449,30.9100,100
34579559511479,09:36:19.559,30.9100,100
34588748945842,09:36:28.748,30.9100,200
34588758720227,09:36:28.758,30.9200,3
34590434568544,09:36:30.434,30.9100,100
34590486327255,09:36:30.486,30.9100,5
34594930941212,09:36:34.930,30.9000,2
34594930981046,09:36:34.930,30.9000,98
34594930981046,09:36:34.930,30.9000,100
34612703281132,09:36:52.703,30.9300,200
34612703281132,09:36:52.703,30.9300,100
34612703281132,09:36:52.703,30.9300,8
34620661405437,09:37:00.661,30.9700,200
34620672763015,09:37:00.672,30.9800,100
34623135935565,09:37:03.135,31.0100,100
34623135935565,09:37:03.135,31.0100,19
34623135935565,09:37:03.135,31.0100,200
34623136248576,09:37:03.136,31.0100,100
34623146419408,09:37:03.146,31.0200,22
34630145076667,09:37:10.145,31.0500,30
34638494280643,09:37:18.494,31.0600,200
34642205192084,09:37:22.205,31.0800,100
34642205929603,09:37:22.205,31.0900,100
34642207274809,09:37:22.207,31.0900,100
34642207274809,09:37:22.207,31.0900,100
34642207274809,09:37:22.207,31.0900,100
34642207274809,09:37:22.207,31.0800,200
34642207274809,09:37:22.207,31.0800,100
34642207274809,09:37:22.207,31.0800,100
34642207274809,09:37:22.207,31.0800,10
34642207274809,09:37:22.207,31.0800,271
34642215677219,09:37:22.215,31.0800,100
34642215879834,09:37:22.215,31.0800,100
34642218184844,09:37:22.218,31.0800,16
34644475873984,09:37:24.475,31.0900,1
34649168410132,09:37:29.168,31.1000,300
34649168410132,09:37:29.168,31.1000,200
34649168410132,09:37:29.168,31.1000,2
34649168410132,09:37:29.168,31.1000,198
34650258050554,09:37:30.258,31.1100,9
34651050867022,09:37:31.050,31.1100,100
34651055432594,09:37:31.055,31.1100,100
34651061772838,09:37:31.061,31.1100,100
34651341041182,09:37:31.341,31.1200,100
34651341041182,09:37:31.341,31.1200,200
34651341106584,09:37:31.341,31.1200,7
34651341387251,09:37:31.341,31.1200,100
34652483139862,09:37:32.483,31.1100,100
34652483414686,09:37:32.483,31.1100,100
34652483439136,09:37:32.483,31.1100,100
34654109780857,09:37:34.109,31.1100,100
34654110058181,09:37:34.110,31.1100,100
34654227593272,09:37:34.227,31.1200,100
34654227593272,09:37:34.227,31.1200,500
34654228004425,09:37:34.228,31.1100,100
34654232881469,09:37:34.232,31.1100,100
34655021858720,09:37:35.021,31.1200,100
34661979126429,09:37:41.979,31.1100,200
34665814047662,09:37:45.814,31.1100,339
34665814153327,09:37:45.814,31.1100,161
34666133018526,09:37:46.133,31.1000,100
34666133018526,09:37:46.133,31.1000,83
34666133032315,09:37:46.133,31.1000,17
34667774237358,09:37:47.774,31.1100,100
34667774237358,09:37:47.774,31.1100,200
34667774237358,09:37:47.774,31.1100,100
34667774237358,09:37:47.774,31.1100,500
34667774237358,09:37:47.774,31.1100,300
34667775853329,09:37:47.775,31.1100,100
34667775853329,09:37:47.775,31.1100,100
34667775853329,09:37:47.775,31.1100,100
34667782689911,09:37:47.782,31.1000,200
34667894791748,09:37:47.894,31.1100,100
34669347554032,09:37:49.347,31.1200,200
34669759639428,09:37:49.759,31.1100,300
34673361011434,09:37:53.361,31.1200,100
34673362775808,09:37:53.362,31.1300,100
34679981007555,09:37:59.981,31.1500,100
34679981007555,09:37:59.981,31.1500,300
34679981088301,09:37:59.981,31.1700,11
34680347485457,09:38:00.347,31.1800,200
34680354897231,09:38:00.354,31.1900,100
34680631724301,09:38:00.631,31.2000,100
34680631753340,09:38:00.631,31.2000,50
34682726915941,09:38:02.726,31.2200,200
34682726915941,09:38:02.726,31.2200,200
34682728989020,09:38:02.728,31.2200,100
34682728989020,09:38:02.728,31.2200,100
34682728989020,09:38:02.728,31.2200,100
34688098974337,09:38:08.098,31.2100,143
34688949842360,09:38:08.949,31.1900,100
34688949842360,09:38:08.949,31.1900,100
34690397795047,09:38:10.397,31.1700,100
34690397823667,09:38:10.397,31.1700,100
34690397829397,09:38:10.397,31.1700,100
34692397457004,09:38:12.397,31.1500,100
34708484150331,09:38:28.484,31.1500,200
34708538061084,09:38:28.538,31.1500,60
34711485690746,09:38:31.485,31.1700,100
34711485690746,09:38:31.485,31.1700,200
34711487676460,09:38:31.487,31.1700,60
34711487676460,09:38:31.487,31.1700,40
34711488027521,09:38:31.488,31.1700,160
34711488027521,09:38:31.488,31.1700,40
34711488027521,09:38:31.488,31.1700,100
34711496184980,09:38:31.496,31.1700,200
34711496184980,09:38:31.496,31.1700,100
34712504453269,09:38:32.504,31.1700,140
34712504453269,09:38:32.504,31.1700,100
34712504494850,09:38:32.504,31.1700,100
34720597624313,09:38:40.597,31.2000,100
34720597624313,09:38:40.597,31.2000,100
34720598258847,09:38:40.598,31.2000,100
34720598650130,09:38:40.598,31.2000,78
34720602564870,09:38:40.602,31.2000,22
34729642180827,09:38:49.642,31.2100,100
34732713262297,09:38:52.713,31.2300,51
34735734313288,09:38:55.734,31.2300,47
34735734338868,09:38:55.734,31.2300,53
34735734338868,09:38:55.734,31.2300,200
34739690878035,09:38:59.690,31.2300,100
34739690878035,09:38:59.690,31.2400,100
34740694799165,09:39:00.694,31.2350,100
34740694842861,09:39:00.694,31.2400,100
34740696209925,09:39:00.696,31.2500,100
34740706008376,09:39:00.706,31.2500,100
34740706035371,09:39:00.706,31.2500,100
34746263592334,09:39:06.263,31.2200,53
34746263592334,09:39:06.263,31.2200,2
34746263621244,09:39:06.263,31.2200,98
34746263621244,09:39:06.263,31.2200,100
34747487564438,09:39:07.487,31.2050,100
34747487564438,09:39:07.487,31.2100,100
34751612854485,09:39:11.612,31.2100,100
34751612854485,09:39:11.612,31.2200,100
34751612854485,09:39:11.612,31.2200,100
34751612854485,09:39:11.612,31.2200,600
34751613986736,09:39:11.613,31.2300,100
34752117137231,09:39:12.117,31.2300,100
34763634695711,09:39:23.634,31.2200,100
34765669174046,09:39:25.669,31.2200,100
34768088427958,09:39:28.088,31.2200,100
34768787288725,09:39:28.787,31.2100,100
34768787842190,09:39:28.787,31.2100,30
34768788323726,09:39:28.788,31.2100,100
34768788323726,09:39:28.788,31.2100,100
34768788323726,09:39:28.788,31.2100,100
34768789613842,09:39:28.789,31.2050,100
34768789613842,09:39:28.789,31.2100,100
34768790031481,09:39:28.790,31.2000,100
34768790389766,09:39:28.790,31.2000,100
34768798950912,09:39:28.798,31.2000,100
34768798950912,09:39:28.798,31.2000,100
34768798950912,09:39:28.798,31.2000,200
34768892981597,09:39:28.892,31.2100,100
34768895065608,09:39:28.895,31.2100,100
34768895065608,09:39:28.895,31.2100,116
34771874703664,09:39:31.874,31.2100,100
34771874814038,09:39:31.874,31.2100,100
34771874815295,09:39:31.874,31.2100,100
34771890972497,09:39:31.890,31.2100,100
34771892519190,09:39:31.892,31.2200,100
34771892519190,09:39:31.892,31.2200,100
34771892690095,09:39:31.892,31.2200,100
34771892690095,09:39:31.892,31.2200,100
34771894179298,09:39:31.894,31.2200,200
34771894179298,09:39:31.894,31.2300,100
34771894179298,09:39:31.894,31.2300,200
34771894179298,09:39:31.894,31.2300,100
34771899083829,09:39:31.899,31.2500,39
34772144072145,09:39:32.144,31.2500,100
34772144102355,09:39:32.144,31.2500,61
34772148784852,09:39:32.148,31.2500,100
34777238261253,09:39:37.238,31.2700,100
34777238261253,09:39:37.238,31.2700,3
34777238264533,09:39:37.238,31.2700,97
34777238361818,09:39:37.238,31.2700,100
34783879833558,09:39:43.879,31.2650,100
34783879833558,09:39:43.879,31.2700,100
34783880496833,09:39:43.880,31.2700,100
34783888243716,09:39:43.888,31.2700,100
34788835111468,09:39:48.835,31.2600,37
34792873375087,09:39:52.873,31.2500,100
34792873375087,09:39:52.873,31.2500,100
34792873405105,09:39:52.873,31.2400,100
34792873405105,09:39:52.873,31.2400,700
34792873474286,09:39:52.873,31.2300,61
34792873479081,09:39:52.873,31.2300,221
34792874010505,09:39:52.874,31.2200,50
34792874013261,09:39:52.874,31.2200,50
34793117168942,09:39:53.117,31.2000,600
34795115453256,09:39:55.115,31.2050,100
34795115851016,09:39:55.115,31.2200,100
34795115948216,09:39:55.115,31.2200,100
34796432606469,09:39:56.432,31.2100,100
34797112019075,09:39:57.112,31.2000,100
34797115781714,09:39:57.115,31.1900,40
34797115823233,09:39:57.115,31.1900,160
34797115823233,09:39:57.115,31.1900,100
34801904527194,09:40:01.904,31.1900,100
34801904527194,09:40:01.904,31.1900,100
34801904604262,09:40:01.904,31.1900,100
34818761515695,09:40:18.761,31.1900,100
34818761515695,09:40:18.761,31.1900,200
34818761818632,09:40:18.761,31.2000,112
34818761825860,09:40:18.761,31.2000,88
34820455737895,09:40:20.455,31.2200,100
34820457305700,09:40:20.457,31.2200,100
34820457323121,09:40:20.457,31.2200,100
34824708971837,09:40:24.708,31.2300,100
34824709042306,09:40:24.709,31.2300,100
34824709050205,09:40:24.709,31.2200,100
34824709050205,09:40:24.709,31.2100,39
34824709071933,09:40:24.709,31.2300,100
34833526318504,09:40:33.526,31.2100,100
34833526318504,09:40:33.526,31.2100,100
34833526318504,09:40:33.526,31.2100,100
34833526409179,09:40:33.526,31.2100,35
34833526409179,09:40:33.526,31.2100,100
34833528216075,09:40:33.528,31.2000,100
34833528216075,09:40:33.528,31.2000,100
34833542617044,09:40:33.542,31.2000,200
34833542617044,09:40:33.542,31.2000,100
34843199810709,09:40:43.199,31.2000,100
34854684959086,09:40:54.684,31.1600,1300
34854684959086,09:40:54.684,31.1600,155
34854685029330,09:40:54.685,31.1500,52
34854685107429,09:40:54.685,31.1500,100
34854689428335,09:40:54.689,31.1700,100
34854691629917,09:40:54.691,31.1900,100
34854691655439,09:40:54.691,31.1900,100
34854691655439,09:40:54.691,31.1900,100
34854691655439,09:40:54.691,31.1900,100
34854691655439,09:40:54.691,31.1900,100
34854895350595,09:40:54.895,31.1900,200
34854895350595,09:40:54.895,31.1900,100
34857626500659,09:40:57.626,31.2000,200
34860020026597,09:41:00.020,31.2000,100
34860020525687,09:41:00.020,31.2000,100
34860021108416,09:41:00.021,31.2000,380
34871547677013,09:41:11.547,31.1700,100
34879501579520,09:41:19.501,31.1500,100
34879502230573,09:41:19.502,31.1400,100
34879502230573,09:41:19.502,31.1400,100
34879502230573,09:41:19.502,31.1400,100
34879502230573,09:41:19.502,31.1400,100
34879502535357,09:41:19.502,31.1400,100
34879502535357,09:41:19.502,31.1400,100
34888046234280,09:41:28.046,31.1100,100
34888046732605,09:41:28.046,31.1000,100
34897460542193,09:41:37.460,31.0900,100
34898543346335,09:41:38.543,31.0900,100
34922544316355,09:42:02.544,31.0700,100
34953470647426,09:42:33.470,31.0700,11
34953471018418,09:42:33.471,31.0800,8
34953471018418,09:42:33.471,31.0800,100
34953471018418,09:42:33.471,31.0800,200
34953471018418,09:42:33.471,31.0800,100
34953471018418,09:42:33.471,31.0800,1
34953471044618,09:42:33.471,31.0800,100
34953471119454,09:42:33.471,31.0800,100
34953471161355,09:42:33.471,31.0800,100
34961144074672,09:42:41.144,31.0700,100
34961144153927,09:42:41.144,31.0800,100
34961144930480,09:42:41.144,31.0800,100
34961144930480,09:42:41.144,31.0800,100
34961144948919,09:42:41.144,31.0800,100
34963283358869,09:42:43.283,31.0700,100
34963283389592,09:42:43.283,31.0700,100
34963283389592,09:42:43.283,31.0700,100
34963283661195,09:42:43.283,31.0700,100
34964300906874,09:42:44.300,31.0800,100
34964301057562,09:42:44.301,31.0800,100
34964301057562,09:42:44.301,31.0800,100
34964301161951,09:42:44.301,31.0800,100
34984348960527,09:43:04.348,31.0700,100
34984348960527,09:43:04.348,31.0700,100
34984348962816,09:43:04.348,31.0700,100
34998133682730,09:43:18.133,31.0500,100
35044380698948,09:44:04.380,31.0200,100
35044380710967,09:44:04.380,31.0200,100
35044380715047,09:44:04.380,31.0100,50
35044382484142,09:44:04.382,31.0000,100
35044382621481,09:44:04.382,31.0000,200
35044382627762,09:44:04.382,31.0000,900
35044382627762,09:44:04.382,31.0000,100
35044382627762,09:44:04.382,31.0000,100
35044383541707,09:44:04.383,30.9600,100
35044383541707,09:44:04.383,30.9600,100
35044383840579,09:44:04.383,30.9600,100
35044383840579,09:44:04.383,30.9600,100
35044383853525,09:44:04.383,30.9600,100
35044383853525,09:44:04.383,30.9600,100
35044383855614,09:44:04.383,30.9600,200
35044383858140,09:44:04.383,30.9600,100
35067775638976,09:44:27.775,30.9300,22
35080081433481,09:44:40.081,30.9000,100
35080081433481,09:44:40.081,30.9000,100
35098745521624,09:44:58.745,30.9200,100
35098745531253,09:44:58.745,30.9200,100
35098745531253,09:44:58.745,30.9200,100
35098745531253,09:44:58.745,30.9200,1
35098745531253,09:44:58.745,30.9200,100
35098745547456,09:44:58.745,30.9200,200
35098745750598,09:44:58.745,30.9300,178
35098745750598,09:44:58.745,30.9300,100
35098745750598,09:44:58.745,30.9300,100
35098746218302,09:44:58.746,30.9300,100
35098746295687,09:44:58.746,30.9300,100
35098746380478,09:44:58.746,30.9300,100
35098748890107,09:44:58.748,30.9400,100
35098748890107,09:44:58.748,30.9400,100
35098748974742,09:44:58.748,30.9400,100
35098749012049,09:44:58.749,30.9400,100
35098749012049,09:44:58.749,30.9300,100
35098749012049,09:44:58.749,30.9300,100
35098753422333,09:44:58.753,30.9400,100
35098753422333,09:44:58.753,30.9400,100
35098755404260,09:44:58.755,30.9400,100
35098755404260,09:44:58.755,30.9300,100
35098755404260,09:44:58.755,30.9300,100
35098755404260,09:44:58.755,30.9300,100
35098755404260,09:44:58.755,30.9300,100
35098892209808,09:44:58.892,30.9300,100
35101595303642,09:45:01.595,30.9300,100
35101595303642,09:45:01.595,30.9300,100
35101595303642,09:45:01.595,30.9300,200
35101595652814,09:45:01.595,30.9200,100
35101595690940,09:45:01.595,30.9200,100
35101595718853,09:45:01.595,30.9200,100
35101595718853,09:45:01.595,30.9200,100
35101595798985,09:45:01.595,30.9300,100
35101595798985,09:45:01.595,30.9200,100
35101595948861,09:45:01.595,30.9300,100
35101597637762,09:45:01.597,30.9200,100
35101597637762,09:45:01.597,30.9200,100
35101597637762,09:45:01.597,30.9200,700
35101715408500,09:45:01.715,30.9200,100
35101715408500,09:45:01.715,30.9200,30
35104790473040,09:45:04.790,30.9300,100
35104790475442,09:45:04.790,30.9300,100
35104790615841,09:45:04.790,30.9300,100
35104891024701,09:45:04.891,30.9200,100
35106742685346,09:45:06.742,30.9300,100
35106902096003,09:45:06.902,30.9200,100
35106902096003,09:45:06.902,30.9200,100
35108607515436,09:45:08.607,30.9200,81
35108669476155,09:45:08.669,30.9200,19
35108808732467,09:45:08.808,30.9100,100
35109410550808,09:45:09.410,30.9000,100
35109410943190,09:45:09.410,30.9000,100
35109411069769,09:45:09.411,30.9000,100
35109411302967,09:45:09.411,30.9000,100
35109411455100,09:45:09.411,30.9000,300
35111882785768,09:45:11.882,30.9000,300
35111882785768,09:45:11.882,30.9000,2
35111882785768,09:45:11.882,30.9000,198
35111883455149,09:45:11.883,30.9000,2
35111883455149,09:45:11.883,30.9000,200
35111883514388,09:45:11.883,30.8900,100
35111883524343,09:45:11.883,30.8900,100
35114345754975,09:45:14.345,30.8800,100
35116722886162,09:45:16.722,30.8900,100
35116723794799,09:45:16.723,30.9000,200
35117786168357,09:45:17.786,30.9000,100
35117787276353,09:45:17.787,30.9000,100
35118519523251,09:45:18.519,30.9000,100
35118520842019,09:45:18.520,30.9000,100
35118520842019,09:45:18.520,30.9000,100
35124071567425,09:45:24.071,30.8900,100
35124071567425,09:45:24.071,30.8900,100
35124078878193,09:45:24.078,30.8800,100
35124079364595,09:45:24.079,30.8800,100
35124079364595,09:45:24.079,30.8800,100
35125284854524,09:45:25.284,30.8900,100
35125585014563,09:45:25.585,30.8800,100
35134129191583,09:45:34.129,30.8900,100
35134129191583,09:45:34.129,30.8900,100
35134129238495,09:45:34.129,30.8900,150
35134129282045,09:45:34.129,30.8900,35
35134130611921,09:45:34.130,30.8900,100
35134130611921,09:45:34.130,30.8900,200
35134130611921,09:45:34.130,30.8900,100
35134130611921,09:45:34.130,30.8900,100
35138899355700,09:45:38.899,30.9000,100
35138913109396,09:45:38.913,30.9000,1
35138933988714,09:45:38.933,30.9100,400
35138934121158,09:45:38.934,30.9100,1
35138934121158,09:45:38.934,30.9100,199
35138934347246,09:45:38.934,30.9100,100
35138934382028,09:45:38.934,30.9100,101
35138935016314,09:45:38.935,30.9100,100
35138935016314,09:45:38.935,30.9100,100
35139186770489,09:45:39.186,30.9200,200
35139187184848,09:45:39.187,30.9200,100
35139188193081,09:45:39.188,30.9200,100
35144559868607,09:45:44.559,30.9400,100
35144579268235,09:45:44.579,30.9400,3
35144579293599,09:45:44.579,30.9400,97
35144579293599,09:45:44.579,30.9400,100
35146276536591,09:45:46.276,30.9300,100
35146276536591,09:45:46.276,30.9300,100
35158102044489,09:45:58.102,30.9300,100
35162891143891,09:46:02.891,30.9400,1
35162892008735,09:46:02.892,30.9400,13
35162892008735,09:46:02.892,30.9400,100
35162892008735,09:46:02.892,30.9400,100
35181232406075,09:46:21.232,30.9300,100
35181232406075,09:46:21.232,30.9300,37
35181232979518,09:46:21.232,30.9300,63
35191279375979,09:46:31.279,30.8800,100
35191371566092,09:46:31.371,30.8800,100
35191371566092,09:46:31.371,30.8800,200
35191371566092,09:46:31.371,30.8800,2
35191371566092,09:46:31.371,30.8800,33
35191371670233,09:46:31.371,30.8800,33
35193510628626,09:46:33.510,30.8900,100
35193510628626,09:46:33.510,30.8900,100
35193510628626,09:46:33.510,30.8900,100
35193510628626,09:46:33.510,30.8900,100
35193568282279,09:46:33.568,30.8900,100
35193568282279,09:46:33.568,30.8900,100
35194041219560,09:46:34.041,30.8800,83
35194041243555,09:46:34.041,30.8800,17
35194041243555,09:46:34.041,30.8800,100
35206280750757,09:46:46.280,30.8800,100
35206280750757,09:46:46.280,30.8800,100
35224242789583,09:47:04.242,30.8400,100
35224242789583,09:47:04.242,30.8400,100
35224242789583,09:47:04.242,30.8400,144
35224242994468,09:47:04.242,30.8400,100
35224242994468,09:47:04.242,30.8400,100
35224242994468,09:47:04.242,30.8400,100
35224247371055,09:47:04.247,30.8400,100
35224247378955,09:47:04.247,30.8400,100
35224247728879,09:47:04.247,30.8400,100
35224251183970,09:47:04.251,30.8400,100
35224260260209,09:47:04.260,30.8200,700
35224260260209,09:47:04.260,30.8200,100
35224260260209,09:47:04.260,30.8200,900
35224261449314,09:47:04.261,30.8300,40
35224271930300,09:47:04.271,30.8300,100
35224271930300,09:47:04.271,30.8300,100
35224271930300,09:47:04.271,30.8300,100
35224271930300,09:47:04.271,30.8300,65
35224275534533,09:47:04.275,30.8200,500
35224275534533,09:47:04.275,30.8200,200
35224275534533,09:47:04.275,30.8200,100
35224275534533,09:47:04.275,30.8200,900
35224280644047,09:47:04.280,30.8200,100
35224280684754,09:47:04.280,30.8200,100
35224280763171,09:47:04.280,30.8200,200
35224280763171,09:47:04.280,30.8100,100
35224280763171,09:47:04.280,30.8100,100
35224280763171,09:47:04.280,30.8100,100
35224280763171,09:47:04.280,30.8100,100
35224280763171,09:47:04.280,30.8100,100
35224280763171,09:47:04.280,30.8100,500
35224294156127,09:47:04.294,30.8200,100
35224294156127,09:47:04.294,30.8200,100
35224301656110,09:47:04.301,30.8100,100
35224301656110,09:47:04.301,30.8100,900
35224301656110,09:47:04.301,30.8100,100
35224306562963,09:47:04.306,30.8000,100
35224306562963,09:47:04.306,30.8000,100
35224306562963,09:47:04.306,30.8000,100
35224313708590,09:47:04.313,30.8000,100
35224313708590,09:47:04.313,30.8000,100
35224313708590,09:47:04.313,30.8000,200
35224313708590,09:47:04.313,30.8000,100
35224325803932,09:47:04.325,30.8000,100
35224730015053,09:47:04.730,30.8000,13
35225003140783,09:47:05.003,30.7900,100
35225003140783,09:47:05.003,30.7900,6
35225003140783,09:47:05.003,30.7900,100
35225940149878,09:47:05.940,30.7900,6
35225940182451,09:47:05.940,30.7900,94
35225940182451,09:47:05.940,30.7900,100
35225940916884,09:47:05.940,30.8000,6
35225942584637,09:47:05.942,30.8000,194
35225971337197,09:47:05.971,30.8100,200
35225971337197,09:47:05.971,30.8100,162
35225971363847,09:47:05.971,30.8100,138
35225971560767,09:47:05.971,30.8100,100
35225971560767,09:47:05.971,30.8100,100
35225971567963,09:47:05.971,30.8100,100
35225971567963,09:47:05.971,30.8100,100
35228096239791,09:47:08.096,30.8100,400
35228096239791,09:47:08.096,30.8100,100
35228096354285,09:47:08.096,30.8100,200
35228096524908,09:47:08.096,30.8100,100
35228102018591,09:47:08.102,30.8200,100
35228102018591,09:47:08.102,30.8200,400
35228102749919,09:47:08.102,30.8200,100
35228102807623,09:47:08.102,30.8200,100
35263896507005,09:47:43.896,30.8300,100
35263896563666,09:47:43.896,30.8200,100
35263896591466,09:47:43.896,30.8100,100
35290636052779,09:48:10.636,30.8100,50
35304162791925,09:48:24.162,30.7700,100
35330646655976,09:48:50.646,30.7700,100
35330985698851,09:48:50.985,30.7700,90
35346563764412,09:49:06.563,30.7800,100
35346563764412,09:49:06.563,30.7800,97
35346563791296,09:49:06.563,30.7800,203
35346563794916,09:49:06.563,30.7800,100
35348566675600,09:49:08.566,30.7850,403
35350629508746,09:49:10.629,30.7850,400
35350630822763,09:49:10.630,30.7800,100
35352689827219,09:49:12.689,30.7800,300
35367499891878,09:49:27.499,30.7800,100
35379190485669,09:49:39.190,30.7800,39
35385107719193,09:49:45.107,30.7800,200
35385108267287,09:49:45.108,30.7800,200
35385108269008,09:49:45.108,30.7800,200
35385108397923,09:49:45.108,30.7800,197
35385108397923,09:49:45.108,30.7700,3
35389256721179,09:49:49.256,30.7800,100
35398286958821,09:49:58.286,30.7700,100
35413719061384,09:50:13.719,30.7900,100
35413719092604,09:50:13.719,30.7900,500
35413719100223,09:50:13.719,30.7900,300
35413719100223,09:50:13.719,30.7900,200
35413719106507,09:50:13.719,30.7900,300
35413719847495,09:50:13.719,30.8000,100
35413719875653,09:50:13.719,30.8000,100
35413719915197,09:50:13.719,30.8000,100
35413719949543,09:50:13.719,30.8000,100
35413719952342,09:50:13.719,30.7950,200
35413720325894,09:50:13.720,30.8000,100
35420188875975,09:50:20.188,30.7900,100
35423345285363,09:50:23.345,30.7900,100
35423602992964,09:50:23.602,30.8000,100
35423603104315,09:50:23.603,30.8000,100
35423603107445,09:50:23.603,30.8000,100
35423603367565,09:50:23.603,30.8000,100
35423603377447,09:50:23.603,30.8000,100
35423603607628,09:50:23.603,30.8000,100
35423603607628,09:50:23.603,30.8000,100
35435442233804,09:50:35.442,30.8000,100
35435442886292,09:50:35.442,30.8000,200
35435442886292,09:50:35.442,30.8000,3
35449679775466,09:50:49.679,30.7900,100
35449679775466,09:50:49.679,30.7900,26
35449679811661,09:50:49.679,30.7900,74
35449679811661,09:50:49.679,30.7900,100
35449679885237,09:50:49.679,30.7900,48
35449679885237,09:50:49.679,30.7900,100
35449679885237,09:50:49.679,30.7900,100
35449680553704,09:50:49.680,30.8000,100
35449680553704,09:50:49.680,30.8000,200
35449680553704,09:50:49.680,30.8000,177
35449703163356,09:50:49.703,30.8000,100
35450764385150,09:50:50.764,30.8100,500
35450764385150,09:50:50.764,30.8100,200
35450766373335,09:50:50.766,30.8300,100
35450766373335,09:50:50.766,30.8300,48
35450772383750,09:50:50.772,30.8300,52
35450773101689,09:50:50.773,30.8400,100
35450773580308,09:50:50.773,30.8400,28
35451911187527,09:50:51.911,30.8500,28
35457305608164,09:50:57.305,30.8200,100
35457912180498,09:50:57.912,30.8200,100
35461065886088,09:51:01.065,30.8200,100
35461075719730,09:51:01.075,30.8200,100
35461075719730,09:51:01.075,30.8200,100
35483425214862,09:51:23.425,30.8000,100
35488920679600,09:51:28.920,30.8000,200
35492911312418,09:51:32.911,30.7600,100
35492914345437,09:51:32.914,30.7600,100
35492914376325,09:51:32.914,30.7600,100
35492914376325,09:51:32.914,30.7600,100
35492914376325,09:51:32.914,30.7600,100
35492914526679,09:51:32.914,30.7600,100
35493189896174,09:51:33.189,30.7700,200
35493189896174,09:51:33.189,30.7700,100
35493189896174,09:51:33.189,30.7700,100
35493190202601,09:51:33.190,30.7700,200
35518102426717,09:51:58.102,30.7550,400
35533205128375,09:52:13.205,30.7550,200
35533205310139,09:52:13.205,30.7550,203
35533205310715,09:52:13.205,30.7550,203
35534328317262,09:52:14.328,30.7550,203
35540275478895,09:52:20.275,30.7550,200
35540275800503,09:52:20.275,30.7550,203
35540889580435,09:52:20.889,30.7550,203
35544368121743,09:52:24.368,30.7550,203
35544369304345,09:52:24.369,30.7550,203
35544369418155,09:52:24.369,30.7550,188
35544369418155,09:52:24.369,30.7500,15
35544369452653,09:52:24.369,30.7550,200
35544369452653,09:52:24.369,30.7500,3
35544369521052,09:52:24.369,30.7500,57
35544369521052,09:52:24.369,30.7500,25
35544369521052,09:52:24.369,30.7500,100
35544369521052,09:52:24.369,30.7500,3
35544370071471,09:52:24.370,30.7400,100
35544370373725,09:52:24.370,30.7500,100
35558977931856,09:52:38.977,30.6850,1400
35558977931856,09:52:38.977,30.6700,300
35558977931856,09:52:38.977,30.6700,100
35558982652479,09:52:38.982,30.6750,609
35558982831245,09:52:38.982,30.6750,400
35573632088805,09:52:53.632,30.6800,170
35573632113194,09:52:53.632,30.6800,330
35573632113194,09:52:53.632,30.6800,200
35573632114720,09:52:53.632,30.6800,100
35573632114720,09:52:53.632,30.6800,100
35573632906407,09:52:53.632,30.6900,388
35573632939908,09:52:53.632,30.6900,53
35573632947251,09:52:53.632,30.6900,59
35573632947251,09:52:53.632,30.6900,53
35573633047429,09:52:53.633,30.6900,47
35575461167038,09:52:55.461,30.7000,200
35580870672514,09:53:00.870,30.6800,100
35580870676141,09:53:00.870,30.7000,250
35580871076907,09:53:00.871,30.6900,200
35581318611196,09:53:01.318,30.6700,100
35581319775709,09:53:01.319,30.6750,200
35639041357184,09:53:59.041,30.6800,100
35639041357184,09:53:59.041,30.6800,100
35639041357184,09:53:59.041,30.6800,100
35644001283810,09:54:04.001,30.6900,400
35644001283810,09:54:04.001,30.6900,6
35644001283810,09:54:04.001,30.6900,10
35644001283810,09:54:04.001,30.6900,177
35644001748302,09:54:04.001,30.6900,200
35644001748302,09:54:04.001,30.6900,100
35644005702712,09:54:04.005,30.7000,200
35668225861430,09:54:28.225,30.7300,400
35668225868163,09:54:28.225,30.7300,400
35668558712757,09:54:28.558,30.7250,400
35669034300846,09:54:29.034,30.7300,100
35669235781105,09:54:29.235,30.7300,100
35669235781105,09:54:29.235,30.7300,100
35669235873847,09:54:29.235,30.7300,100
35669235873847,09:54:29.235,30.7300,100
35669235894515,09:54:29.235,30.7300,100
35681402454253,09:54:41.402,30.7350,200
35682324227631,09:54:42.324,30.7350,1100
35682324402490,09:54:42.324,30.7300,200
35682326168326,09:54:42.326,30.7200,100
35682548665751,09:54:42.548,30.7300,100
35682548665751,09:54:42.548,30.7300,100
35682548707190,09:54:42.548,30.7400,200
35682548707190,09:54:42.548,30.7400,300
35682754797601,09:54:42.754,30.7300,100
35682754797601,09:54:42.754,30.7300,100
35682756779146,09:54:42.756,30.7200,200
35682758336490,09:54:42.758,30.7200,100
35682758363734,09:54:42.758,30.7200,100
35683429607635,09:54:43.429,30.7200,200
35683429607635,09:54:43.429,30.7200,200
35683429607635,09:54:43.429,30.7200,100
35683913442697,09:54:43.913,30.7100,200
35684105242528,09:54:44.105,30.7000,200
35707344463244,09:55:07.344,30.6800,200
35707344536108,09:55:07.344,30.6800,100
35707346654558,09:55:07.346,30.6800,100
35707905706202,09:55:07.905,30.6800,200
35707911382690,09:55:07.911,30.6800,200
35707925905423,09:55:07.925,30.6800,100
35707985415743,09:55:07.985,30.6800,200
35707985415743,09:55:07.985,30.6800,100
35708624316176,09:55:08.624,30.6700,100
35725713168021,09:55:25.713,30.6500,100
35725713324825,09:55:25.713,30.6500,100
35725713324825,09:55:25.713,30.6500,100
35725850879890,09:55:25.850,30.6650,300
35726545197685,09:55:26.545,30.6750,300
35734142952704,09:55:34.142,30.6750,200
35739044789813,09:55:39.044,30.6750,200
35739248116957,09:55:39.248,30.6750,300
35739248116957,09:55:39.248,30.6750,200
35753012724519,09:55:53.012,30.6750,200
35753012936988,09:55:53.012,30.6750,200
35753286262109,09:55:53.286,30.6700,100
35753286320864,09:55:53.286,30.6700,100
35753287986790,09:55:53.287,30.6700,100
35753921510172,09:55:53.921,30.6650,300
35759957758393,09:55:59.957,30.6750,200
35764312947149,09:56:04.312,30.6750,300
35765470185083,09:56:05.470,30.6800,35
35774103950630,09:56:14.103,30.6750,400
35786798310257,09:56:26.798,30.6700,67
35790577117025,09:56:30.577,30.6800,165
35790577117025,09:56:30.577,30.6800,300
35790577117025,09:56:30.577,30.6800,31
35790577117025,09:56:30.577,30.6800,300
35790577120966,09:56:30.577,30.6800,200
35790577225828,09:56:30.577,30.6800,300
35790577332098,09:56:30.577,30.6800,27
35790577358126,09:56:30.577,30.6800,173
35790577835969,09:56:30.577,30.6900,200
35790577909323,09:56:30.577,30.6900,100
35790578105327,09:56:30.578,30.6900,100
35795981594716,09:56:35.981,30.6850,233
35795981597343,09:56:35.981,30.6850,167
35795981597343,09:56:35.981,30.6800,66
35796513529277,09:56:36.513,30.6850,200
35797649866464,09:56:37.649,30.6800,20
35797652161515,09:56:37.652,30.6850,200
35797652634073,09:56:37.652,30.6850,247
35797652638283,09:56:37.652,30.6850,247
35797653929272,09:56:37.653,30.6800,47
35797653929272,09:56:37.653,30.6800,100
35797653929272,09:56:37.653,30.6800,100
35800064483172,09:56:40.064,30.6700,100
35800066974471,09:56:40.066,30.6600,100
35800772575633,09:56:40.772,30.6550,200
35801684991705,09:56:41.684,30.6550,300
35805299492720,09:56:45.299,30.6550,300
35805299495370,09:56:45.299,30.6500,100
35805299528386,09:56:45.299,30.6550,300
35805299540375,09:56:45.299,30.6550,100
35805299540375,09:56:45.299,30.6500,100
35805299540375,09:56:45.299,30.6500,8
35805742937693,09:56:45.742,30.6550,300
35810917166426,09:56:50.917,30.6500,92
35810917166426,09:56:50.917,30.6500,8
35810917193468,09:56:50.917,30.6500,92
35810919083236,09:56:50.919,30.6500,100
35810919083236,09:56:50.919,30.6500,100
35813282163447,09:56:53.282,30.6500,100
35814971928726,09:56:54.971,30.6500,100
35819941753387,09:56:59.941,30.6100,4
35855863901062,09:57:35.863,30.6000,100
35855863919056,09:57:35.863,30.6000,100
35856322986370,09:57:36.322,30.5900,100
35856323012585,09:57:36.323,30.5900,100
35856323178037,09:57:36.323,30.5900,200
35856801615235,09:57:36.801,30.5900,200
35868357517339,09:57:48.357,30.5500,100
35868359197207,09:57:48.359,30.5500,100
35868359197207,09:57:48.359,30.5500,100
35868359197207,09:57:48.359,30.5500,300
35868372398298,09:57:48.372,30.5500,133
35871301410105,09:57:51.301,30.5550,200
35871479652244,09:57:51.479,30.5550,600
35871479696119,09:57:51.479,30.5550,200
35881713287660,09:58:01.713,30.5550,200
35890265490703,09:58:10.265,30.5500,100
35890265520528,09:58:10.265,30.5500,100
35893975975718,09:58:13.975,30.5500,3
35893975975718,09:58:13.975,30.5500,100
35893976002057,09:58:13.976,30.5500,103
35893976011991,09:58:13.976,30.5500,103
35893976016347,09:58:13.976,30.5500,102
35893976023503,09:58:13.976,30.5500,92
35893976023503,09:58:13.976,30.5600,108
35893976397925,09:58:13.976,30.5600,92
35893976397925,09:58:13.976,30.5600,200
35893976397925,09:58:13.976,30.5600,100
35893976397925,09:58:13.976,30.5600,100
35893976399135,09:58:13.976,30.5600,492
35893976436387,09:58:13.976,30.5600,492
35893976770328,09:58:13.976,30.5600,100
35893976935127,09:58:13.976,30.5600,716
35893977034159,09:58:13.977,30.5600,100
35893977034159,09:58:13.977,30.5600,100
35893977105904,09:58:13.977,30.5600,100
35895980490603,09:58:15.980,30.5650,300
35895980566137,09:58:15.980,30.5650,184
35895980566137,09:58:15.980,30.5600,116
35895980568361,09:58:15.980,30.5650,300
35895982036534,09:58:15.982,30.5600,84
35895982036534,09:58:15.982,30.5600,100
35919443936798,09:58:39.443,30.5600,200
35931445183041,09:58:51.445,30.5500,100
35931445999716,09:58:51.445,30.5500,416
35931446000377,09:58:51.446,30.5500,684
35931446000377,09:58:51.446,30.5500,100
35936466480423,09:58:56.466,30.5400,100
35936466480423,09:58:56.466,30.5400,1
35936466509992,09:58:56.466,30.5400,99
35936466509992,09:58:56.466,30.5400,100
35958451073041,09:59:18.451,30.5400,85
35969800707303,09:59:29.800,30.5350,400
35969800966893,09:59:29.800,30.5350,400
35969805023894,09:59:29.805,30.5350,400
35969806197758,09:59:29.806,30.5300,200
35969806197758,09:59:29.806,30.5300,100
35969806197758,09:59:29.806,30.5300,100
35969832469398,09:59:29.832,30.5300,100
35993044660085,09:59:53.044,30.5100,100
35993044686143,09:59:53.044,30.5100,100
35993044690836,09:59:53.044,30.5100,100
35993048058990,09:59:53.048,30.5050,200
35993157242260,09:59:53.157,30.5050,200
36020624992217,10:00:20.624,30.5100,177
36020624992217,10:00:20.624,30.5100,15
36020624992217,10:00:20.624,30.5100,20
36020624992217,10:00:20.624,30.5100,200
36020624992217,10:00:20.624,30.5100,138
36020624996851,10:00:20.624,30.5100,62
36020625024331,10:00:20.625,30.5100,62
36020625136377,10:00:20.625,30.5100,43
36020625557843,10:00:20.625,30.5100,57
36020625557843,10:00:20.625,30.5100,238
36020626180905,10:00:20.626,30.5100,100
36020691703941,10:00:20.691,30.5100,100
36021129872793,10:00:21.129,30.5200,100
36034608381457,10:00:34.608,30.5200,100
36034608381457,10:00:34.608,30.5200,98
36034608692054,10:00:34.608,30.5200,2
36034608692054,10:00:34.608,30.5200,100
36034608692054,10:00:34.608,30.5200,600
36034608692054,10:00:34.608,30.5200,300
36034608720338,10:00:34.608,30.5200,100
36034608720338,10:00:34.608,30.5200,200
36034621143270,10:00:34.621,30.5400,100
36034621143270,10:00:34.621,30.5400,100
36047132644920,10:00:47.132,30.5500,70
36047132875664,10:00:47.132,30.5500,130
36047132875664,10:00:47.132,30.5500,300
36047132875664,10:00:47.132,30.5500,200
36047132877236,10:00:47.132,30.5500,100
36047133439983,10:00:47.133,30.5600,100
36047133439983,10:00:47.133,30.5600,100
36047140855324,10:00:47.140,30.5700,100
36047140855324,10:00:47.140,30.5700,100
36049081537311,10:00:49.081,30.5700,200
36049081537311,10:00:49.081,30.5700,100
36049081543658,10:00:49.081,30.5600,100
36049081543658,10:00:49.081,30.5600,50
36049081546798,10:00:49.081,30.5700,200
36049081547424,10:00:49.081,30.5600,50
36049081814011,10:00:49.081,30.5600,100
36049580175095,10:00:49.580,30.5600,100
36049580175095,10:00:49.580,30.5600,100
36050137361977,10:00:50.137,30.5550,200
36053290078077,10:00:53.290,30.5600,100
36053290078077,10:00:53.290,30.5600,100
36053290078077,10:00:53.290,30.5600,100
36058996217790,10:00:58.996,30.5600,100
36058996818545,10:00:58.996,30.5600,100
36091417409503,10:01:31.417,30.5700,100
36091417409503,10:01:31.417,30.5700,100
36091417409503,10:01:31.417,30.5700,100
36091417409503,10:01:31.417,30.5700,200
36091417527285,10:01:31.417,30.5700,100
36091417562905,10:01:31.417,30.5700,100
36091417743360,10:01:31.417,30.5700,100
36091417789586,10:01:31.417,30.5700,200
36091417789586,10:01:31.417,30.5700,189
36091417927609,10:01:31.417,30.5700,11
36091424757174,10:01:31.424,30.5800,100
36095858466468,10:01:35.858,30.5800,100
36095858510368,10:01:35.858,30.5800,11
36096515006590,10:01:36.515,30.6000,200
36096515006590,10:01:36.515,30.6000,86
36096529708856,10:01:36.529,30.6000,100
36096543568865,10:01:36.543,30.6000,32
36116597325757,10:01:56.597,30.5900,200
36116599277402,10:01:56.599,30.5900,100
36116603089662,10:01:56.603,30.6000,100
36116603167685,10:01:56.603,30.6000,100
36116603167685,10:01:56.603,30.6000,200
36116611942488,10:01:56.611,30.6000,100
36134312998566,10:02:14.312,30.6050,200
36134313050239,10:02:14.313,30.6000,16
36134313076232,10:02:14.313,30.6000,84
36134313076232,10:02:14.313,30.6000,100
36134313223190,10:02:14.313,30.6000,200
36134316638693,10:02:14.316,30.6000,100
36134316638693,10:02:14.316,30.6000,100
36142619938087,10:02:22.619,30.6100,190
36143668933109,10:02:23.668,30.6100,10
36143668933109,10:02:23.668,30.6100,176
36143668993213,10:02:23.668,30.6100,124
36143669235923,10:02:23.669,30.6100,300
36143669664633,10:02:23.669,30.6200,2
36143669719526,10:02:23.669,30.6200,2
36147454773108,10:02:27.454,30.6300,200
36147826889483,10:02:27.826,30.6300,1
36152744108680,10:02:32.744,30.6200,200
36152744169592,10:02:32.744,30.6100,100
36152744481196,10:02:32.744,30.6100,100
36155011130829,10:02:35.011,30.6050,280
36155011277511,10:02:35.011,30.6050,280
36160392863841,10:02:40.392,30.6000,100
36160392863841,10:02:40.392,30.6000,33
36160393064494,10:02:40.393,30.6000,200
36160598693222,10:02:40.598,30.5950,200
36160598693886,10:02:40.598,30.5950,200
36160598714407,10:02:40.598,30.5950,200
36160599609949,10:02:40.599,30.5900,200
36162062915451,10:02:42.062,30.5700,200
36162518050541,10:02:42.518,30.5700,100
36166675849839,10:02:46.675,30.5650,600
36166690540625,10:02:46.690,30.5650,463
36166691748645,10:02:46.691,30.5650,37
36166691748645,10:02:46.691,30.5600,263
36166704980791,10:02:46.704,30.5600,55
36166705256783,10:02:46.705,30.5600,45
36167671741596,10:02:47.671,30.5550,400
36167671773927,10:02:47.671,30.5550,400
36167671783608,10:02:47.671,30.5550,100
36167671783608,10:02:47.671,30.5500,300
36167672030054,10:02:47.672,30.5500,100
36168621554680,10:02:48.621,30.5500,100
36168621688079,10:02:48.621,30.5500,8
36176284348975,10:02:56.284,30.5600,100
36184777964977,10:03:04.777,30.5400,100
36187622671999,10:03:07.622,30.5400,100
36189647258569,10:03:09.647,30.5400,100
36190240154175,10:03:10.240,30.5400,100
36190240154175,10:03:10.240,30.5400,11
36190240164364,10:03:10.240,30.5500,7
36191443504910,10:03:11.443,30.5500,193
36191443504910,10:03:11.443,30.5500,300
36191443504910,10:03:11.443,30.5500,63
36191443535816,10:03:11.443,30.5500,37
36191443586775,10:03:11.443,30.5500,37
36191444166624,10:03:11.444,30.5500,263
36191444280913,10:03:11.444,30.5500,100
36191444420320,10:03:11.444,30.5500,200
36191475708285,10:03:11.475,30.5550,900
36192189396992,10:03:12.189,30.5500,100
36233682796753,10:03:53.682,30.5550,400
36233683002879,10:03:53.683,30.5550,202
36242644680300,10:04:02.644,30.5600,200
36242644680300,10:04:02.644,30.5600,100
36242644680300,10:04:02.644,30.5600,7
36242644680300,10:04:02.644,30.5600,2
36242644680300,10:04:02.644,30.5600,191
36242644715316,10:04:02.644,30.5600,9
36242644715316,10:04:02.644,30.5600,300
36242644722891,10:04:02.644,30.5600,294
36242644724428,10:04:02.644,30.5600,306
36243146086265,10:04:03.146,30.5800,200
36256188027211,10:04:16.188,30.5800,14
36256188059041,10:04:16.188,30.5850,286
36256188347861,10:04:16.188,30.5850,286
36256188878818,10:04:16.188,30.5800,86
36256188878818,10:04:16.188,30.5800,14
36256189579892,10:04:16.189,30.5800,86
36256189579892,10:04:16.189,30.5800,100
36259673001215,10:04:19.673,30.5700,100
36259674503264,10:04:19.674,30.5700,100
36259676174151,10:04:19.676,30.5700,100
36260081650926,10:04:20.081,30.5600,7
36262107148331,10:04:22.107,30.5600,100
36262116453569,10:04:22.116,30.5600,200
36276833460216,10:04:36.833,30.5600,100
36276834072425,10:04:36.834,30.5650,200
36276834342300,10:04:36.834,30.5600,15
36276851038004,10:04:36.851,30.5600,16
36304251893057,10:05:04.251,30.5700,100
36304251952549,10:05:04.251,30.5700,300
36304251952549,10:05:04.251,30.5700,23
36304251987369,10:05:04.251,30.5700,148
36304251989140,10:05:04.251,30.5700,323
36304252259058,10:05:04.252,30.5700,129
36304252259058,10:05:04.252,30.5700,100
36304252260544,10:05:04.252,30.5700,100
36312476629806,10:05:12.476,30.5750,369
36312476660589,10:05:12.476,30.5750,369
36312476754910,10:05:12.476,30.5750,362
36312476754910,10:05:12.476,30.5700,7
36312477311005,10:05:12.477,30.5700,100
36312477911259,10:05:12.477,30.5700,62
36312477911259,10:05:12.477,30.5700,200
36312478055660,10:05:12.478,30.5700,100
36312483106389,10:05:12.483,30.5700,100
36327918627825,10:05:27.918,30.5700,200
36333379164374,10:05:33.379,30.5700,100
36333379184378,10:05:33.379,30.5700,100
36333379194465,10:05:33.379,30.5700,100
36339329845948,10:05:39.329,30.5700,2
36339330138888,10:05:39.330,30.5700,98
36339330138888,10:05:39.330,30.5700,300
36339330141293,10:05:39.330,30.5700,200
36344308804247,10:05:44.308,30.5700,100
36364091560445,10:06:04.091,30.5750,200
36364091658551,10:06:04.091,30.5750,200
36364091865734,10:06:04.091,30.5750,200
36365562331736,10:06:05.562,30.5700,100
36365562362147,10:06:05.562,30.5700,100
36365562505523,10:06:05.562,30.5700,100
36399942149656,10:06:39.942,30.5600,100
36399942205375,10:06:39.942,30.5600,100
36399942274747,10:06:39.942,30.5600,50
36399942274747,10:06:39.942,30.5600,50
36399942678986,10:06:39.942,30.5650,350
36405498355374,10:06:45.498,30.5650,250
36405578360916,10:06:45.578,30.5600,100
36406613501566,10:06:46.613,30.5600,50
36406613501566,10:06:46.613,30.5600,100
36406613580652,10:06:46.613,30.5600,100
36406613680462,10:06:46.613,30.5600,100
36406613897269,10:06:46.613,30.5550,200
36406613897269,10:06:46.613,30.5550,200
36406614311304,10:06:46.614,30.5550,350
36406614311304,10:06:46.614,30.5500,50
36406918692406,10:06:46.918,30.5550,300
36409565258237,10:06:49.565,30.5550,300
36420779446136,10:07:00.779,30.5500,100
36421691045498,10:07:01.691,30.5550,300
36437913771595,10:07:17.913,30.5550,300
36444711800970,10:07:24.711,30.5550,400
36444920232946,10:07:24.920,30.5500,100
36446163380088,10:07:26.163,30.5500,100
36446254042090,10:07:26.254,30.5500,100
36446254042090,10:07:26.254,30.5500,56
36446254093044,10:07:26.254,30.5500,44
36452987194683,10:07:32.987,30.5450,200
36453487240169,10:07:33.487,30.5450,200
36459221069878,10:07:39.221,30.5500,4
36460205514686,10:07:40.205,30.5450,200
36466686158650,10:07:46.686,30.5450,200
36473815426401,10:07:53.815,30.5450,200
36478064724722,10:07:58.064,30.5400,100
36478064750997,10:07:58.064,30.5400,100
36478064854763,10:07:58.064,30.5300,100
36478316778941,10:07:58.316,30.5350,200
36487368596827,10:08:07.368,30.5350,500
36488795059775,10:08:08.795,30.5400,100
36488795059775,10:08:08.795,30.5400,173
36488795059775,10:08:08.795,30.5400,100
36488795059775,10:08:08.795,30.5400,200
36488795059775,10:08:08.795,30.5400,900
36488795059775,10:08:08.795,30.5400,100
36488795294558,10:08:08.795,30.5400,200
36488795294558,10:08:08.795,30.5400,200
36488795303725,10:08:08.795,30.5400,200
36488795303725,10:08:08.795,30.5400,200
36489714725766,10:08:09.714,30.5500,400
36489714725766,10:08:09.714,30.5500,106
36489714879107,10:08:09.714,30.5500,94
36489714879107,10:08:09.714,30.5500,6
36489714905706,10:08:09.714,30.5500,94
36490018366552,10:08:10.018,30.5500,500
36490018366552,10:08:10.018,30.5500,100
36490018366552,10:08:10.018,30.5500,200
36490049235837,10:08:10.049,30.5400,200
36493550815633,10:08:13.550,30.5100,100
36493551310328,10:08:13.551,30.5100,72
36493551878101,10:08:13.551,30.5100,3
36493807651097,10:08:13.807,30.5100,25
36493807651097,10:08:13.807,30.5100,100
36496980611042,10:08:16.980,30.5150,200
36513389639512,10:08:33.389,30.5150,200
36516234112661,10:08:36.234,30.5100,100
36516234141310,10:08:36.234,30.5150,200
36516234190226,10:08:36.234,30.5150,200
36516234491933,10:08:36.234,30.5150,200
36516234837526,10:08:36.234,30.5100,100
36516234837526,10:08:36.234,30.5100,100
36516234837526,10:08:36.234,30.5100,200
36541627352908,10:09:01.627,30.5050,200
36541627352908,10:09:01.627,30.5000,100
36541627381044,10:09:01.627,30.5050,200
36541627551735,10:09:01.627,30.5050,200
36541627792302,10:09:01.627,30.5050,200
36541627809663,10:09:01.627,30.5050,200
36541627818498,10:09:01.627,30.5000,100
36541627859424,10:09:01.627,30.5000,100
36541627859424,10:09:01.627,30.5000,100
36541919018078,10:09:01.919,30.4900,100
36541919220753,10:09:01.919,30.4900,800
36543643300623,10:09:03.643,30.4900,100
36543643440458,10:09:03.643,30.4900,900
36543643468013,10:09:03.643,30.4900,100
36543643468013,10:09:03.643,30.4900,100
36543643496575,10:09:03.643,30.4900,100
36543643496575,10:09:03.643,30.4900,100
36543643496575,10:09:03.643,30.4900,200
36543643496575,10:09:03.643,30.4900,100
36544902854681,10:09:04.902,30.4900,200
36560108013797,10:09:20.108,30.4800,170
36572481696816,10:09:32.481,30.4900,100
36572481696816,10:09:32.481,30.4900,100
36572481696816,10:09:32.481,30.4900,34
36572482001624,10:09:32.482,30.4900,66
36572482001624,10:09:32.482,30.4900,400
36572482001624,10:09:32.482,30.4900,100
36572482005305,10:09:32.482,30.4900,100
36572482005305,10:09:32.482,30.4900,200
36572486330432,10:09:32.486,30.5000,300
36572565477404,10:09:32.565,30.5000,100
36572565527777,10:09:32.565,30.5000,62
36574918682334,10:09:34.918,30.5000,300
36574918682334,10:09:34.918,30.5000,100
36589102860107,10:09:49.102,30.5000,100
36589102860107,10:09:49.102,30.5000,200
36589112094294,10:09:49.112,30.5100,100
36589112094294,10:09:49.112,30.5100,100
36589664011026,10:09:49.664,30.5200,100
36615119675470,10:10:15.119,30.5150,200
36615119705293,10:10:15.119,30.5150,200
36615119783872,10:10:15.119,30.5150,200
36615119788981,10:10:15.119,30.5150,200
36615120080989,10:10:15.120,30.5150,100
36615120080989,10:10:15.120,30.5100,2
36615120105591,10:10:15.120,30.5100,98
36615120105591,10:10:15.120,30.5100,100
36615121653544,10:10:15.121,30.5100,100
36615121707399,10:10:15.121,30.5100,100
36630528692893,10:10:30.528,30.4900,100
36630528698320,10:10:30.528,30.4900,100
36631561475070,10:10:31.561,30.4900,100
36631561502119,10:10:31.561,30.4900,100
36633086085846,10:10:33.086,30.4900,100
36633086085846,10:10:33.086,30.4900,5
36633086085846,10:10:33.086,30.4900,200
36645551044004,10:10:45.551,30.5000,300
36645551487121,10:10:45.551,30.5000,300
36645551527512,10:10:45.551,30.5000,2
36645551633086,10:10:45.551,30.5000,100
36645551633086,10:10:45.551,30.5000,100
36645551633086,10:10:45.551,30.5000,98
36645551633086,10:10:45.551,30.5000,98
36650303264588,10:10:50.303,30.5050,900
36650303264588,10:10:50.303,30.5000,200
36650303264588,10:10:50.303,30.5000,100
36650304780012,10:10:50.304,30.5000,100
36650305294549,10:10:50.305,30.4900,200
36650305294549,10:10:50.305,30.4900,200
36650305294549,10:10:50.305,30.4900,600
36650305673176,10:10:50.305,30.4900,200
36650312207397,10:10:50.312,30.4800,500
36651381734464,10:10:51.381,30.4900,100
36654003683173,10:10:54.003,30.4900,100
36654004036396,10:10:54.004,30.4900,100
36654004036396,10:10:54.004,30.4900,40
36654004036396,10:10:54.004,30.4900,100
36654004068055,10:10:54.004,30.4900,240
36654004083458,10:10:54.004,30.4900,100
36654004102164,10:10:54.004,30.4900,100
36654004108752,10:10:54.004,30.4900,100
36654004226907,10:10:54.004,30.4900,60
36654004226907,10:10:54.004,30.4900,60
36670191295361,10:11:10.191,30.5000,100
36670191340251,10:11:10.191,30.5000,100
36670202114029,10:11:10.202,30.5100,100
36698537127473,10:11:38.537,30.5300,100
36698537127473,10:11:38.537,30.5300,6
36698537155384,10:11:38.537,30.5300,294
36698537157123,10:11:38.537,30.5300,100
36708689745738,10:11:48.689,30.5600,200
36708689745738,10:11:48.689,30.5600,200
36708690099226,10:11:48.690,30.5600,300
36708743834576,10:11:48.743,30.5650,800
36722235916616,10:12:02.235,30.5650,700
36722235919234,10:12:02.235,30.5650,100
36722235919234,10:12:02.235,30.5600,400
36722235919234,10:12:02.235,30.5600,200
36722235945634,10:12:02.235,30.5600,100
36733373911904,10:12:13.373,30.5550,200
36733373924475,10:12:13.373,30.5550,200
36733373948861,10:12:13.373,30.5550,200
36733374006021,10:12:13.374,30.5550,200
36733374059322,10:12:13.374,30.5500,100
36733374213201,10:12:13.374,30.5500,100
36733376825746,10:12:13.376,30.5500,100
36733728667964,10:12:13.728,30.5400,100
36733731448045,10:12:13.731,30.5400,100
36733731448045,10:12:13.731,30.5400,100
36733731848858,10:12:13.731,30.5400,77
36734985309853,10:12:14.985,30.5450,600
36760553688653,10:12:40.553,30.5500,90
36762331691967,10:12:42.331,30.5450,200
36762331756659,10:12:42.331,30.5450,200
36762332081468,10:12:42.332,30.5450,200
36762332377737,10:12:42.332,30.5450,200
36762332465510,10:12:42.332,30.5400,100
36762332666954,10:12:42.332,30.5400,100
36762343755650,10:12:42.343,30.5400,100
36762519364538,10:12:42.519,30.5350,400
36762519640308,10:12:42.519,30.5300,100
36762519670005,10:12:42.519,30.5300,100
36762581013239,10:12:42.581,30.5300,100
36763164806476,10:12:43.164,30.5350,300
36765138487072,10:12:45.138,30.5350,200
36765749014359,10:12:45.749,30.5350,200
36768300687978,10:12:48.300,30.5350,202
36774795383662,10:12:54.795,30.5350,200
36777652421439,10:12:57.652,30.5350,300
36777652805008,10:12:57.652,30.5350,300
36778023335798,10:12:58.023,30.5350,200
36778543351763,10:12:58.543,30.5350,300
36779960978676,10:12:59.960,30.5350,200
36794592956537,10:13:14.592,30.5350,200
36794884513535,10:13:14.884,30.5350,400
36809953328291,10:13:29.953,30.5300,100
36813336935259,10:13:33.336,30.5350,200
36813336935259,10:13:33.336,30.5350,300
36821052295536,10:13:41.052,30.5350,300
36821052295536,10:13:41.052,30.5300,100
36821052295536,10:13:41.052,30.5300,100
36821052295536,10:13:41.052,30.5300,100
36821056918200,10:13:41.056,30.5350,300
36821362191933,10:13:41.362,30.5300,98
36821845832887,10:13:41.845,30.5350,500
36821845832887,10:13:41.845,30.5300,2
36821845832887,10:13:41.845,30.5300,98
36824502655763,10:13:44.502,30.5350,202
36824503029700,10:13:44.503,30.5350,202
36824503070296,10:13:44.503,30.5350,202
36824848621478,10:13:44.848,30.5300,2
36824848621478,10:13:44.848,30.5300,100
36824848621478,10:13:44.848,30.5300,100
36824848760952,10:13:44.848,30.5300,100
36825019013734,10:13:45.019,30.5200,100
36825019013734,10:13:45.019,30.5200,300
36825020234225,10:13:45.020,30.5200,100
36825020234225,10:13:45.020,30.5200,100
36825020234225,10:13:45.020,30.5200,300
36825020234225,10:13:45.020,30.5200,100
36825519097767,10:13:45.519,30.5200,100
36825519097767,10:13:45.519,30.5200,100
36825811280857,10:13:45.811,30.5200,100
36825811280857,10:13:45.811,30.5200,30
36825811280857,10:13:45.811,30.5200,300
36825811280857,10:13:45.811,30.5200,100
36825811280857,10:13:45.811,30.5200,100
36835326561882,10:13:55.326,30.5250,300
36850631087223,10:14:10.631,30.5300,200
36850631087223,10:14:10.631,30.5300,300
36850631087223,10:14:10.631,30.5300,500
36850631087223,10:14:10.631,30.5300,200
36850631209169,10:14:10.631,30.5300,100
36850631209169,10:14:10.631,30.5300,500
36850631375253,10:14:10.631,30.5300,100
36850631379373,10:14:10.631,30.5300,100
36850632359743,10:14:10.632,30.5400,317
36850632797908,10:14:10.632,30.5400,83
36850632797908,10:14:10.632,30.5400,100
36851045713016,10:14:11.045,30.5500,500
36851045713016,10:14:11.045,30.5400,100
36851045713016,10:14:11.045,30.5400,100
36851734446417,10:14:11.734,30.5400,100
36853625192137,10:14:13.625,30.5450,200
36853625283381,10:14:13.625,30.5450,200
36853625283887,10:14:13.625,30.5450,200
36853785128677,10:14:13.785,30.5450,200
36853785128677,10:14:13.785,30.5400,100
36853785164449,10:14:13.785,30.5400,100
36874336474311,10:14:34.336,30.5450,200
36883102845378,10:14:43.102,30.5450,500
36883102845378,10:14:43.102,30.5400,100
36883102847232,10:14:43.102,30.5450,200
36883102847232,10:14:43.102,30.5400,200
36883102847232,10:14:43.102,30.5400,200
36883103219115,10:14:43.103,30.5400,100
36883103219115,10:14:43.103,30.5400,100
36883103219115,10:14:43.103,30.5400,102
36883104181812,10:14:43.104,30.5400,31
36883104181812,10:14:43.104,30.5400,100
36883104181812,10:14:43.104,30.5400,100
36883239924507,10:14:43.239,30.5450,1500
36883928753587,10:14:43.928,30.5400,100
36891462499852,10:14:51.462,30.5400,100
36891462546224,10:14:51.462,30.5400,100
36891462580352,10:14:51.462,30.5450,275
36891462581980,10:14:51.462,30.5400,100
36891463195756,10:14:51.463,30.5400,75
36891463195756,10:14:51.463,30.5400,100
36891464250590,10:14:51.464,30.5400,18
36891759293877,10:14:51.759,30.5400,13
36892145762776,10:14:52.145,30.5300,18
36894056088314,10:14:54.056,30.5100,100
36894198925334,10:14:54.198,30.5150,400
36901596372855,10:15:01.596,30.5050,700
36901596372855,10:15:01.596,30.5000,617
36901596400668,10:15:01.596,30.5000,1883
36901596400668,10:15:01.596,30.5000,100
36901920617754,10:15:01.920,30.4950,300
36901920617754,10:15:01.920,30.4900,200
36901921383062,10:15:01.921,30.4800,500
36901921383062,10:15:01.921,30.4800,100
36901922083548,10:15:01.922,30.4900,100
36901923415416,10:15:01.923,30.4850,500
36902647079436,10:15:02.647,30.4850,200
36902647079436,10:15:02.647,30.4800,400
36902647242294,10:15:02.647,30.4800,200
36902652168817,10:15:02.652,30.4750,700
36903920836725,10:15:03.920,30.4700,100
36903922615603,10:15:03.922,30.4700,100
36903922615603,10:15:03.922,30.4700,92
36903922615603,10:15:03.922,30.4700,8
36904225845062,10:15:04.225,30.4700,100
36904921777448,10:15:04.921,30.4700,100
36905423304474,10:15:05.423,30.4700,100
36905423421463,10:15:05.423,30.4700,100
36905924824952,10:15:05.924,30.4700,100
36909196376327,10:15:09.196,30.4700,100
36909196376327,10:15:09.196,30.4700,31
36910213858578,10:15:10.213,30.4800,4
36915764008995,10:15:15.764,30.4700,100
36920779326309,10:15:20.779,30.4800,300
36920779616759,10:15:20.779,30.4800,300
36920779627057,10:15:20.779,30.4800,300
36920779629062,10:15:20.779,30.4800,300
36920779714075,10:15:20.779,30.4800,100
36920779781328,10:15:20.779,30.4800,200
36920779781328,10:15:20.779,30.4800,200
36920779781328,10:15:20.779,30.4800,100
36920779781328,10:15:20.779,30.4800,100
36927360987800,10:15:27.360,30.4850,300
36977202695810,10:16:17.202,30.4900,100
36977202695810,10:16:17.202,30.4900,300
36977202695810,10:16:17.202,30.4900,200
36977202759887,10:16:17.202,30.4900,1
36977202759887,10:16:17.202,30.4900,141
36977202820580,10:16:17.202,30.4900,159
36977202820580,10:16:17.202,30.4900,200
36977203153546,10:16:17.203,30.4900,10
36977203218132,10:16:17.203,30.4900,100
36977203218132,10:16:17.203,30.4900,28
36977203306521,10:16:17.203,30.4900,72
36977222823233,10:16:17.222,30.5000,100
36977222823233,10:16:17.222,30.5000,100
36980224923578,10:16:20.224,30.5100,100
36980224953893,10:16:20.224,30.5100,200
36980225419403,10:16:20.225,30.5100,300
36980225419403,10:16:20.225,30.5100,100
36980227382889,10:16:20.227,30.5100,100
36988236736217,10:16:28.236,30.5150,700
36988236736217,10:16:28.236,30.5100,100
36988236736217,10:16:28.236,30.5100,86
37030075571991,10:17:10.075,30.5100,214
37030075571991,10:17:10.075,30.5100,3
37030075604371,10:17:10.075,30.5100,97
37030075604371,10:17:10.075,30.5100,200
37030075604371,10:17:10.075,30.5100,100
37030075682246,10:17:10.075,30.5100,700
37030748542394,10:17:10.748,30.5050,400
37032598952316,10:17:12.598,30.5000,100
37032598986018,10:17:12.598,30.5050,300
37032599018238,10:17:12.599,30.5050,300
37032600416431,10:17:12.600,30.5000,300
37032616330963,10:17:12.616,30.4900,100
37032616356744,10:17:12.616,30.4900,100
37032616356744,10:17:12.616,30.4900,72
37032616356744,10:17:12.616,30.4900,100
37048568126564,10:17:28.568,30.4950,500
37048569799904,10:17:28.569,30.4900,300
37048569799904,10:17:28.569,30.4900,100
37048569799904,10:17:28.569,30.4900,100
37048587255459,10:17:28.587,30.4850,200
37048665192828,10:17:28.665,30.4800,500
37048665238229,10:17:28.665,30.4800,35
37048665238229,10:17:28.665,30.4800,100
37062382956287,10:17:42.382,30.4800,80
37062531683758,10:17:42.531,30.4850,220
37062533201874,10:17:42.533,30.4850,220
37064543952116,10:17:44.543,30.4800,20
37064543952116,10:17:44.543,30.4800,74
37064544377306,10:17:44.544,30.4800,26
37064544377306,10:17:44.544,30.4800,100
37064658074810,10:17:44.658,30.4700,1000
37064658217778,10:17:44.658,30.4700,100
37064658217778,10:17:44.658,30.4700,33
37064658217778,10:17:44.658,30.4700,67
37066143000823,10:17:46.143,30.4600,100
37066143215425,10:17:46.143,30.4600,100
37067812585054,10:17:47.812,30.4600,100
37067833156970,10:17:47.833,30.4500,200
37072753205122,10:17:52.753,30.4500,300
37072753205122,10:17:52.753,30.4500,200
37072753205122,10:17:52.753,30.4500,200
37072753423000,10:17:52.753,30.4500,200
37072753423000,10:17:52.753,30.4500,100
37072753431728,10:17:52.753,30.4500,300
37072753454395,10:17:52.753,30.4500,300
37072753593877,10:17:52.753,30.4500,200
37072753593877,10:17:52.753,30.4500,100
37072753599929,10:17:52.753,30.4500,300
37072753613405,10:17:52.753,30.4500,200
37075460658337,10:17:55.460,30.4750,500
37075460755065,10:17:55.460,30.4750,100
37075460755065,10:17:55.460,30.4700,300
37075460755065,10:17:55.460,30.4700,100
37077918473251,10:17:57.918,30.4700,300
37090061753314,10:18:10.061,30.4400,100
37090062900435,10:18:10.062,30.4400,100
37090062900435,10:18:10.062,30.4400,100
37090062928590,10:18:10.062,30.4400,100
37090212977397,10:18:10.212,30.4500,100
37090212977397,10:18:10.212,30.4500,10
37090213034106,10:18:10.213,30.4500,90
37090213034106,10:18:10.213,30.4500,100
37090213034106,10:18:10.213,30.4500,100
37090213034106,10:18:10.213,30.4500,300
37090213034106,10:18:10.213,30.4500,100
37090920273735,10:18:10.920,30.4650,300
37092250231375,10:18:12.250,30.4600,100
37102625708969,10:18:22.625,30.4700,300
37102626121590,10:18:22.626,30.4700,100
37103010780539,10:18:23.010,30.4800,100
37108153352300,10:18:28.153,30.4800,100
37113284034545,10:18:33.284,30.4900,300
37144627130497,10:19:04.627,30.4900,100
37144627157383,10:19:04.627,30.4950,300
37144627173880,10:19:04.627,30.4900,100
37144627617187,10:19:04.627,30.4950,200
37144627631816,10:19:04.627,30.4950,100
37144627631816,10:19:04.627,30.4900,100
37144627730876,10:19:04.627,30.4900,100
37144627730876,10:19:04.627,30.4900,77
37144627767355,10:19:04.627,30.4900,23
37162251982483,10:19:22.251,30.4900,3
37162251982483,10:19:22.251,30.4900,1
37162251982483,10:19:22.251,30.4900,200
37162252405830,10:19:22.252,30.4900,200
37162252405830,10:19:22.252,30.4900,100
37162252410788,10:19:22.252,30.4900,100
37162252493782,10:19:22.252,30.4900,10
37184984532567,10:19:44.984,30.4900,1
37184984532567,10:19:44.984,30.4900,1
37188922714874,10:19:48.922,30.4900,200
37189754205569,10:19:49.754,30.4850,200
37203041454804,10:20:03.041,30.4900,10
37203041454804,10:20:03.041,30.4900,100
37203041454804,10:20:03.041,30.4900,100
37203041454804,10:20:03.041,30.4900,100
37203041560554,10:20:03.041,30.4900,100
37204483268384,10:20:04.483,30.5000,200
37204483268384,10:20:04.483,30.5000,100
37204483268384,10:20:04.483,30.5000,200
37204483487584,10:20:04.483,30.5000,400
37204523296330,10:20:04.523,30.5050,400
37206492403907,10:20:06.492,30.5000,100
37206492804756,10:20:06.492,30.5000,200
37207784950772,10:20:07.784,30.4900,183
37207905159924,10:20:07.905,30.4900,91
37207905225436,10:20:07.905,30.4900,9
37222825553852,10:20:22.825,30.5000,100
37222825553852,10:20:22.825,30.5000,200
37223525720955,10:20:23.525,30.5100,100
37224708086918,10:20:24.708,30.5100,100
37224708086918,10:20:24.708,30.5100,100
37224708207688,10:20:24.708,30.5100,100
37224708207688,10:20:24.708,30.5100,100
37224708207688,10:20:24.708,30.5100,100
37224708247670,10:20:24.708,30.5100,100
37224708502925,10:20:24.708,30.5100,100
37224721303117,10:20:24.721,30.5200,100
37231301251499,10:20:31.301,30.5250,400
37231324405236,10:20:31.324,30.5250,200
37231922230426,10:20:31.922,30.5200,200
37231922730113,10:20:31.922,30.5200,200
37239739208040,10:20:39.739,30.5000,100
37239739296954,10:20:39.739,30.5000,100
37240563362507,10:20:40.563,30.5000,100
37240563362507,10:20:40.563,30.5000,100
37240563842431,10:20:40.563,30.5000,100
37240563842431,10:20:40.563,30.5000,100
37245395327051,10:20:45.395,30.5100,200
37247105508588,10:20:47.105,30.5300,100
37249500733821,10:20:49.500,30.5250,200
37251370692113,10:20:51.370,30.5200,100
37251370717893,10:20:51.370,30.5200,100
37251370880047,10:20:51.370,30.5200,200
37251370880047,10:20:51.370,30.5200,100
37254290996462,10:20:54.290,30.5200,100
37254291489597,10:20:54.291,30.5200,100
37254291650525,10:20:54.291,30.5200,100
37256436143127,10:20:56.436,30.5300,100
37258159693326,10:20:58.159,30.5300,100
37258159693326,10:20:58.159,30.5300,200
37258159693326,10:20:58.159,30.5300,100
37261014118147,10:21:01.014,30.5500,300
37261045990412,10:21:01.045,30.5500,200
37261221388529,10:21:01.221,30.5400,97
37261221412723,10:21:01.221,30.5400,103
37261221412723,10:21:01.221,30.5400,100
37262467182265,10:21:02.467,30.5400,200
37262468710913,10:21:02.468,30.5300,200
37262469448073,10:21:02.469,30.5300,100
37262469448073,10:21:02.469,30.5300,100
37262469448073,10:21:02.469,30.5300,31
37262469448073,10:21:02.469,30.5300,100
37262469448073,10:21:02.469,30.5300,100
37262799714429,10:21:02.799,30.5400,100
37262799714429,10:21:02.799,30.5400,100
37262799714429,10:21:02.799,30.5400,100
37264572719178,10:21:04.572,30.5400,100
37264572749560,10:21:04.572,30.5400,100
37269977723891,10:21:09.977,30.5400,200
37270103277026,10:21:10.103,30.5350,100
37270907549813,10:21:10.907,30.5300,100
37270907590968,10:21:10.907,30.5350,200
37272495677044,10:21:12.495,30.5400,100
37272495677044,10:21:12.495,30.5400,200
37272495832747,10:21:12.495,30.5400,100
37272495832747,10:21:12.495,30.5400,100
37273505212138,10:21:13.505,30.5300,100
37273505212138,10:21:13.505,30.5300,100
37273505241229,10:21:13.505,30.5350,200
37273505714964,10:21:13.505,30.5350,100
37273505714964,10:21:13.505,30.5300,55
37273505714964,10:21:13.505,30.5300,100
37273774047417,10:21:13.774,30.5400,100
37273774047417,10:21:13.774,30.5400,100
37273774205767,10:21:13.774,30.5400,100
37273774205767,10:21:13.774,30.5400,100
37274300289251,10:21:14.300,30.5450,200
37274300455312,10:21:14.300,30.5450,300
37274301924363,10:21:14.301,30.5400,100
37274301924363,10:21:14.301,30.5400,100
37275793459752,10:21:15.793,30.5400,100
37275793459752,10:21:15.793,30.5400,100
37277245195148,10:21:17.245,30.5300,100
37277265934502,10:21:17.265,30.5400,100
37277265934502,10:21:17.265,30.5400,100
37277265934502,10:21:17.265,30.5400,100
37277265934502,10:21:17.265,30.5400,100
37277265934502,10:21:17.265,30.5400,100
37278829661358,10:21:18.829,30.5400,100
37278829661358,10:21:18.829,30.5400,100
37278829661358,10:21:18.829,30.5400,100
37278829765381,10:21:18.829,30.5400,100
37278829790087,10:21:18.829,30.5400,100
37278830204488,10:21:18.830,30.5400,2
37279863897793,10:21:19.863,30.5400,50
37279945208372,10:21:19.945,30.5400,48
37279945208372,10:21:19.945,30.5400,100
37282450020865,10:21:22.450,30.5450,200
37283155000973,10:21:23.155,30.5500,200
37283155000973,10:21:23.155,30.5500,200
37283155000973,10:21:23.155,30.5500,100
37284830009924,10:21:24.830,30.5400,50
37284977870305,10:21:24.977,30.5450,200
37284977870305,10:21:24.977,30.5400,100
37284977934954,10:21:24.977,30.5400,50
37289787839796,10:21:29.787,30.5400,100
37289788152184,10:21:29.788,30.5400,100
37289789224298,10:21:29.789,30.5200,100
37289789245476,10:21:29.789,30.5200,100
37289789246047,10:21:29.789,30.5200,18
37289789297544,10:21:29.789,30.5200,82
37297038067139,10:21:37.038,30.5100,100
37299127031022,10:21:39.127,30.5100,100
37300525149526,10:21:40.525,30.5200,200
37300525468537,10:21:40.525,30.5200,200
37300525468537,10:21:40.525,30.5200,100
37300525468537,10:21:40.525,30.5200,100
37300526013181,10:21:40.526,30.5200,100
37307630031234,10:21:47.630,30.5300,100
37310380704607,10:21:50.380,30.5350,300
37315563542090,10:21:55.563,30.5400,200
37315563573103,10:21:55.563,30.5400,300
37315563589852,10:21:55.563,30.5400,100
37321238267245,10:22:01.238,30.5550,100
37331612027511,10:22:11.612,30.5600,200
37331612027511,10:22:11.612,30.5600,150
37331612071007,10:22:11.612,30.5600,50
37331612071007,10:22:11.612,30.5600,2
37337016919511,10:22:17.016,30.5600,18
37341470176269,10:22:21.470,30.5700,200
37388532537935,10:23:08.532,30.5700,100
37388532537935,10:23:08.532,30.5700,200
37388532537935,10:23:08.532,30.5700,100
37388532833165,10:23:08.532,30.5700,100
37388532838724,10:23:08.532,30.5700,100
37388532838724,10:23:08.532,30.5700,100
37389626249550,10:23:09.626,30.5750,200
37389626249550,10:23:09.626,30.5750,200
37389626249550,10:23:09.626,30.5700,100
37391622178947,10:23:11.622,30.5750,200
37391622178947,10:23:11.622,30.5700,83
37391622192165,10:23:11.622,30.5700,99
37391622192165,10:23:11.622,30.5700,1
37391622192165,10:23:11.622,30.5700,100
37391622686315,10:23:11.622,30.5700,200
37391622686315,10:23:11.622,30.5700,100
37391622686315,10:23:11.622,30.5700,100
37392164952502,10:23:12.164,30.5700,10
37392901029807,10:23:12.901,30.5700,100
37392901086594,10:23:12.901,30.5700,90
37392902723536,10:23:12.902,30.5700,100
37392902723536,10:23:12.902,30.5700,100
37393129551965,10:23:13.129,30.5750,400
37393129551965,10:23:13.129,30.5700,200
37393553182229,10:23:13.553,30.5750,100
37393553182229,10:23:13.553,30.5800,100
37396250670321,10:23:16.250,30.5800,100
37396250670321,10:23:16.250,30.5800,200
37396250670321,10:23:16.250,30.5800,100
37401604713757,10:23:21.604,30.5800,100
37401606013975,10:23:21.606,30.5800,100
37404952709066,10:23:24.952,30.5900,100
37412714452342,10:23:32.714,30.6000,3
37412714452342,10:23:32.714,30.6000,97
37412714512473,10:23:32.714,30.6000,100
37414476143919,10:23:34.476,30.6000,3
37414476143919,10:23:34.476,30.6000,5
37414476143919,10:23:34.476,30.6000,192
37414480879230,10:23:34.480,30.6000,8
37414480879230,10:23:34.480,30.6000,92
37414496804368,10:23:34.496,30.6000,200
37414528832094,10:23:34.528,30.6000,200
37416682879453,10:23:36.682,30.6100,100
37417461152299,10:23:37.461,30.6050,200
37417461152299,10:23:37.461,30.6000,100
37417461182091,10:23:37.461,30.6050,200
37417461437457,10:23:37.461,30.6000,100
37419546155426,10:23:39.546,30.5900,100
37419546679242,10:23:39.546,30.5950,300
37419546745068,10:23:39.546,30.5950,100
37419546745068,10:23:39.546,30.5900,100
37419546745068,10:23:39.546,30.5900,100
37419578088248,10:23:39.578,30.5900,100
37422711644820,10:23:42.711,30.5900,8
37427872451546,10:23:47.872,30.6000,200
37427872451546,10:23:47.872,30.6000,200
37427872451546,10:23:47.872,30.6000,5
37431350419451,10:23:51.350,30.6100,100
37436499335937,10:23:56.499,30.6200,100
37436499361584,10:23:56.499,30.6250,200
37439218546290,10:23:59.218,30.6300,7
37440286379948,10:24:00.286,30.6400,100
37440286379948,10:24:00.286,30.6400,93
37440286410926,10:24:00.286,30.6400,7
37440286410926,10:24:00.286,30.6400,3
37440520119126,10:24:00.520,30.6400,100
37440520119126,10:24:00.520,30.6400,100
37440520490633,10:24:00.520,30.6350,200
37440520603494,10:24:00.520,30.6300,100
37440521281723,10:24:00.521,30.6300,3
37441865193870,10:24:01.865,30.6300,100
37450233119139,10:24:10.233,30.6500,100
37451701267462,10:24:11.701,30.6450,300
37451701267462,10:24:11.701,30.6400,3
37451701296150,10:24:11.701,30.6400,200
37451701296150,10:24:11.701,30.6400,100
37451701455027,10:24:11.701,30.6300,30
37451915792280,10:24:11.915,30.6300,70
37451915792280,10:24:11.915,30.6300,3
37451915827829,10:24:11.915,30.6300,197
37454769837226,10:24:14.769,30.6350,200
37454945043367,10:24:14.945,30.6300,5
37458468910143,10:24:18.468,30.6300,100
37458468965829,10:24:18.468,30.6300,95
37458469391371,10:24:18.469,30.6300,100
37458473250880,10:24:18.473,30.6400,100
37462799044133,10:24:22.799,30.6300,46
37464985445964,10:24:24.985,30.6300,100
37465613569812,10:24:25.613,30.6300,100
37465721308194,10:24:25.721,30.6300,100
37466983839827,10:24:26.983,30.6350,100
37468942788061,10:24:28.942,30.6350,100
37471137813163,10:24:31.137,30.6400,100
37471137813163,10:24:31.137,30.6400,200
37471137815889,10:24:31.137,30.6400,100
37471137815889,10:24:31.137,30.6400,200
37471138093474,10:24:31.138,30.6400,100
37473280579419,10:24:33.280,30.6500,100
37473280630493,10:24:33.280,30.6500,100
37473280630493,10:24:33.280,30.6500,71
37473280692296,10:24:33.280,30.6500,29
37473403105389,10:24:33.403,30.6500,100
37475475211931,10:24:35.475,30.6600,27
37475475240538,10:24:35.475,30.6600,61
37475475240538,10:24:35.475,30.6600,154
37476234385674,10:24:36.234,30.6550,100
37482658327702,10:24:42.658,30.6500,100
37482658353427,10:24:42.658,30.6500,100
37482658405006,10:24:42.658,30.6500,100
37482658715629,10:24:42.658,30.6550,200
37482769687381,10:24:42.769,30.6500,100
37487149319716,10:24:47.149,30.6500,100
37490419956918,10:24:50.419,30.6600,100
37490419956918,10:24:50.419,30.6600,100
37490419956918,10:24:50.419,30.6600,200
37490419956918,10:24:50.419,30.6600,100
37490422391332,10:24:50.422,30.6600,98
37490422418681,10:24:50.422,30.6650,300
37490422418681,10:24:50.422,30.6600,567
37490422449606,10:24:50.422,30.6600,635
37490422449606,10:24:50.422,30.6600,300
37490422449606,10:24:50.422,30.6600,100
37490422449606,10:24:50.422,30.6600,100
37493560163812,10:24:53.560,30.6600,25
37494899776064,10:24:54.899,30.6700,100
37495061856655,10:24:55.061,30.6700,100
37495078884411,10:24:55.078,30.6800,66
37495619133851,10:24:55.619,30.6800,18
37495619159170,10:24:55.619,30.6800,19
37495619192022,10:24:55.619,30.6800,122
37496062455809,10:24:56.062,30.6700,100
37496062455809,10:24:56.062,30.6700,200
37498501429641,10:24:58.501,30.6700,25
37498501493310,10:24:58.501,30.6700,75
37498501493310,10:24:58.501,30.6700,2
37498501493310,10:24:58.501,30.6700,100
37501013720559,10:25:01.013,30.6700,177
37501013720559,10:25:01.013,30.6700,100
37501013720559,10:25:01.013,30.6700,100
37501013720559,10:25:01.013,30.6700,100
37506073726402,10:25:06.073,30.6700,7
37506073726402,10:25:06.073,30.6700,93
37515930736479,10:25:15.930,30.6800,100
37515930736479,10:25:15.930,30.6800,100
37515931153928,10:25:15.931,30.6800,100
37515931153928,10:25:15.931,30.6800,200
37515931153928,10:25:15.931,30.6800,31
37515931153928,10:25:15.931,30.6800,100
37515931166656,10:25:15.931,30.6850,300
37517425642761,10:25:17.425,30.6800,100
37517426378255,10:25:17.426,30.6800,100
37517426378255,10:25:17.426,30.6800,82
37517426378255,10:25:17.426,30.6800,100
37520566112205,10:25:20.566,30.6800,18
37520566665348,10:25:20.566,30.6850,282
37520566701797,10:25:20.566,30.6850,18
37520566701797,10:25:20.566,30.6800,82
37525059601401,10:25:25.059,30.6800,100
37525059948267,10:25:25.059,30.6800,100
37525061042016,10:25:25.061,30.6850,200
37525061235603,10:25:25.061,30.6850,100
37525061235603,10:25:25.061,30.6800,200
37526340666509,10:25:26.340,30.6850,100
37526340666509,10:25:26.340,30.6900,100
37530450312807,10:25:30.450,30.6900,200
37530450312807,10:25:30.450,30.6900,300
37530450312807,10:25:30.450,30.6900,100
37536471804452,10:25:36.471,30.7000,200
37539421972925,10:25:39.421,30.6950,200
37539422423465,10:25:39.422,30.6900,200
37540925845000,10:25:40.925,30.6850,200
37540925845000,10:25:40.925,30.6800,100
37540925913889,10:25:40.925,30.6800,200
37543115422401,10:25:43.115,30.6800,100
37543210222401,10:25:43.210,30.6800,100
37543423329598,10:25:43.423,30.6750,200
37547089535058,10:25:47.089,30.6700,100
37551131133874,10:25:51.131,30.6800,100
37551416563934,10:25:51.416,30.6900,200
37551420550036,10:25:51.420,30.7100,200
37551633307747,10:25:51.633,30.7200,100
37551633307747,10:25:51.633,30.7200,100
37551634497461,10:25:51.634,30.7100,100
37551634497461,10:25:51.634,30.7100,200
37551634996149,10:25:51.634,30.7100,200
37553623408604,10:25:53.623,30.7100,100
37553623408604,10:25:53.623,30.7100,100
37553623459264,10:25:53.623,30.7100,12
37554424052390,10:25:54.424,30.7100,100
37554433314696,10:25:54.433,30.7000,100
37554433314696,10:25:54.433,30.7000,20
37554433769604,10:25:54.433,30.7000,200
37556306472597,10:25:56.306,30.7000,100
37556830947372,10:25:56.830,30.6800,69
37556871442462,10:25:56.871,30.6800,100
37556871490300,10:25:56.871,30.6800,30
37560754961193,10:26:00.754,30.6700,100
37560760753785,10:26:00.760,30.6800,100
37560760812100,10:26:00.760,30.6800,100
37560781555661,10:26:00.781,30.6800,8
37567414130468,10:26:07.414,30.7000,100
37567415637570,10:26:07.415,30.7000,100
37567415637570,10:26:07.415,30.7000,100
37567415696508,10:26:07.415,30.7000,100
37567415696508,10:26:07.415,30.7000,200
37567415696508,10:26:07.415,30.7000,200
37567700698308,10:26:07.700,30.6900,100
37568762103294,10:26:08.762,30.6950,100
37569958480197,10:26:09.958,30.7100,100
37577968102222,10:26:17.968,30.7100,100
37578496732562,10:26:18.496,30.7100,100
37579054130292,10:26:19.054,30.7100,2
37579055154841,10:26:19.055,30.7100,100
37579055154841,10:26:19.055,30.7100,100
37579055154841,10:26:19.055,30.7100,98
37579527002938,10:26:19.527,30.7100,2
37579527002938,10:26:19.527,30.7100,98
37580553374032,10:26:20.553,30.7100,100
37581455133230,10:26:21.455,30.7100,100
37581577354809,10:26:21.577,30.7200,200
37583102654469,10:26:23.102,30.7200,100
37585882226088,10:26:25.882,30.7200,100
37586918872692,10:26:26.918,30.7300,100
37589441567531,10:26:29.441,30.7100,100
37592415454689,10:26:32.415,30.7200,100
37592415454689,10:26:32.415,30.7200,100
37594304367391,10:26:34.304,30.7400,100
37594304381121,10:26:34.304,30.7400,100
37594305440917,10:26:34.305,30.7500,200
37594981838285,10:26:34.981,30.7400,200
37594982658880,10:26:34.982,30.7300,500
37596542012304,10:26:36.542,30.7400,100
37598409317758,10:26:38.409,30.7500,100
37598409317758,10:26:38.409,30.7500,200
37598409317758,10:26:38.409,30.7500,100
37598409317758,10:26:38.409,30.7500,100
37598409317758,10:26:38.409,30.7500,400
37598427234245,10:26:38.427,30.7500,100
37598427234245,10:26:38.427,30.7500,400
37598427234245,10:26:38.427,30.7500,100
37600592739806,10:26:40.592,30.7500,2
37600592739806,10:26:40.592,30.7500,200
37600592739806,10:26:40.592,30.7500,198
37604330251179,10:26:44.330,30.7400,100
37604330251179,10:26:44.330,30.7400,100
37604330251179,10:26:44.330,30.7400,100
37605110979016,10:26:45.110,30.7300,100
37605111003482,10:26:45.111,30.7300,100
37605649946255,10:26:45.649,30.7300,200
37608351737660,10:26:48.351,30.7100,200
37608837839145,10:26:48.837,30.7100,100
37608837839145,10:26:48.837,30.7100,100
37608837839145,10:26:48.837,30.7100,100
37608837839145,10:26:48.837,30.7100,200
37611757827751,10:26:51.757,30.7200,200
37611757827751,10:26:51.757,30.7200,100
37612853984952,10:26:52.853,30.7300,100
37612853984952,10:26:52.853,30.7300,100
37612853984952,10:26:52.853,30.7300,100
37614031348768,10:26:54.031,30.7300,100
37614083744132,10:26:54.083,30.7350,100
37615959496581,10:26:55.959,30.7400,100
37624559823792,10:27:04.559,30.7200,100
37625080431348,10:27:05.080,30.7200,100
37625080431348,10:27:05.080,30.7200,100
37625080431348,10:27:05.080,30.7200,100
37626995734156,10:27:06.995,30.7200,100
37626995734156,10:27:06.995,30.7200,300
37629460019773,10:27:09.460,30.7300,100
37629460019773,10:27:09.460,30.7300,100
37629460019773,10:27:09.460,30.7300,3
37633152444237,10:27:13.152,30.7300,100
37633355559012,10:27:13.355,30.7300,100
37633355559012,10:27:13.355,30.7300,100
37633355559012,10:27:13.355,30.7300,100
37634175136373,10:27:14.175,30.7300,100
37634175150430,10:27:14.175,30.7300,5
37634413877194,10:27:14.413,30.7400,100
37634413877194,10:27:14.413,30.7400,100
37634413877194,10:27:14.413,30.7400,100
37634414570261,10:27:14.414,30.7500,100
37634502875000,10:27:14.502,30.7500,100
37634543936199,10:27:14.543,30.7500,100
37634817666553,10:27:14.817,30.7500,100
37637370174278,10:27:17.370,30.7500,100
37637370174278,10:27:17.370,30.7500,100
37637370174278,10:27:17.370,30.7500,300
37637370174278,10:27:17.370,30.7500,100
37637371148626,10:27:17.371,30.7600,100
37637371148626,10:27:17.371,30.7600,100
37637374870600,10:27:17.374,30.7600,100
37637772227559,10:27:17.772,30.7400,100
37637773785666,10:27:17.773,30.7400,100
37638920772917,10:27:18.920,30.7400,100
37639043124912,10:27:19.043,30.7400,100
37639433179060,10:27:19.433,30.7400,11
37639433179060,10:27:19.433,30.7400,89
37640290450090,10:27:20.290,30.7400,200
37642106495433,10:27:22.106,30.7400,100
37642208985312,10:27:22.208,30.7400,100
37642957082404,10:27:22.957,30.7400,100
37643093777216,10:27:23.093,30.7400,100
37643238438411,10:27:23.238,30.7400,100
37643626951462,10:27:23.626,30.7400,100
37645237798998,10:27:25.237,30.7350,80
37645241275649,10:27:25.241,30.7400,100
37645241275649,10:27:25.241,30.7400,100
37645242145212,10:27:25.242,30.7400,100
37645457561569,10:27:25.457,30.7400,100
37645835154056,10:27:25.835,30.7400,100
37648310763325,10:27:28.310,30.7300,100
37648311789477,10:27:28.311,30.7200,100
37648311789477,10:27:28.311,30.7200,600
37648311789477,10:27:28.311,30.7200,100
37648312364429,10:27:28.312,30.7200,100
37650091353144,10:27:30.091,30.7200,100
37650092022827,10:27:30.092,30.7200,200
37650092022827,10:27:30.092,30.7200,100
37650092022827,10:27:30.092,30.7200,100
37650096060643,10:27:30.096,30.7150,100
37650096060643,10:27:30.096,30.7200,100
37650096060643,10:27:30.096,30.7200,100
37652145124142,10:27:32.145,30.7200,100
37655766715267,10:27:35.766,30.7200,200
37655766860003,10:27:35.766,30.7200,100
37655766860003,10:27:35.766,30.7200,100
37655766860003,10:27:35.766,30.7200,100
37655766860003,10:27:35.766,30.7200,100
37658137236576,10:27:38.137,30.7300,100
37658142543489,10:27:38.142,30.7300,100
37659565438868,10:27:39.565,30.7300,100
37659565600402,10:27:39.565,30.7300,4
37659683705481,10:27:39.683,30.7400,100
37659683705481,10:27:39.683,30.7400,100
37659804712044,10:27:39.804,30.7500,100
37659870714809,10:27:39.870,30.7600,100
37659888273516,10:27:39.888,30.7500,100
37659888273516,10:27:39.888,30.7500,100
37659888273516,10:27:39.888,30.7500,200
37659888273516,10:27:39.888,30.7500,200
37659888355456,10:27:39.888,30.7500,141
37660041833864,10:27:40.041,30.7400,100
37660045007639,10:27:40.045,30.7400,100
37660045007639,10:27:40.045,30.7400,100
37660291329540,10:27:40.291,30.7500,100
37661077453682,10:27:41.077,30.7400,100
37661160368471,10:27:41.160,30.7400,100
37669291926737,10:27:49.291,30.7300,100
37669293447075,10:27:49.293,30.7300,100
37671752446056,10:27:51.752,30.7200,100
37677368479523,10:27:57.368,30.7300,8
37677368479523,10:27:57.368,30.7300,100
37677368479523,10:27:57.368,30.7300,92
37681267513451,10:28:01.267,30.7300,108
37681267513451,10:28:01.267,30.7300,5
37681267513451,10:28:01.267,30.7300,92
37681267544781,10:28:01.267,30.7300,100
37681267623733,10:28:01.267,30.7300,200
37681267760685,10:28:01.267,30.7300,100
37681267760685,10:28:01.267,30.7300,100
37681267829471,10:28:01.267,30.7300,100
37681267829471,10:28:01.267,30.7300,100
37681267829471,10:28:01.267,30.7300,53
37681267829471,10:28:01.267,30.7300,100
37684128923203,10:28:04.128,30.7300,100
37684445321745,10:28:04.445,30.7300,100
37684445467360,10:28:04.445,30.7300,100
37684445467360,10:28:04.445,30.7300,100
37684445494383,10:28:04.445,30.7300,100
37684496658156,10:28:04.496,30.7300,100
37685958564651,10:28:05.958,30.7400,100
37685961930392,10:28:05.961,30.7400,200
37685961979528,10:28:05.961,30.7400,2
37693305058533,10:28:13.305,30.7300,100
37693316031086,10:28:13.316,30.7100,100
37693316192682,10:28:13.316,30.7100,100
37693316192682,10:28:13.316,30.7100,100
37693322277551,10:28:13.322,30.7000,100
37693322277551,10:28:13.322,30.7000,200
37693322277551,10:28:13.322,30.7000,600
37693593639566,10:28:13.593,30.7000,100
37693593639566,10:28:13.593,30.7000,100
37693593762559,10:28:13.593,30.7000,100
37693593843627,10:28:13.593,30.7000,100
37693601419097,10:28:13.601,30.6900,300
37693601419097,10:28:13.601,30.6900,100
37693601419097,10:28:13.601,30.6900,100
37693601419097,10:28:13.601,30.6900,100
37693601419097,10:28:13.601,30.6900,100
37694592406998,10:28:14.592,30.6800,100
37694592406998,10:28:14.592,30.6800,100
37698448817834,10:28:18.448,30.6600,600
37698448817834,10:28:18.448,30.6600,100
37698448937331,10:28:18.448,30.6600,100
37698449231156,10:28:18.449,30.6600,100
37698449231156,10:28:18.449,30.6600,100
37699265020768,10:28:19.265,30.6700,100
37699421168101,10:28:19.421,30.6700,100
37700428095385,10:28:20.428,30.6500,600
37700457071194,10:28:20.457,30.6400,700
37701156445091,10:28:21.156,30.6200,100
37701157805968,10:28:21.157,30.6100,100
37701157805968,10:28:21.157,30.6100,100
37701965414086,10:28:21.965,30.6000,100
37709416372977,10:28:29.416,30.5900,100
37709416418808,10:28:29.416,30.5900,177
37709416817932,10:28:29.416,30.5900,423
37709416817932,10:28:29.416,30.5900,100
37714391317204,10:28:34.391,30.5900,100
37714428044796,10:28:34.428,30.5800,100
37714428044796,10:28:34.428,30.5800,100
37714428044796,10:28:34.428,30.5800,100
37714429492704,10:28:34.429,30.5800,100
37717215370868,10:28:37.215,30.5750,75
37717280698896,10:28:37.280,30.5750,300
37718305883926,10:28:38.305,30.5700,100
37718307419000,10:28:38.307,30.5700,100
37725821027502,10:28:45.821,30.5600,100
37725821027502,10:28:45.821,30.5600,3
37736663788462,10:28:56.663,30.5300,22
37739158589724,10:28:59.158,30.5300,78
37748456671668,10:29:08.456,30.5300,500
37748456673390,10:29:08.456,30.5300,197
37748456674793,10:29:08.456,30.5300,3
37780225750364,10:29:40.225,30.5200,18
37780225785065,10:29:40.225,30.5200,54
37785581363102,10:29:45.581,30.5300,300
37785581363102,10:29:45.581,30.5300,300
37785581363102,10:29:45.581,30.5300,200
37785581363102,10:29:45.581,30.5300,100
37788832403961,10:29:48.832,30.5400,2
37788832553756,10:29:48.832,30.5400,98
37788832553756,10:29:48.832,30.5400,200
37789430639422,10:29:49.430,30.5500,200
37790968205323,10:29:50.968,30.5700,100
37800645458699,10:30:00.645,30.5800,200
37800833553684,10:30:00.833,30.5900,100
37810160537786,10:30:10.160,30.5900,100
37825035717810,10:30:25.035,30.6000,100
37832967546341,10:30:32.967,30.6000,100
37921973863437,10:32:01.973,30.5900,100
37921988737675,10:32:01.988,30.5900,100
37980663985664,10:33:00.663,30.5800,100
37980663985664,10:33:00.663,30.5800,72
37980663985664,10:33:00.663,30.5800,100
37980663985664,10:33:00.663,30.5800,100
37981006213127,10:33:01.006,30.5900,100
37981006213127,10:33:01.006,30.5900,100
37981006213127,10:33:01.006,30.5900,200
37981006298784,10:33:01.006,30.5900,100
37981006298784,10:33:01.006,30.5900,200
37986586238714,10:33:06.586,30.5900,200
37986586238714,10:33:06.586,30.5900,100
37991823505342,10:33:11.823,30.6000,200
37991824648864,10:33:11.824,30.6000,100
37991824721504,10:33:11.824,30.6000,100
37991824864131,10:33:11.824,30.6000,100
38023665116519,10:33:43.665,30.6100,100
38023665116519,10:33:43.665,30.6100,100
38044939491022,10:34:04.939,30.6100,5
38044939491022,10:34:04.939,30.6100,200
38044939491022,10:34:04.939,30.6100,95
38064021415086,10:34:24.021,30.6100,105
38064021415086,10:34:24.021,30.6100,1
38064021415086,10:34:24.021,30.6100,26
38064025000746,10:34:24.025,30.6200,700
38064025000746,10:34:24.025,30.6200,39
38064025679024,10:34:24.025,30.6200,61
38064025679024,10:34:24.025,30.6200,177
38064025679024,10:34:24.025,30.6200,18
38064025679024,10:34:24.025,30.6200,19
38074775044976,10:34:34.775,30.6450,100
38074776037640,10:34:34.776,30.6450,100
38076409924854,10:34:36.409,30.6400,100
38079474991967,10:34:39.474,30.6500,300
38079474991967,10:34:39.474,30.6500,7
38079475119679,10:34:39.475,30.6500,100
38079475304035,10:34:39.475,30.6500,100
38099482741877,10:34:59.482,30.6800,1
38099482741877,10:34:59.482,30.6800,100
38099482741877,10:34:59.482,30.6800,3
38099482741877,10:34:59.482,30.6800,100
38185031911113,10:36:25.031,30.6800,100
38185031911113,10:36:25.031,30.6800,100
38185031911113,10:36:25.031,30.6800,100
38185031911113,10:36:25.031,30.6800,100
38185031944802,10:36:25.031,30.6800,100
38185031944802,10:36:25.031,30.6800,8
38185031944802,10:36:25.031,30.6800,5
38185031944802,10:36:25.031,30.6800,100
38194309839746,10:36:34.309,30.6750,33
38194316918370,10:36:34.316,30.6750,15
38204992726892,10:36:44.992,30.6750,100
38204992726892,10:36:44.992,30.6800,100
38204992726892,10:36:44.992,30.6800,100
38204992726892,10:36:44.992,30.6800,200
38204992767284,10:36:44.992,30.6800,100
38204992801325,10:36:44.992,30.6800,100
38205218269704,10:36:45.218,30.6800,100
38212188590525,10:36:52.188,30.6900,100
38212188649725,10:36:52.188,30.6900,100
38212188707350,10:36:52.188,30.6900,100
38212189021425,10:36:52.189,30.6900,100
38218668250137,10:36:58.668,30.6800,100
38221836220378,10:37:01.836,30.6700,100
38221836220378,10:37:01.836,30.6700,100
38221836220378,10:37:01.836,30.6700,100
38231485471930,10:37:11.485,30.6600,100
38231485471930,10:37:11.485,30.6600,100
38231496051151,10:37:11.496,30.6500,95
38231496089936,10:37:11.496,30.6500,5
38231796531183,10:37:11.796,30.6500,5
38232605599341,10:37:12.605,30.6500,100
38256357038919,10:37:36.357,30.6200,100
38256357057171,10:37:36.357,30.6200,100
38256357057171,10:37:36.357,30.6200,88
38256357065097,10:37:36.357,30.6200,12
38379516539632,10:39:39.516,30.5800,100
38379516539632,10:39:39.516,30.5800,100
38379517987163,10:39:39.517,30.5700,100
38379532675423,10:39:39.532,30.5700,2
38387819933026,10:39:47.819,30.5600,98
38387819933026,10:39:47.819,30.5600,100
38430703815450,10:40:30.703,30.5400,46
38430704208149,10:40:30.704,30.5400,154
38430704208149,10:40:30.704,30.5400,100
38430704208149,10:40:30.704,30.5400,100
38449041044795,10:40:49.041,30.5100,100
38451099351194,10:40:51.099,30.5050,100
38451099351194,10:40:51.099,30.5100,100
38451099351194,10:40:51.099,30.5100,100
38451099351194,10:40:51.099,30.5100,13
38451099382095,10:40:51.099,30.5100,87
38451099382095,10:40:51.099,30.5100,13
38451103117870,10:40:51.103,30.5100,100
38458169186960,10:40:58.169,30.5100,354
38458169186960,10:40:58.169,30.5100,100
38458169186960,10:40:58.169,30.5100,26
38458169256555,10:40:58.169,30.5100,74
38460664335813,10:41:00.664,30.5100,100
38460666989579,10:41:00.666,30.5100,100
38460667205867,10:41:00.667,30.5100,100
38472128970695,10:41:12.128,30.5100,100
38472130594590,10:41:12.130,30.5100,49
38472130594590,10:41:12.130,30.5100,100
38472131924271,10:41:12.131,30.5100,100
38472134158825,10:41:12.134,30.5200,100
38472134158825,10:41:12.134,30.5200,100
38472134158825,10:41:12.134,30.5200,100
38472134158825,10:41:12.134,30.5200,200
38472134158825,10:41:12.134,30.5200,100
38496616939770,10:41:36.616,30.5000,2
38502373907957,10:41:42.373,30.5200,100
38502373907957,10:41:42.373,30.5200,200
38539520477453,10:42:19.520,30.5200,100
38539520477453,10:42:19.520,30.5200,178
38569741267887,10:42:49.741,30.4600,39
38570634026273,10:42:50.634,30.4600,100
38581695009057,10:43:01.695,30.4600,100
38584544630511,10:43:04.544,30.4400,100
38584544630511,10:43:04.544,30.4400,100
38584544630511,10:43:04.544,30.4400,177
38584544630511,10:43:04.544,30.4400,100
38650774129025,10:44:10.774,30.4200,4
38650774129025,10:44:10.774,30.4200,59
38650774199949,10:44:10.774,30.4200,41
38650774199949,10:44:10.774,30.4200,100
38650849810760,10:44:10.849,30.4000,3
38650857146152,10:44:10.857,30.3900,100
38650857839623,10:44:10.857,30.3900,100
38650858096013,10:44:10.858,30.3900,100
38650858096013,10:44:10.858,30.3900,30
38650858096013,10:44:10.858,30.3900,100
38650858096013,10:44:10.858,30.3900,100
38650858096013,10:44:10.858,30.3900,100
38650858421987,10:44:10.858,30.3900,45
38659503629653,10:44:19.503,30.4100,60
38660484601285,10:44:20.484,30.4200,800
38660484708217,10:44:20.484,30.4200,300
38660486567373,10:44:20.486,30.4300,104
38661017437628,10:44:21.017,30.4300,196
38661017528425,10:44:21.017,30.4300,100
38661017532914,10:44:21.017,30.4300,100
38661017532914,10:44:21.017,30.4300,100
38661796007934,10:44:21.796,30.4650,100
38667446665376,10:44:27.446,30.4500,200
38751618729716,10:45:51.618,30.4400,100
38751618729716,10:45:51.618,30.4400,1
38751625072748,10:45:51.625,30.4300,70
38752856789058,10:45:52.856,30.4300,100
38821447249192,10:47:01.447,30.4200,30
38821447249192,10:47:01.447,30.4200,100
38821447249192,10:47:01.447,30.4200,100
38821447249192,10:47:01.447,30.4200,100
38823930299481,10:47:03.930,30.4100,100
38823930299481,10:47:03.930,30.4100,100
38823930918059,10:47:03.930,30.4100,100
