timestamp,time,price,volume
34200060910085,09:30:00.060,0.0000,0
34235995125660,09:30:35.995,118.6200,8
34235995166448,09:30:35.995,118.6200,35
34235995190584,09:30:35.995,118.6300,8
34235995197484,09:30:35.995,118.6300,92
34235995197484,09:30:35.995,118.6300,100
34235995241665,09:30:35.995,118.6300,100
34235995243674,09:30:35.995,118.6300,2
34235995559629,09:30:35.995,118.6300,90
34235995559629,09:30:35.995,118.6200,100
34235995865803,09:30:35.995,118.6200,100
34235996426048,09:30:35.996,118.8300,100
34235996449337,09:30:35.996,118.8300,100
34235999522375,09:30:35.999,118.8900,16
34236001759681,09:30:36.001,118.8900,89
34236688176300,09:30:36.688,119.2700,100
34236688176300,09:30:36.688,119.2800,26
34395232132200,09:33:15.232,118.7100,91
34395232132200,09:33:15.232,118.6900,9
34395234602695,09:33:15.234,118.6000,70
34420594370890,09:33:40.594,118.1900,67
34440049670457,09:34:00.049,118.2100,100
34454737952329,09:34:14.737,118.1900,81
34454737963192,09:34:14.737,118.1900,19
34471392013556,09:34:31.392,118.1900,100
34471392019161,09:34:31.392,118.1900,100
34471392345837,09:34:31.392,118.1900,18
34471392365741,09:34:31.392,118.1900,23
34471392365741,09:34:31.392,118.1700,77
34471392367919,09:34:31.392,118.1700,23
34501981603654,09:35:01.981,118.2800,100
34501981603654,09:35:01.981,118.2800,100
34501981603654,09:35:01.981,118.2800,48
34501981603654,09:35:01.981,118.2800,51
34501981665650,09:35:01.981,118.2800,100
34501981897106,09:35:01.981,118.3300,38
34501981921495,09:35:01.981,118.3300,62
34501981923067,09:35:01.981,118.3300,62
34501981951741,09:35:01.981,118.3300,38
34501981976807,09:35:01.981,118.3300,100
34501982069107,09:35:01.982,118.4100,12
34501982070365,09:35:01.982,118.4100,50
34501982146343,09:35:01.982,118.4100,37
34501982191644,09:35:01.982,118.4100,1
34501982191644,09:35:01.982,118.4100,32
34501982372147,09:35:01.982,118.4100,30
34501982763840,09:35:01.982,118.4100,38
34501982763840,09:35:01.982,118.4100,41
34501982763840,09:35:01.982,118.4100,100
34501982824392,09:35:01.982,118.4100,100
34616562468526,09:36:56.562,118.1600,28
34616562763082,09:36:56.562,118.1700,28
34616562781800,09:36:56.562,118.1800,46
34616563900673,09:36:56.563,118.2700,72
34616563939992,09:36:56.563,118.2700,28
34621917487995,09:37:01.917,118.3700,8
34621917727095,09:37:01.917,118.3700,9
34621917763473,09:37:01.917,118.3700,8
34621917874624,09:37:01.917,118.3700,9
34630827946167,09:37:10.827,118.3700,7
34630827966562,09:37:10.827,118.3800,45
34655523666821,09:37:35.523,118.3800,43
34677752039516,09:37:57.752,118.4400,41
34677752120573,09:37:57.752,118.4400,100
34744066615465,09:39:04.066,118.5000,100
34744066631799,09:39:04.066,118.5000,100
34744066638525,09:39:04.066,118.5000,100
34744066656634,09:39:04.066,118.5000,98
34744066702962,09:39:04.066,118.5000,100
34744066703446,09:39:04.066,118.5000,100
34744066708643,09:39:04.066,118.5000,24
34744066717073,09:39:04.066,118.5000,100
34744066721892,09:39:04.066,118.5000,76
34744066729070,09:39:04.066,118.5000,100
34744066771344,09:39:04.066,118.5000,100
34744066787030,09:39:04.066,118.5000,4
34744066837267,09:39:04.066,118.5000,96
34744067689974,09:39:04.067,118.5000,2
34744068055138,09:39:04.068,118.5100,45
34744068085881,09:39:04.068,118.5100,100
34744068085881,09:39:04.068,118.5100,10
34744068249103,09:39:04.068,118.5000,2
34744075711486,09:39:04.075,118.5800,100
34744075804706,09:39:04.075,118.5800,100
34744083643295,09:39:04.083,118.5700,8
34744083672349,09:39:04.083,118.5000,92
34747647648983,09:39:07.647,118.5000,100
34747647730485,09:39:07.647,118.5100,100
34761489858673,09:39:21.489,118.3800,100
34761489937476,09:39:21.489,118.3800,100
34761493021716,09:39:21.493,118.3800,100
34761671962314,09:39:21.671,118.4000,100
34761673721765,09:39:21.673,118.3900,100
34761674373817,09:39:21.674,118.4000,100
34930698141686,09:42:10.698,118.2800,100
34990073670751,09:43:10.073,118.4300,42
34990073732615,09:43:10.073,118.4300,10
34990073732615,09:43:10.073,118.4300,30
35029618584184,09:43:49.618,118.5400,100
35029618815600,09:43:49.618,118.5400,100
35034994553743,09:43:54.994,118.6200,42
35094365417483,09:44:54.365,118.4400,100
35094365417483,09:44:54.365,118.4500,16
35094365433140,09:44:54.365,118.4500,26
35094365449058,09:44:54.365,118.4600,27
35112630054203,09:45:12.630,118.5400,5
35112630402071,09:45:12.630,118.5600,5
35112630883730,09:45:12.630,118.5700,42
35154794249083,09:45:54.794,118.6900,50
35154794531434,09:45:54.794,118.7100,42
35259143947614,09:47:39.143,118.6300,100
35259143947614,09:47:39.143,118.6400,300
35259143947614,09:47:39.143,118.6500,47
35259143947614,09:47:39.143,118.6500,3
35270816426068,09:47:50.816,118.7000,13
35270816483796,09:47:50.816,118.7000,29
35270816650921,09:47:50.816,118.7100,38
35270816658476,09:47:50.816,118.7100,5
35270816658476,09:47:50.816,118.7100,45
35270816704246,09:47:50.816,118.7100,1
35289078760583,09:48:09.078,118.6500,100
35289080133632,09:48:09.080,118.6200,100
35289080167827,09:48:09.080,118.6200,100
35289080167827,09:48:09.080,118.6200,100
35289080167827,09:48:09.080,118.6200,100
35289080170333,09:48:09.080,118.6200,100
35289080303343,09:48:09.080,118.6000,100
35289080380815,09:48:09.080,118.6000,100
35289123432345,09:48:09.123,118.5900,100
35289123432345,09:48:09.123,118.6200,400
35289123432345,09:48:09.123,118.6200,100
35289123432345,09:48:09.123,118.6200,100
35289123517842,09:48:09.123,118.5900,10
35290166327321,09:48:10.166,118.6900,100
35291916530969,09:48:11.916,118.6200,100
35291977491957,09:48:11.977,118.6300,74
35291977491957,09:48:11.977,118.6100,100
35291977491957,09:48:11.977,118.6100,26
35291977920711,09:48:11.977,118.6100,74
35291978002528,09:48:11.978,118.6000,28
35292222630976,09:48:12.222,118.6100,100
35292223991171,09:48:12.223,118.5900,1
35324169145051,09:48:44.169,118.7200,40
35324170194231,09:48:44.170,118.7500,42
35324170194231,09:48:44.170,118.7500,62
35324170295741,09:48:44.170,118.7500,10
35324414568727,09:48:44.414,118.7600,100
35327003295174,09:48:47.003,118.7900,100
35327003295174,09:48:47.003,118.7900,43
35327003295174,09:48:47.003,118.7900,18
35327207734985,09:48:47.207,118.8500,42
35340009943212,09:49:00.009,118.8700,100
35349702812520,09:49:09.702,118.7800,2
35356420841238,09:49:16.420,118.7700,100
35356420841238,09:49:16.420,118.7800,100
35356422333177,09:49:16.422,118.7800,100
35361322603136,09:49:21.322,118.8500,43
35367769167790,09:49:27.769,118.8900,43
35367769187950,09:49:27.769,118.9000,7
35367769194258,09:49:27.769,118.9000,93
35371697310845,09:49:31.697,118.8900,74
35375938557498,09:49:35.938,118.8800,20
35375938582198,09:49:35.938,118.8800,73
35375938633634,09:49:35.938,118.8800,7
35384174736419,09:49:44.174,118.8800,100
35384174736419,09:49:44.174,118.8800,100
35384174736419,09:49:44.174,118.8800,100
35398724919531,09:49:58.724,118.9200,43
35398724919531,09:49:58.724,118.9200,71
35406168118132,09:50:06.168,118.9700,100
35406699919870,09:50:06.699,119.0500,43
35406699919870,09:50:06.699,119.0500,57
35406701006873,09:50:06.701,119.0500,43
35406701006873,09:50:06.701,119.0800,57
35417740567640,09:50:17.740,119.0100,1
35417741108475,09:50:17.741,118.9800,100
35417741469994,09:50:17.741,118.9700,100
35417742172754,09:50:17.742,118.9400,2
35420615669986,09:50:20.615,118.9400,10
35421493824827,09:50:21.493,118.9700,100
35433560481749,09:50:33.560,118.9900,100
35450160142994,09:50:50.160,118.9500,5
35475135934636,09:51:15.135,118.9300,43
35475157962568,09:51:15.157,118.9400,500
35475157962568,09:51:15.157,118.9400,200
35477848964520,09:51:17.848,118.8900,1
35486790465347,09:51:26.790,118.8700,95
35486790465347,09:51:26.790,118.8700,5
35486790495580,09:51:26.790,118.8700,46
35486790516405,09:51:26.790,118.8700,49
35486790516405,09:51:26.790,118.8700,46
35486790698375,09:51:26.790,118.8700,50
35486790704364,09:51:26.790,118.8700,21
35486790708509,09:51:26.790,118.8700,29
35486790708509,09:51:26.790,118.8700,16
35486790722069,09:51:26.790,118.8700,50
35486790724057,09:51:26.790,118.8700,50
35486790735921,09:51:26.790,118.8700,50
35486790863220,09:51:26.790,118.8700,100
35486790871810,09:51:26.790,118.8700,100
35486790917389,09:51:26.790,118.8700,98
35486790951625,09:51:26.790,118.8700,2
35486790951625,09:51:26.790,118.8700,98
35486790953276,09:51:26.790,118.8700,2
35486790959005,09:51:26.790,118.8700,100
35486790997858,09:51:26.790,118.8700,100
35486791005899,09:51:26.791,118.8700,100
35486791018204,09:51:26.791,118.8700,100
35486791023708,09:51:26.791,118.8700,100
35486791099895,09:51:26.791,118.8700,100
35486791427871,09:51:26.791,118.8800,16
35486791448707,09:51:26.791,118.8800,84
35486791448707,09:51:26.791,118.8700,16
35486791463653,09:51:26.791,118.8900,100
35486799073953,09:51:26.799,118.8800,8
35486799349464,09:51:26.799,118.8800,28
35486799640573,09:51:26.799,118.8800,16
35486799673858,09:51:26.799,118.8800,36
35486800284152,09:51:26.800,118.8800,10
35486800311470,09:51:26.800,118.8800,26
35486800934435,09:51:26.800,118.8800,10
35486806127665,09:51:26.806,118.8700,84
35486806127665,09:51:26.806,118.8700,16
35490930329904,09:51:30.930,118.8700,84
35490930329904,09:51:30.930,118.8700,16
35490930390982,09:51:30.930,118.8700,72
35490932263484,09:51:30.932,118.9000,100
35490933669103,09:51:30.933,118.9600,100
35490933669103,09:51:30.933,118.9600,29
35490933701116,09:51:30.933,118.9600,14
35490934364531,09:51:30.934,118.9400,30
35490934616249,09:51:30.934,118.8900,100
35490953834910,09:51:30.953,118.8700,14
35492058926693,09:51:32.058,118.9400,100
35492059835710,09:51:32.059,118.9400,100
35492060245726,09:51:32.060,118.9400,86
35492060245726,09:51:32.060,118.9400,14
35501391713405,09:51:41.391,118.8600,100
35514508969584,09:51:54.508,118.8600,40
35527181822510,09:52:07.181,118.7500,100
35527181831599,09:52:07.181,118.7500,195
35527181863397,09:52:07.181,118.7500,5
35527182157945,09:52:07.182,118.7400,100
35527182370774,09:52:07.182,118.7700,10
35533779079024,09:52:13.779,118.7200,37
35533779091089,09:52:13.779,118.7200,63
35533779272118,09:52:13.779,118.6900,2
35544073279071,09:52:24.073,118.6700,100
35544073279071,09:52:24.073,118.6800,100
35544073279071,09:52:24.073,118.6800,100
35544073279071,09:52:24.073,118.7200,31
35544073279071,09:52:24.073,118.7200,43
35544271699759,09:52:24.271,118.8100,100
35559115641584,09:52:39.115,118.8200,100
35559118885389,09:52:39.118,118.8100,100
35559118953898,09:52:39.118,118.8200,43
35559118953898,09:52:39.118,118.8200,57
35559119390673,09:52:39.119,118.8200,43
35559119590402,09:52:39.119,118.8300,100
35559120130140,09:52:39.120,118.8500,20
35622110246565,09:53:42.110,118.7800,1
35622110609131,09:53:42.110,118.7800,2
35622110681979,09:53:42.110,118.7800,1
35622110693960,09:53:42.110,118.7800,1
35622110753258,09:53:42.110,118.7400,1
35632374995824,09:53:52.374,118.8300,43
35632374995824,09:53:52.374,118.8300,57
35664202740511,09:54:24.202,118.8100,2
35664207275023,09:54:24.207,118.8200,1
35664231422440,09:54:24.231,118.8200,1
35664234219827,09:54:24.234,118.8200,1
35664247038321,09:54:24.247,118.8200,1
35664278369178,09:54:24.278,118.8200,1
35664283269227,09:54:24.283,118.8200,1
35664293825167,09:54:24.293,118.8200,2
35664298928870,09:54:24.298,118.8200,1
35702399719292,09:55:02.399,118.8900,5
35745209925296,09:55:45.209,118.9300,88
35745209952035,09:55:45.209,118.9300,12
35745715110651,09:55:45.715,118.8900,8
35754533398711,09:55:54.533,118.8500,100
35754533403960,09:55:54.533,118.8400,2
35754533403960,09:55:54.533,118.8400,48
35754533410143,09:55:54.533,118.8400,2
35754533485215,09:55:54.533,118.8400,50
35754533523230,09:55:54.533,118.8400,50
35754533570730,09:55:54.533,118.8400,100
35754534119858,09:55:54.534,118.8200,100
35754534622783,09:55:54.534,118.8400,1
35754534648102,09:55:54.534,118.8400,99
35754534991195,09:55:54.534,118.8500,100
35754535022139,09:55:54.535,118.8300,10
35754535022139,09:55:54.535,118.8200,90
35754535635899,09:55:54.535,118.8500,10
35754550879371,09:55:54.550,118.8300,100
35761716844306,09:56:01.716,118.7600,61
35761723344312,09:56:01.723,118.7400,1
35773592648063,09:56:13.592,118.6800,100
35773682398087,09:56:13.682,118.6500,100
35782732218696,09:56:22.732,118.6800,100
35782732218696,09:56:22.732,118.6500,150
35791110697745,09:56:31.110,118.7800,12
35791110701030,09:56:31.110,118.7800,50
35791111464529,09:56:31.111,118.7800,38
35833755527116,09:57:13.755,118.8000,1
35833761619596,09:57:13.761,118.8000,1
35833768704946,09:57:13.768,118.8000,1
35833799625703,09:57:13.799,118.8000,1
35833820590613,09:57:13.820,118.8000,1
35833829704056,09:57:13.829,118.8000,1
35833835154962,09:57:13.835,118.8000,1
35833848637288,09:57:13.848,118.8000,1
35833881834649,09:57:13.881,118.8000,1
35833886116241,09:57:13.886,118.8000,1
35833891664213,09:57:13.891,118.8000,2
35833902207623,09:57:13.902,118.8000,1
35833928976220,09:57:13.928,118.8000,1
35833934111033,09:57:13.934,118.8000,1
35833944267403,09:57:13.944,118.7700,1
35848028965155,09:57:28.028,118.8400,5
35848307570571,09:57:28.307,118.8800,1
35848324757792,09:57:28.324,118.8900,100
35849203651437,09:57:29.203,118.9500,1
35865466012760,09:57:45.466,118.9400,1
35871558493601,09:57:51.558,118.9000,100
35871558493601,09:57:51.558,118.9000,100
35871558972393,09:57:51.558,118.8900,2
35871653211236,09:57:51.653,118.9000,100
35871653211236,09:57:51.653,118.9000,100
35910370979568,09:58:30.370,118.8600,94
35910370988473,09:58:30.370,118.8600,6
35910373146294,09:58:30.373,118.8700,100
35918925998235,09:58:38.925,118.9000,16
35918925998235,09:58:38.925,118.9000,1000
35918927976576,09:58:38.927,118.9100,16
35939014357079,09:58:59.014,118.9500,1
35939014357079,09:58:59.014,118.9500,41
35980534422280,09:59:40.534,118.9500,10
35997603937800,09:59:57.603,118.9900,100
35997604313622,09:59:57.604,119.0100,100
36005848975226,10:00:05.848,119.0700,15
36005849047064,10:00:05.849,119.0700,50
36050023086058,10:00:50.023,119.0100,100
36050024071192,10:00:50.024,118.9500,34
36051868147142,10:00:51.868,118.9100,95
36051868171599,10:00:51.868,118.9100,5
36080354881933,10:01:20.354,118.8100,100
36088277449785,10:01:28.277,118.6800,100
36133733581913,10:02:13.733,118.6000,100
36133733922448,10:02:13.733,118.5900,100
36133734702602,10:02:13.734,118.5800,100
36133735001740,10:02:13.735,118.5600,100
36158244292196,10:02:38.244,118.4800,100
36196073010968,10:03:16.073,118.3400,50
36196073018115,10:03:16.073,118.3400,50
36196078674155,10:03:16.078,118.3300,200
36207765785199,10:03:27.765,118.3900,16
36207765785199,10:03:27.765,118.3900,3
36207766036999,10:03:27.766,118.4000,100
36207766036999,10:03:27.766,118.4000,17
36208489984479,10:03:28.489,118.4700,1
36208490403730,10:03:28.490,118.4900,12
36208490403730,10:03:28.490,118.4900,88
36209195130314,10:03:29.195,118.4900,12
36209195130314,10:03:29.195,118.5000,100
36209195130314,10:03:29.195,118.5400,100
36209195130314,10:03:29.195,118.5600,100
36209195130314,10:03:29.195,118.5700,7
36209195130314,10:03:29.195,118.5700,100
36215941369333,10:03:35.941,118.4200,14
36241221349483,10:04:01.221,118.5400,100
36302351307018,10:05:02.351,118.4650,1
36302351307018,10:05:02.351,118.4650,1
36302351307018,10:05:02.351,118.4650,1
36302351307018,10:05:02.351,118.4650,1
36302351307018,10:05:02.351,118.4650,1
36302351307018,10:05:02.351,118.4650,1
36302351307018,10:05:02.351,118.4650,1
36302351307018,10:05:02.351,118.4650,1
36302351307018,10:05:02.351,118.4650,1
36302351307018,10:05:02.351,118.4650,1
36302351307018,10:05:02.351,118.4650,1
36302351307018,10:05:02.351,118.4650,1
36302351307018,10:05:02.351,118.4650,1
36302351307018,10:05:02.351,118.4650,1
36302351307018,10:05:02.351,118.4650,1
36302351307018,10:05:02.351,118.4650,1
36302351307018,10:05:02.351,118.4650,1
36302351307018,10:05:02.351,118.4650,1
36302351307018,10:05:02.351,118.4650,1
36366732329420,10:06:06.732,118.5200,116
36366732329420,10:06:06.732,118.5200,184
36366732501161,10:06:06.732,118.5300,3
36366732501161,10:06:06.732,118.5300,100
36366732501161,10:06:06.732,118.5300,16
36366732501161,10:06:06.732,118.5300,100
36366732501161,10:06:06.732,118.5300,1
36366732501161,10:06:06.732,118.5300,13
36366732975882,10:06:06.732,118.5400,100
36366732975882,10:06:06.732,118.5400,32
36366733014841,10:06:06.733,118.5400,18
36366733026744,10:06:06.733,118.5400,34
36366733027987,10:06:06.733,118.5400,16
36387939388254,10:06:27.939,118.6800,100
36387939388254,10:06:27.939,118.6800,100
36387939388254,10:06:27.939,118.6800,100
36387939388254,10:06:27.939,118.6800,100
36388542520410,10:06:28.542,118.6000,1
36402278643417,10:06:42.278,118.7100,100
36402278643417,10:06:42.278,118.7100,100
36409079498664,10:06:49.079,118.6700,17
36409079498664,10:06:49.079,118.6700,83
36409079551834,10:06:49.079,118.6700,17
36409079551834,10:06:49.079,118.6700,83
36409079563829,10:06:49.079,118.6700,17
36409079654638,10:06:49.079,118.6300,10
36410024893005,10:06:50.024,118.5900,100
36410279359462,10:06:50.279,118.5500,100
36410279359462,10:06:50.279,118.5500,100
36410279734208,10:06:50.279,118.5300,100
36410279812063,10:06:50.279,118.5300,100
36410281865257,10:06:50.281,118.5200,100
36410297760975,10:06:50.297,118.5400,10
36410297760975,10:06:50.297,118.5400,90
36410297836488,10:06:50.297,118.5200,10
36437368862608,10:07:17.368,118.4200,100
36466790436248,10:07:46.790,118.4900,100
36483456046530,10:08:03.456,118.4900,200
36490187960121,10:08:10.187,118.4150,2
36490187960121,10:08:10.187,118.4150,1
36490187960121,10:08:10.187,118.4150,1
36490187960121,10:08:10.187,118.4150,1
36490187960121,10:08:10.187,118.4150,1
36490187960121,10:08:10.187,118.4150,1
36490187960121,10:08:10.187,118.4150,1
36490187960121,10:08:10.187,118.4150,1
36490187960121,10:08:10.187,118.4150,1
36505048700628,10:08:25.048,118.3700,100
36505049144381,10:08:25.049,118.3400,100
36505247336161,10:08:25.247,118.3300,100
36506067474497,10:08:26.067,118.3100,100
36506067474497,10:08:26.067,118.3100,100
36506119296931,10:08:26.119,118.2600,5
36506119296931,10:08:26.119,118.2200,100
36506417299647,10:08:26.417,118.1800,100
36540916967750,10:09:00.916,118.2400,100
36540916967750,10:09:00.916,118.2400,47
36540916974090,10:09:00.916,118.2400,50
36540916975513,10:09:00.916,118.2400,3
36540916975513,10:09:00.916,118.2400,100
36540917181269,10:09:00.917,118.2100,100
36540917181269,10:09:00.917,118.1800,100
36540917181269,10:09:00.917,118.1700,100
36540917181269,10:09:00.917,118.1600,12
36579845733559,10:09:39.845,118.2900,97
36579845754079,10:09:39.845,118.2900,3
36579845754079,10:09:39.845,118.2900,13
36579845754079,10:09:39.845,118.2900,1
36579845782386,10:09:39.845,118.2400,100
36579846208443,10:09:39.846,118.2300,300
36621645946177,10:10:21.645,118.2950,100
36632252101421,10:10:32.252,118.2600,69
36632252101421,10:10:32.252,118.2100,100
36632252101421,10:10:32.252,118.2100,31
36632252105401,10:10:32.252,118.2100,69
36632252105401,10:10:32.252,118.2100,100
36632252772433,10:10:32.252,118.2000,100
36632253549761,10:10:32.253,118.1700,100
36637283612985,10:10:37.283,118.1600,12
36637284338345,10:10:37.284,118.1700,12
36691249180328,10:11:31.249,118.1900,100
36691249407060,10:11:31.249,118.2200,9
36691249492503,10:11:31.249,118.1800,100
36691249492503,10:11:31.249,118.1700,100
36691249492503,10:11:31.249,118.1600,100
36691250238805,10:11:31.250,118.2100,6
36691257203728,10:11:31.257,118.2200,6
36722922933662,10:12:02.922,118.3300,20
36722923649101,10:12:02.923,118.3400,10
36750473789119,10:12:30.473,118.3800,12
36755357682623,10:12:35.357,118.3100,19
36755357689034,10:12:35.357,118.3100,81
36755357690776,10:12:35.357,118.3100,19
36755357722175,10:12:35.357,118.3100,81
36778184244830,10:12:58.184,118.1900,100
36781643440171,10:13:01.643,118.2300,19
36781643539867,10:13:01.643,118.1700,100
36809048342570,10:13:29.048,118.2700,11
36809048342570,10:13:29.048,118.2700,1
36809048342570,10:13:29.048,118.2700,100
36935958442095,10:15:35.958,118.3300,118
36935958477102,10:15:35.958,118.3300,100
36935958522214,10:15:35.958,118.3300,82
36935958522214,10:15:35.958,118.3200,18
36935958545685,10:15:35.958,118.3200,82
36935958545685,10:15:35.958,118.3200,36
36935958596605,10:15:35.958,118.3200,64
36935958596605,10:15:35.958,118.3200,36
36947555649301,10:15:47.555,118.2900,18
36977832243245,10:16:17.832,118.2500,100
36977943307945,10:16:17.943,118.2700,100
36982876100518,10:16:22.876,118.2400,12
36985273671666,10:16:25.273,118.1900,100
37004209764367,10:16:44.209,118.1600,100
37006012343784,10:16:46.012,118.1400,100
37014136671719,10:16:54.136,118.0800,80
37014136671719,10:16:54.136,118.0800,100
37014136671719,10:16:54.136,118.0700,18
37078020642406,10:17:58.020,117.9300,10
37078149951570,10:17:58.149,117.9100,100
37078150034425,10:17:58.150,117.9300,10
37078150146805,10:17:58.150,117.9100,10
37151741810235,10:19:11.741,117.7200,100
37168398561341,10:19:28.398,117.7100,100
37168399866431,10:19:28.399,117.7000,100
37168399866431,10:19:28.399,117.7000,100
37168410335383,10:19:28.410,117.7000,100
37168410365197,10:19:28.410,117.7000,10
37168410894096,10:19:28.410,117.7100,100
37171976335212,10:19:31.976,117.7000,98
37171976362239,10:19:31.976,117.7000,2
37171976395996,10:19:31.976,117.7000,2
37171976412091,10:19:31.976,117.7000,2
37171976435029,10:19:31.976,117.7000,2
37173504376560,10:19:33.504,117.7000,9
37173988387270,10:19:33.988,117.6700,200
37173988387270,10:19:33.988,117.6700,100
37173988417686,10:19:33.988,117.6700,47
37173988450077,10:19:33.988,117.6700,3
37173988450077,10:19:33.988,117.6700,47
37174628991304,10:19:34.628,117.7000,100
37174629464240,10:19:34.629,117.7000,1
37174861179968,10:19:34.861,117.7000,93
37174861179968,10:19:34.861,117.7100,1
37174861179968,10:19:34.861,117.7800,100
37174861179968,10:19:34.861,117.7800,100
37174861179968,10:19:34.861,117.7900,100
37174861179968,10:19:34.861,117.7900,5
37185741857717,10:19:45.741,117.7100,100
37222013526195,10:20:22.013,117.7900,3
37222013526195,10:20:22.013,117.7900,8
37222013526195,10:20:22.013,117.7900,25
37222013536554,10:20:22.013,117.7900,75
37222014586533,10:20:22.014,117.8000,10
37227862873396,10:20:27.862,117.8400,2
37246549112113,10:20:46.549,117.9200,21
37246549139507,10:20:46.549,117.9200,79
37251553987164,10:20:51.553,118.0200,100
37267178272491,10:21:07.178,117.9700,100
37267178272491,10:21:07.178,117.9700,18
37274176505975,10:21:14.176,117.9100,100
37281325103723,10:21:21.325,117.9100,100
37281325808271,10:21:21.325,117.8500,100
37281351752301,10:21:21.351,117.8300,200
37310673021618,10:21:50.673,117.9500,98
37312162000891,10:21:52.162,117.9600,100
37312162000891,10:21:52.162,117.9600,100
37312162036642,10:21:52.162,117.9900,18
37316148656944,10:21:56.148,117.9700,100
37334874472538,10:22:14.874,118.0600,9
37362157891872,10:22:42.157,118.0100,200
37362157891872,10:22:42.157,118.0100,9
37362157896604,10:22:42.157,118.0100,177
37362157901962,10:22:42.157,118.0100,14
37362157901962,10:22:42.157,118.0100,93
37362157905332,10:22:42.157,118.0100,7
37362182326221,10:22:42.182,117.9500,100
37362184406819,10:22:42.184,117.9300,1
37362184893995,10:22:42.184,117.9300,1
37396003120792,10:23:16.003,117.9300,25
37396003123901,10:23:16.003,117.9300,50
37398038827990,10:23:18.038,117.9000,100
37426748488723,10:23:46.748,117.9800,100
37426764432923,10:23:46.764,118.0200,41
37426764457947,10:23:46.764,118.0200,59
37426764457947,10:23:46.764,118.0200,100
37430265545339,10:23:50.265,118.0000,100
37468599002357,10:24:28.599,117.8500,1
37468599246554,10:24:28.599,117.8500,2
37468602551691,10:24:28.602,117.8500,100
37478554242217,10:24:38.554,117.8700,35
37478554274647,10:24:38.554,117.8700,65
37487777193489,10:24:47.777,117.9200,100
37507890234114,10:25:07.890,117.9800,62
37525756798232,10:25:25.756,117.9600,100
37546556947766,10:25:46.556,118.0100,39
37546556967811,10:25:46.556,118.0100,50
37546556979096,10:25:46.556,118.0100,11
37546556979096,10:25:46.556,118.0300,9
37546557199338,10:25:46.557,118.0300,70
37546557210446,10:25:46.557,118.0300,30
37550862948512,10:25:50.862,118.0100,100
37550862948512,10:25:50.862,118.0100,100
37575179560875,10:26:15.179,117.9500,69
37575179585193,10:26:15.179,117.9500,31
37602323987402,10:26:42.323,117.9000,100
37605686121728,10:26:45.686,117.8100,1
37605849344772,10:26:45.849,117.8150,99
37669209972137,10:27:49.209,117.8500,100
37681326413309,10:28:01.326,117.8100,9
37726898969433,10:28:46.898,117.8050,111
37740958995383,10:29:00.958,117.7700,9
37777365505437,10:29:37.365,117.8500,5
37777365544299,10:29:37.365,117.8500,3
37777365586003,10:29:37.365,117.8600,1
37777365972178,10:29:37.365,117.8800,30
37777365983107,10:29:37.365,117.8800,3
37777366007598,10:29:37.366,117.8800,3
37777366019514,10:29:37.366,117.8800,2
37777366049758,10:29:37.366,117.8800,42
37777366080393,10:29:37.366,117.8800,20
37800068957521,10:30:00.068,117.8900,100
37800068957521,10:30:00.068,117.9000,100
37800069493118,10:30:00.069,117.9400,173
37800069568445,10:30:00.069,117.9500,34
37800069615634,10:30:00.069,117.9500,23
37800069629053,10:30:00.069,117.9500,43
37800069629053,10:30:00.069,117.9500,46
37800070512769,10:30:00.070,117.9500,16
37800073035867,10:30:00.073,117.9500,38
37800073035867,10:30:00.073,117.9700,62
37800073236153,10:30:00.073,117.9700,38
37800076548840,10:30:00.076,117.9800,73
37800076800655,10:30:00.076,117.9800,27
37800076800655,10:30:00.076,118.0100,73
37800076836984,10:30:00.076,118.0100,27
37800088766533,10:30:00.088,118.1500,100
37800088770230,10:30:00.088,118.1500,200
37800088802979,10:30:00.088,118.1500,100
37800089495825,10:30:00.089,118.1600,100
37800092853912,10:30:00.092,118.1600,98
37800094544663,10:30:00.094,118.1600,2
37800111936933,10:30:00.111,118.1900,100
37800168472420,10:30:00.168,118.0700,100
37803673974092,10:30:03.673,118.2400,100
37803673974092,10:30:03.673,118.2500,8
37803689984935,10:30:03.689,118.2600,100
37803689984935,10:30:03.689,118.2600,100
37803689984935,10:30:03.689,118.2600,100
37803699523567,10:30:03.699,118.3800,92
37816782452184,10:30:16.782,118.0200,66
37816783117114,10:30:16.783,118.0200,34
37816783117114,10:30:16.783,118.0100,32
37816785603212,10:30:16.785,118.0400,100
37817569731197,10:30:17.569,118.0400,98
37817569804171,10:30:17.569,118.0400,2
37842416288433,10:30:42.416,118.1500,18
37842417277125,10:30:42.417,118.1700,9
37842417417055,10:30:42.417,118.1800,56
37842417771970,10:30:42.417,118.1800,9
37842417942880,10:30:42.417,118.1800,35
37925730132811,10:32:05.730,118.5200,86
37927644720381,10:32:07.644,118.4700,12
37936966581706,10:32:16.966,118.4700,1
37943980287779,10:32:23.980,118.5600,1
37943980287779,10:32:23.980,118.5600,11
38016335091807,10:33:36.335,118.5000,100
38017818393926,10:33:37.818,118.4300,72
38017818407541,10:33:37.818,118.4300,28
38017905502941,10:33:37.905,118.4800,300
38017905502941,10:33:37.905,118.5000,100
38017905579698,10:33:37.905,118.5100,19
38017906069803,10:33:37.906,118.5500,100
38023724957588,10:33:43.724,118.5800,80
38023725182005,10:33:43.725,118.5800,20
38040589613424,10:34:00.589,118.6400,100
38040595269290,10:34:00.595,118.6200,1
38040595355446,10:34:00.595,118.6200,2
38045777942077,10:34:05.777,118.6200,2
38047478702953,10:34:07.478,118.6900,200
38047478702953,10:34:07.478,118.6900,9
38047982592263,10:34:07.982,118.6750,1
38048031094426,10:34:08.031,118.6300,1
38100775361364,10:35:00.775,118.6750,1
38100775361364,10:35:00.775,118.6750,1
38100775361364,10:35:00.775,118.6750,1
38100775361364,10:35:00.775,118.6750,1
38100775361364,10:35:00.775,118.6750,1
38122982833991,10:35:22.982,118.6800,100
38144557270173,10:35:44.557,118.7400,22
38144557275034,10:35:44.557,118.7400,78
38144557275034,10:35:44.557,118.7400,33
38144557294881,10:35:44.557,118.7400,50
38144557325349,10:35:44.557,118.7400,17
38144558163523,10:35:44.558,118.7500,7
38144558168734,10:35:44.558,118.7500,100
38144558229150,10:35:44.558,118.7500,7
38144558246994,10:35:44.558,118.7500,93
38145633093496,10:35:45.633,118.6900,100
38145633093496,10:35:45.633,118.6900,9
38147429195594,10:35:47.429,118.7400,100
38147434291234,10:35:47.434,118.7100,10
38147434627137,10:35:47.434,118.6900,10
38147435061346,10:35:47.435,118.6800,100
38148078833268,10:35:48.078,118.6600,30
38148106382060,10:35:48.106,118.7300,100
38148106382060,10:35:48.106,118.7300,23
38160198069380,10:36:00.198,118.6400,100
38160198102832,10:36:00.198,118.6200,50
38160198308118,10:36:00.198,118.6200,50
38160198308118,10:36:00.198,118.6200,50
38160831755573,10:36:00.831,118.6200,50
38160831755573,10:36:00.831,118.6200,22
38160831781104,10:36:00.831,118.6200,78
38180763177217,10:36:20.763,118.6700,39
38180763199089,10:36:20.763,118.6700,61
38180763199089,10:36:20.763,118.6700,10
38194339391509,10:36:34.339,118.5900,20
38194339416349,10:36:34.339,118.5900,43
38194342039696,10:36:34.342,118.5700,43
38209811743878,10:36:49.811,118.4900,100
38230474846897,10:37:10.474,118.4400,19
38234794213191,10:37:14.794,118.4000,38
38239828027083,10:37:19.828,118.3800,100
38255422963210,10:37:35.422,118.2800,62
38255422976020,10:37:35.422,118.2800,38
38283019535517,10:38:03.019,118.2000,19
38283019535517,10:38:03.019,118.2000,100
38283019535517,10:38:03.019,118.2000,100
38302391294485,10:38:22.391,118.2000,100
38302391592487,10:38:22.391,118.1700,10
38302391592487,10:38:22.391,118.1700,100
38302391619649,10:38:22.391,118.1700,100
38303796888604,10:38:23.796,118.1400,100
38304524374646,10:38:24.524,118.1100,19
38304524377502,10:38:24.524,118.1000,36
38315225300783,10:38:35.225,118.1800,20
38315225300783,10:38:35.225,118.1800,7
38327156959831,10:38:47.156,118.1200,1
38358111152992,10:39:18.111,118.0800,19
38358111336585,10:39:18.111,118.0700,19
38358246206244,10:39:18.246,117.9800,1
38358246675598,10:39:18.246,117.9800,1
38358247209826,10:39:18.247,117.9800,1
38358247790174,10:39:18.247,117.9800,1
38413446063439,10:40:13.446,118.0200,100
38413446063439,10:40:13.446,118.0200,100
38414447122980,10:40:14.447,118.0200,100
38430321659458,10:40:30.321,118.0000,19
38430321787255,10:40:30.321,118.0600,10
38436106719182,10:40:36.106,118.0000,10
38436106719182,10:40:36.106,118.0000,19
38436106719182,10:40:36.106,118.0000,6
38448666807515,10:40:48.666,118.0000,94
38453484280581,10:40:53.484,118.0000,100
38453484336368,10:40:53.484,118.0100,7
38468249400543,10:41:08.249,117.9100,1
38468249401042,10:41:08.249,117.9100,2
38468249405224,10:41:08.249,117.9100,1
38468249406407,10:41:08.249,117.9100,2
38468249406873,10:41:08.249,117.9100,1
38468249407312,10:41:08.249,117.9100,1
38468249427594,10:41:08.249,117.9100,92
38468249427594,10:41:08.249,117.9100,100
38468566373954,10:41:08.566,117.8800,18
38495034673309,10:41:35.034,117.9300,100
38521578352147,10:42:01.578,117.9800,100
38521596221970,10:42:01.596,118.0000,107
38528052369788,10:42:08.052,118.0000,6
38528295499724,10:42:08.295,117.9800,18
38531430644412,10:42:11.430,118.0100,100
38539345118179,10:42:19.345,117.9700,18
38539345374867,10:42:19.345,117.9600,100
38556202714101,10:42:36.202,117.9400,100
38565376231559,10:42:45.376,117.9200,18
38593444280032,10:43:13.444,117.9600,100
38593444766062,10:43:13.444,117.9800,100
38594445818818,10:43:14.445,117.9800,100
38640956748902,10:44:00.956,118.0000,100
38654830153080,10:44:14.830,118.0100,100
38656160634398,10:44:16.160,117.9700,9
38656161049046,10:44:16.161,117.9700,9
38657521364692,10:44:17.521,118.0000,100
38657521364692,10:44:17.521,118.0500,6
38657521866065,10:44:17.521,118.0500,94
38657521866065,10:44:17.521,118.0700,4
38657521894952,10:44:17.521,118.0700,96
38657521894952,10:44:17.521,118.0700,6
38657521938024,10:44:17.521,118.0700,100
38657666729518,10:44:17.666,118.0100,100
38657666760374,10:44:17.666,118.0100,100
38660986718904,10:44:20.986,118.0000,17
38661239719419,10:44:21.239,118.0000,17
38661247068373,10:44:21.247,118.0400,10
38682960742389,10:44:42.960,118.0000,10
38713523195343,10:45:13.523,117.9200,1
38731047984393,10:45:31.047,117.9700,100
38731047984393,10:45:31.047,117.9800,300
38731047984393,10:45:31.047,117.9900,1
38731047984393,10:45:31.047,117.9900,100
38731047984393,10:45:31.047,117.9900,1
38731047984393,10:45:31.047,117.9900,100
38731047984393,10:45:31.047,117.9900,100
38745515400114,10:45:45.515,118.0700,100
38747882588162,10:45:47.882,118.1300,1
38748362886705,10:45:48.362,118.1400,100
38748363874636,10:45:48.363,118.1400,100
38758852384890,10:45:58.852,118.2300,100
38761495069135,10:46:01.495,118.2500,100
38763451314826,10:46:03.451,118.3100,7
38768047338620,10:46:08.047,118.3800,3
38769831908976,10:46:09.831,118.3400,100
38772706075186,10:46:12.706,118.4100,3
38777615719846,10:46:17.615,118.4400,100
38778065844794,10:46:18.065,118.4100,1
38778065846074,10:46:18.065,118.4100,1
38778065846455,10:46:18.065,118.4100,1
38778065848305,10:46:18.065,118.4100,1
38778065849664,10:46:18.065,118.4100,2
38780418572564,10:46:20.418,118.4700,100
38792089879382,10:46:32.089,118.4700,3
38795706532526,10:46:35.706,118.4400,100
38795706532526,10:46:35.706,118.4300,100
38798236687352,10:46:38.236,118.4300,94
38798236687352,10:46:38.236,118.4300,100
38798236772115,10:46:38.236,118.4300,100
38798237234390,10:46:38.237,118.4100,5
38798237520715,10:46:38.237,118.4100,95
38798237520715,10:46:38.237,118.4100,100
38861305977020,10:47:41.305,118.2400,100
38861306103706,10:47:41.306,118.2400,100
38861306885484,10:47:41.306,118.2400,100
38861306987039,10:47:41.306,118.2400,100
38861307034039,10:47:41.307,118.2400,100
38861307175299,10:47:41.307,118.2400,100
38861307270245,10:47:41.307,118.2400,100
38861307639410,10:47:41.307,118.2400,100
38861307729343,10:47:41.307,118.2400,42
38861307738856,10:47:41.307,118.2400,58
38861307738856,10:47:41.307,118.2400,5
38861307753173,10:47:41.307,118.2400,58
38861307754572,10:47:41.307,118.2400,37
38861756892432,10:47:41.756,118.1800,5
38862074225578,10:47:42.074,118.1800,95
38870687582638,10:47:50.687,118.2200,100
38888620963284,10:48:08.620,118.2500,9
38903671071270,10:48:23.671,118.2600,1
38916694221443,10:48:36.694,118.2800,1
38918893030569,10:48:38.893,118.2900,100
38920711571466,10:48:40.711,118.2900,100
38920711695771,10:48:40.711,118.2900,55
38920711720543,10:48:40.711,118.2900,100
38924900495009,10:48:44.900,118.2900,100
38928469101051,10:48:48.469,118.2900,298
38930048028956,10:48:50.048,118.2200,50
38930048032884,10:48:50.048,118.2200,50
38930048035913,10:48:50.048,118.2200,100
38930048590385,10:48:50.048,118.2100,100
38930048639070,10:48:50.048,118.2100,100
38947710857776,10:49:07.710,118.1900,100
38952950190237,10:49:12.950,118.2000,97
38952950190237,10:49:12.950,118.2000,3
38971566152563,10:49:31.566,118.1900,100
38972953156094,10:49:32.953,118.1600,100
38975229084666,10:49:35.229,118.2000,100
38989571385353,10:49:49.571,118.1400,100
38989572478556,10:49:49.572,118.1100,1
38989572505092,10:49:49.572,118.1100,99
38995252195411,10:49:55.252,118.0300,100
38995252519484,10:49:55.252,117.9800,84
38999280608073,10:49:59.280,118.0700,100
38999280842761,10:49:59.280,118.0900,18
38999281079459,10:49:59.281,118.0900,59
38999281104713,10:49:59.281,118.0900,23
39003176626941,10:50:03.176,118.0100,100
39003527122658,10:50:03.527,118.0400,100
39011671336905,10:50:11.671,117.9900,88
39021012519584,10:50:21.012,117.9600,100
39033692527996,10:50:33.692,117.9000,100
39042080700106,10:50:42.080,117.8700,100
39045006405665,10:50:45.006,117.8100,100
39045006405665,10:50:45.006,117.8000,100
39045010744501,10:50:45.010,117.7900,100
39058524022824,10:50:58.524,117.7500,100
39058524022824,10:50:58.524,117.7500,100
39065038094211,10:51:05.038,117.7200,131
39065038123246,10:51:05.038,117.7200,269
39065038133150,10:51:05.038,117.7200,100
39065038164279,10:51:05.038,117.7200,100
39065038194645,10:51:05.038,117.7200,100
39065038207804,10:51:05.038,117.7200,300
39065038207804,10:51:05.038,117.7200,100
39065038261901,10:51:05.038,117.7200,150
39065038272198,10:51:05.038,117.7200,50
39069365538951,10:51:09.365,117.7000,200
39071092069762,10:51:11.092,117.7100,100
39071092069762,10:51:11.092,117.7100,13
39071092095173,10:51:11.092,117.7100,87
39076020031388,10:51:16.020,117.7500,98
39076020057319,10:51:16.020,117.7500,2
39076020057319,10:51:16.020,117.7500,9
39076020481138,10:51:16.020,117.7600,4
39077732988464,10:51:17.732,117.7800,18
39083093686768,10:51:23.093,117.7800,9
39083094465409,10:51:23.094,117.7800,9
39097287517914,10:51:37.287,117.7800,100
39097287573134,10:51:37.287,117.7800,82
39097287573134,10:51:37.287,117.7800,18
39097287583111,10:51:37.287,117.7800,82
39097287583111,10:51:37.287,117.7700,18
39097288080478,10:51:37.288,117.7700,82
39097288080478,10:51:37.288,117.7700,18
39097289551420,10:51:37.289,117.7700,82
39120452885454,10:52:00.452,117.8050,100
39128573763225,10:52:08.573,117.8200,6
39128573883817,10:52:08.573,117.8500,100
39128573883817,10:52:08.573,117.8500,100
39128573883817,10:52:08.573,117.8500,95
39243437479174,10:54:03.437,118.0200,100
39243437479174,10:54:03.437,118.0200,100
39243437479174,10:54:03.437,118.0200,8
39247848523604,10:54:07.848,118.0900,50
39247848534466,10:54:07.848,118.0900,6
39275793687238,10:54:35.793,118.1200,100
39278001014676,10:54:38.001,118.1500,87
39278001070981,10:54:38.001,118.1500,13
39278001070981,10:54:38.001,118.1500,60
39278001122090,10:54:38.001,118.1500,40
39278792079871,10:54:38.792,118.1800,41
39282906938017,10:54:42.906,118.1800,59
39310709797952,10:55:10.709,118.2900,100
39310716780667,10:55:10.716,118.3000,1
39326999492491,10:55:26.999,118.3000,100
39326999717652,10:55:26.999,118.2900,87
39326999749473,10:55:26.999,118.2900,7
39326999826652,10:55:26.999,118.2900,6
39329171023949,10:55:29.171,118.3500,100
39349626051442,10:55:49.626,118.4200,100
39351223699642,10:55:51.223,118.3800,100
39351223699642,10:55:51.223,118.3500,100
39351223699642,10:55:51.223,118.3400,100
39353779114851,10:55:53.779,118.3000,9
39353779623758,10:55:53.779,118.3000,9
39354081067283,10:55:54.081,118.3000,1
39354081385570,10:55:54.081,118.3000,70
39354081435470,10:55:54.081,118.3000,1
39354082180761,10:55:54.082,118.3000,10
39384307551686,10:56:24.307,118.3600,9
39403123267378,10:56:43.123,118.3700,100
39416348657623,10:56:56.348,118.4700,100
39416348657623,10:56:56.348,118.4700,100
39416348657623,10:56:56.348,118.4700,100
39416349045704,10:56:56.349,118.4800,100
39422896881300,10:57:02.896,118.5600,18
39466523830952,10:57:46.523,118.4700,9
39466528048195,10:57:46.528,118.4300,100
39466528621990,10:57:46.528,118.4300,100
39468728990739,10:57:48.728,118.4700,18
39468728990739,10:57:48.728,118.4700,140
39468729491942,10:57:48.729,118.4800,4
39468729521837,10:57:48.729,118.4800,100
39468729926029,10:57:48.729,118.4800,22
39468729974728,10:57:48.729,118.4800,74
39478062150133,10:57:58.062,118.5700,100
39478062150133,10:57:58.062,118.5700,18
39478062150133,10:57:58.062,118.5700,100
39498400366868,10:58:18.400,118.5900,19
39498400366868,10:58:18.400,118.5900,11
39518948577170,10:58:38.948,118.5800,19
39518948999914,10:58:38.948,118.5900,100
39535439248146,10:58:55.439,118.6500,3
39535440835608,10:58:55.440,118.6700,47
39535440949595,10:58:55.440,118.6700,53
39535441064354,10:58:55.441,118.6800,19
39535441064354,10:58:55.441,118.6800,81
39559824036314,10:59:19.824,118.7300,100
39573513133954,10:59:33.513,118.7500,100
39575245644608,10:59:35.245,118.6800,100
39601913845097,11:00:01.913,118.9100,100
39601913845097,11:00:01.913,118.9100,200
39601913845097,11:00:01.913,118.9100,100
39601913845097,11:00:01.913,118.9100,100
39601913845097,11:00:01.913,118.9300,18
39601913845097,11:00:01.913,118.9500,100
39601913845097,11:00:01.913,118.9500,100
39601913845097,11:00:01.913,118.9700,100
39601913845097,11:00:01.913,118.9800,62
39601913845097,11:00:01.913,118.9900,100
39603491228005,11:00:03.491,119.0300,100
39603491228005,11:00:03.491,119.0300,166
39608084258965,11:00:08.084,119.0400,13
39608084388870,11:00:08.084,119.0400,19
39608084545132,11:00:08.084,119.0400,100
39608084545132,11:00:08.084,119.0400,100
39608084763617,11:00:08.084,119.0700,100
39608084925643,11:00:08.084,119.0400,100
39611245715259,11:00:11.245,118.9800,200
39629288205920,11:00:29.288,119.1300,7
39629288217377,11:00:29.288,119.1300,50
39629399965821,11:00:29.399,119.1300,18
39629399995095,11:00:29.399,119.1300,25
39629399995095,11:00:29.399,119.1300,19
39656631297799,11:00:56.631,119.1500,86
39656631406026,11:00:56.631,119.1500,31
39656631449574,11:00:56.631,119.1500,83
39657785215593,11:00:57.785,119.1700,19
39663045953241,11:01:03.045,119.2100,19
39663064694463,11:01:03.064,119.2200,1
39663463287479,11:01:03.463,119.3100,100
39663463287479,11:01:03.463,119.3100,100
39677113394700,11:01:17.113,119.4100,100
39677113394700,11:01:17.113,119.4300,100
39677113394700,11:01:17.113,119.4300,100
39677113394700,11:01:17.113,119.4300,100
39677113394700,11:01:17.113,119.4300,300
39677113394700,11:01:17.113,119.4400,19
39677113394700,11:01:17.113,119.4400,100
39677113394700,11:01:17.113,119.4400,100
39677113394700,11:01:17.113,119.4400,881
39677113972169,11:01:17.113,119.4400,85
39677113995256,11:01:17.113,119.4400,90
39677113995834,11:01:17.113,119.4400,5
39677114138765,11:01:17.114,119.4400,20
39677114138765,11:01:17.114,119.4400,80
39677114151676,11:01:17.114,119.4400,100
39677114519853,11:01:17.114,119.4500,90
39677496478165,11:01:17.496,119.4300,1
39678009179255,11:01:18.009,119.4600,1
39684623100794,11:01:24.623,119.4500,19
39684623100794,11:01:24.623,119.4500,81
39684623103091,11:01:24.623,119.4500,19
39684623103091,11:01:24.623,119.4500,81
39684623383536,11:01:24.623,119.4300,10
39684623501446,11:01:24.623,119.4500,14
39684648603549,11:01:24.648,119.3700,100
39684648603549,11:01:24.648,119.3600,100
39684649281860,11:01:24.649,119.3600,100
39684649281860,11:01:24.649,119.3600,7
39684649310778,11:01:24.649,119.3600,93
39684649338194,11:01:24.649,119.3600,93
39684649409959,11:01:24.649,119.3600,7
39684649409959,11:01:24.649,119.3600,86
39684649649420,11:01:24.649,119.3600,14
39684649649420,11:01:24.649,119.3600,100
39684649649420,11:01:24.649,119.3600,186
39684649672267,11:01:24.649,119.3600,5
39684650737440,11:01:24.650,119.3600,9
39684651419804,11:01:24.651,119.3600,100
39684651419804,11:01:24.651,119.3600,19
39684657646825,11:01:24.657,119.3700,19
39694019780045,11:01:34.019,119.3900,19
39749775683087,11:02:29.775,119.4200,72
39749775683087,11:02:29.775,119.4100,100
39749775683087,11:02:29.775,119.4100,28
39749775752759,11:02:29.775,119.4100,72
39749775853550,11:02:29.775,119.4100,1
39749775915181,11:02:29.775,119.4100,72
39749775921623,11:02:29.775,119.4100,27
39749776160147,11:02:29.776,119.4100,72
39749776239018,11:02:29.776,119.4100,28
39749776239018,11:02:29.776,119.4100,72
39749776302116,11:02:29.776,119.4100,28
39749776302116,11:02:29.776,119.4100,72
39749777436446,11:02:29.777,119.4100,28
39749777436446,11:02:29.777,119.4100,72
39749781023536,11:02:29.781,119.4100,28
39749792833607,11:02:29.792,119.4000,100
39749792918968,11:02:29.792,119.4000,100
39749793383183,11:02:29.793,119.4000,33
39749793726501,11:02:29.793,119.4000,34
39750940609802,11:02:30.940,119.4000,20
39750940609802,11:02:30.940,119.4000,69
39750940609802,11:02:30.940,119.4000,11
39750940709584,11:02:30.940,119.4000,89
39795025975299,11:03:15.025,119.3700,50
39799285096530,11:03:19.285,119.3600,9
39799285140649,11:03:19.285,119.3600,91
39799285165037,11:03:19.285,119.3600,91
39799285183379,11:03:19.285,119.3600,9
39799285183379,11:03:19.285,119.3600,91
39799285193614,11:03:19.285,119.3600,9
39799285207850,11:03:19.285,119.3600,9
39799285233971,11:03:19.285,119.3600,91
39799285372034,11:03:19.285,119.3600,100
39799285592764,11:03:19.285,119.3600,59
39799285617665,11:03:19.285,119.3600,41
39799285618985,11:03:19.285,119.3600,41
39799285620945,11:03:19.285,119.3600,41
39799285660744,11:03:19.285,119.3600,100
39799285773499,11:03:19.285,119.3600,18
39800779757147,11:03:20.779,119.2800,100
39813013106924,11:03:33.013,119.2900,3
39819031266745,11:03:39.031,119.2200,100
39819031374273,11:03:39.031,119.2200,78
39819031413404,11:03:39.031,119.2200,22
39819031489821,11:03:39.031,119.2200,100
39828895198961,11:03:48.895,119.2900,14
39828895603425,11:03:48.895,119.3100,100
39834653200077,11:03:54.653,119.3500,100
39834653251043,11:03:54.653,119.3600,100
39834654290474,11:03:54.654,119.3800,100
39834654841089,11:03:54.654,119.3900,100
39836281402833,11:03:56.281,119.3900,100
39843614817224,11:04:03.614,119.4300,14
39845406607738,11:04:05.406,119.4000,9
39861573228598,11:04:21.573,119.3300,2
39861573229226,11:04:21.573,119.3300,1
39861573232000,11:04:21.573,119.3300,1
39861573235701,11:04:21.573,119.3300,1
39861573237221,11:04:21.573,119.3300,1
39861573239700,11:04:21.573,119.3300,1
39861573240272,11:04:21.573,119.3300,1
39861573240900,11:04:21.573,119.3300,1
39861824341707,11:04:21.824,119.3300,91
39861824341707,11:04:21.824,119.3300,200
39861824341707,11:04:21.824,119.3300,11
39861824341707,11:04:21.824,119.3300,200
39861824341707,11:04:21.824,119.3300,100
39861824468009,11:04:21.824,119.3300,100
39861824492279,11:04:21.824,119.3300,100
39880997830863,11:04:40.997,119.2750,80
39886781609722,11:04:46.781,119.3000,100
39922288896954,11:05:22.288,119.2400,19
39965526415553,11:06:05.526,119.2400,100
39967443935222,11:06:07.443,119.1800,100
39995730997651,11:06:35.730,119.0800,100
40025354740365,11:07:05.354,119.1500,100
40025354754455,11:07:05.354,119.1600,4
40025763974282,11:07:05.763,119.2100,100
40026755419836,11:07:06.755,119.2100,100
40026755482343,11:07:06.755,119.2100,12
40026755798356,11:07:06.755,119.2200,81
40027019630429,11:07:07.019,119.2200,19
40107883832096,11:08:27.883,119.2500,43
40107883839939,11:08:27.883,119.2500,50
40107883853429,11:08:27.883,119.2500,7
40132080198613,11:08:52.080,119.3300,13
40225670121345,11:10:25.670,119.4200,13
40225670332628,11:10:25.670,119.4300,100
40225670332628,11:10:25.670,119.4300,1
40225671490943,11:10:25.671,119.4400,20
40244327260907,11:10:44.327,119.3700,47
40244327270944,11:10:44.327,119.3700,80
40244327308156,11:10:44.327,119.3700,100
40244327333349,11:10:44.327,119.3700,73
40244327333349,11:10:44.327,119.3600,27
40244328393214,11:10:44.328,119.3600,73
40244328393214,11:10:44.328,119.3600,100
40244328800574,11:10:44.328,119.3600,100
40245025573008,11:10:45.025,119.2900,2
40293377871967,11:11:33.377,119.3200,1
40320532685130,11:12:00.532,119.4300,100
40320532724553,11:12:00.532,119.4300,98
40320532756168,11:12:00.532,119.4300,2
40320533050727,11:12:00.533,119.4800,100
40330536189451,11:12:10.536,119.5200,60
40330632266344,11:12:10.632,119.5200,8
40362566113243,11:12:42.566,119.4500,3
40366693101938,11:12:46.693,119.4500,97
40366693101938,11:12:46.693,119.4100,100
40366693101938,11:12:46.693,119.4100,9
40366693145832,11:12:46.693,119.4100,91
40366693145832,11:12:46.693,119.4100,6
40387851492669,11:13:07.851,119.3100,1
40387908384810,11:13:07.908,119.3900,100
40398262877768,11:13:18.262,119.4200,14
40398269173657,11:13:18.269,119.4600,19
40398269173657,11:13:18.269,119.4600,100
40398277266455,11:13:18.277,119.4900,46
40446526684027,11:14:06.526,119.5200,100
40449865939238,11:14:09.865,119.4500,3
40482619086644,11:14:42.619,119.5000,1
40482619086644,11:14:42.619,119.5000,2
40482620760655,11:14:42.620,119.5400,100
40482621032886,11:14:42.621,119.5600,100
40485080241227,11:14:45.080,119.5200,98
40485080269465,11:14:45.080,119.5200,2
40486294511786,11:14:46.294,119.4500,1
40486294513630,11:14:46.294,119.4500,1
40486294514172,11:14:46.294,119.4500,1
40486294517054,11:14:46.294,119.4500,1
40486294517616,11:14:46.294,119.4500,1
40486294522048,11:14:46.294,119.4500,1
40486294522606,11:14:46.294,119.4500,1
40486294523097,11:14:46.294,119.4500,1
40486294525135,11:14:46.294,119.4500,1
40486294528519,11:14:46.294,119.4500,1
40540674691781,11:15:40.674,119.6400,98
40540674794356,11:15:40.674,119.6400,2
40540674938044,11:15:40.674,119.6500,4
40581913159544,11:16:21.913,119.6100,70
40581913182318,11:16:21.913,119.6100,30
40581913182318,11:16:21.913,119.6000,66
40581913423117,11:16:21.913,119.6300,19
40581913594474,11:16:21.913,119.5900,10
40581913625300,11:16:21.913,119.6300,10
40581914111031,11:16:21.914,119.6000,100
40581914443819,11:16:21.914,119.6400,10
40581915852308,11:16:21.915,119.6800,100
40581971965053,11:16:21.971,119.6900,14
40581971965053,11:16:21.971,119.6900,100
40581971965053,11:16:21.971,119.6900,19
40582383334694,11:16:22.383,119.6500,40
40583642896799,11:16:23.642,119.6550,1
40589139633123,11:16:29.139,119.6550,1
40591339795765,11:16:31.339,119.6900,100
40591339861298,11:16:31.339,119.7000,19
40591340029347,11:16:31.340,119.7100,100
40591340084828,11:16:31.340,119.7100,100
40591340463842,11:16:31.340,119.7100,100
40600896537170,11:16:40.896,119.7300,98
40600896596456,11:16:40.896,119.7300,2
40600896596456,11:16:40.896,119.7300,98
40600896651844,11:16:40.896,119.7300,2
40600896651844,11:16:40.896,119.7300,98
40600896880568,11:16:40.896,119.7300,2
40600896917958,11:16:40.896,119.7300,5
40634594613860,11:17:14.594,119.7400,100
40668420031167,11:17:48.420,119.7900,82
40668420040986,11:17:48.420,119.7900,18
40672766687011,11:17:52.766,119.8400,100
40672766687011,11:17:52.766,119.8400,10
40717499381868,11:18:37.499,119.8100,100
40717499381868,11:18:37.499,119.7500,100
40717499761842,11:18:37.499,119.7500,100
40717500382417,11:18:37.500,119.7400,200
40739802169322,11:18:59.802,119.8300,25
40739802191937,11:18:59.802,119.8400,70
40739802197721,11:18:59.802,119.8400,27
40739802436701,11:18:59.802,119.8400,3
40787087838395,11:19:47.087,119.7600,2
40787087846858,11:19:47.087,119.7600,98
40787087846858,11:19:47.087,119.7500,2
40787087859371,11:19:47.087,119.7500,98
40842916027535,11:20:42.916,119.6800,11
40842916033842,11:20:42.916,119.6800,13
40842916034324,11:20:42.916,119.6800,50
40842916087415,11:20:42.916,119.6800,26
40842916824152,11:20:42.916,119.6700,100
40842917215085,11:20:42.917,119.6600,1
40842917220341,11:20:42.917,119.6600,1
40842917261698,11:20:42.917,119.6600,98
40842917261698,11:20:42.917,119.6600,100
40850527108876,11:20:50.527,119.6900,100
40864045595286,11:21:04.045,119.6700,100
40865029498633,11:21:05.029,119.6700,50
40865030213757,11:21:05.030,119.6800,50
40865030237828,11:21:05.030,119.6800,100
40865030237828,11:21:05.030,119.6800,200
40865031423608,11:21:05.031,119.7100,100
40865031480468,11:21:05.031,119.7100,100
40865031617377,11:21:05.031,119.7100,100
40865032649089,11:21:05.032,119.7200,55
40865032918045,11:21:05.032,119.7200,45
40865032918045,11:21:05.032,119.7200,100
40865032918045,11:21:05.032,119.7200,5
40865033031261,11:21:05.033,119.7200,95
40865033031261,11:21:05.033,119.7200,100
40865033031261,11:21:05.033,119.7200,15
40939330381579,11:22:19.330,119.6200,100
40939331621712,11:22:19.331,119.6100,100
40939334704301,11:22:19.334,119.6000,100
40956413393945,11:22:36.413,119.5300,100
40956413881170,11:22:36.413,119.5200,100
40956417267663,11:22:36.417,119.5200,3
40972389162468,11:22:52.389,119.4600,100
40993732947699,11:23:13.732,119.5100,4
40993732947699,11:23:13.732,119.5100,96
40993732995870,11:23:13.732,119.5100,4
40993732995870,11:23:13.732,119.5100,15
41057941193255,11:24:17.941,119.4400,100
41076454352764,11:24:36.454,119.4750,1
41076454352764,11:24:36.454,119.4750,1
41076454352764,11:24:36.454,119.4750,1
41080569179855,11:24:40.569,119.5200,1
41080569179855,11:24:40.569,119.5200,14
41080569179855,11:24:40.569,119.5200,100
41080569196044,11:24:40.569,119.5400,33
41080569468515,11:24:40.569,119.5400,67
41080621380724,11:24:40.621,119.4900,100
41080621380724,11:24:40.621,119.4900,100
41080621380724,11:24:40.621,119.4900,100
41100340769022,11:25:00.340,119.6000,100
41100341262893,11:25:00.341,119.6100,100
41100342425344,11:25:00.342,119.6200,100
41100342425982,11:25:00.342,119.6200,100
41100342442444,11:25:00.342,119.6200,100
41101021629216,11:25:01.021,119.6400,100
41111990748193,11:25:11.990,119.6000,100
41111990802314,11:25:11.990,119.6000,100
41112030878515,11:25:12.030,119.5900,100
41122627095317,11:25:22.627,119.5000,1
41138446065742,11:25:38.446,119.5100,8
41138480203256,11:25:38.480,119.5000,1
41142598523752,11:25:42.598,119.5000,99
41142599440774,11:25:42.599,119.4700,100
41250019136307,11:27:30.019,119.3900,100
41250024085010,11:27:30.024,119.3600,85
41250024091750,11:27:30.024,119.3500,2
41250024102110,11:27:30.024,119.3500,63
41250024125674,11:27:30.024,119.3500,99
41250024244555,11:27:30.024,119.3500,136
41250278013233,11:27:30.278,119.3400,100
41274822849579,11:27:54.822,119.3600,1
41274823408425,11:27:54.823,119.3700,100
41275281279600,11:27:55.281,119.4000,100
41282369128750,11:28:02.369,119.4200,100
41284488677343,11:28:04.488,119.4400,5
41290578700458,11:28:10.578,119.4600,14
41308397320595,11:28:28.397,119.4300,200
41340651361930,11:29:00.651,119.3600,100
41372203860021,11:29:32.203,119.4700,80
41372203891397,11:29:32.203,119.4700,20
41372204661101,11:29:32.204,119.4900,20
41372213615848,11:29:32.213,119.4900,80
41392831751737,11:29:52.831,119.5100,100
41426512037921,11:30:26.512,119.5500,3
41426512037921,11:30:26.512,119.5500,19
41426512053020,11:30:26.512,119.5500,41
41426512389784,11:30:26.512,119.5700,14
41427516698514,11:30:27.516,119.6100,77
41432925975630,11:30:32.925,119.6100,100
41432926300854,11:30:32.926,119.6100,100
41450604647266,11:30:50.604,119.6050,1
41450604647266,11:30:50.604,119.6050,1
41512184795417,11:31:52.184,119.7000,10
41512184795417,11:31:52.184,119.7200,6
41512184795417,11:31:52.184,119.7200,84
41512184881182,11:31:52.184,119.7200,16
41538332699493,11:32:18.332,119.7100,100
41538332699493,11:32:18.332,119.6600,4
41538332806393,11:32:18.332,119.6600,6
41538344775682,11:32:18.344,119.6600,94
41574895969156,11:32:54.895,119.7200,118
41574896194993,11:32:54.896,119.7200,69
41574896198185,11:32:54.896,119.7300,29
41574896598788,11:32:54.896,119.7300,71
41632021360712,11:33:52.021,119.6700,100
41632021360712,11:33:52.021,119.6700,100
41632021360712,11:33:52.021,119.6700,100
41632021395446,11:33:52.021,119.6700,100
41658553908119,11:34:18.553,119.6400,9
41658554390784,11:34:18.554,119.6400,9
41702013193698,11:35:02.013,119.7100,14
41702013193698,11:35:02.013,119.7100,100
41702013393980,11:35:02.013,119.7200,100
41767509501858,11:36:07.509,119.6900,5
41792113769641,11:36:32.113,119.6800,100
41792113796049,11:36:32.113,119.6800,100
41792114666545,11:36:32.114,119.6700,98
41792114705874,11:36:32.114,119.6700,2
41799188515194,11:36:39.188,119.6300,100
41807002894284,11:36:47.002,119.6300,100
41807004253576,11:36:47.004,119.6300,100
41828863872369,11:37:08.863,119.6900,2
41828863872369,11:37:08.863,119.6900,100
41828864566250,11:37:08.864,119.7300,4
41828864592078,11:37:08.864,119.7300,96
41873081126724,11:37:53.081,119.7700,5
41873081150949,11:37:53.081,119.7700,95
41873081956089,11:37:53.081,119.7800,99
41873081996441,11:37:53.081,119.7800,1
41873081996441,11:37:53.081,119.7800,14
41887777800734,11:38:07.777,119.7400,1
41889709897516,11:38:09.709,119.7300,100
41917830612754,11:38:37.830,119.6600,100
41928634286717,11:38:48.634,119.6900,100
41928642450777,11:38:48.642,119.6900,100
41928642635496,11:38:48.642,119.6900,100
41928642853390,11:38:48.642,119.6900,100
41928643458239,11:38:48.643,119.7000,10
41928643552581,11:38:48.643,119.7100,20
41928643552581,11:38:48.643,119.7100,100
41948183986430,11:39:08.183,119.6900,10
41948183986430,11:39:08.183,119.6900,10
41948183986430,11:39:08.183,119.6900,10
41948183986430,11:39:08.183,119.6900,70
41948184473462,11:39:08.184,119.6900,30
41948184473462,11:39:08.184,119.6900,100
41949002217764,11:39:09.002,119.6900,100
41949254797104,11:39:09.254,119.6900,100
41949255420052,11:39:09.255,119.7000,21
41949255495075,11:39:09.255,119.7100,20
41949255579727,11:39:09.255,119.7000,21
41949255746658,11:39:09.255,119.7200,100
41949255773434,11:39:09.255,119.7200,100
41949255773434,11:39:09.255,119.7200,15
41949255773434,11:39:09.255,119.7200,21
41949255787669,11:39:09.255,119.7200,100
41949255838809,11:39:09.255,119.7200,100
41949255838809,11:39:09.255,119.7200,36
41949255851539,11:39:09.255,119.7200,100
41949255964764,11:39:09.255,119.7200,21
41949256015362,11:39:09.256,119.7200,79
41949256015362,11:39:09.256,119.7200,21
41949984832398,11:39:09.984,119.7000,100
41949984861533,11:39:09.984,119.7000,20
41949984928755,11:39:09.984,119.7000,20
41950025230376,11:39:10.025,119.6900,100
41952120290360,11:39:12.120,119.7200,43
41952120290360,11:39:12.120,119.7200,100
41952120290360,11:39:12.120,119.7200,144
41952120622386,11:39:12.120,119.7300,34
41952120681815,11:39:12.120,119.7300,66
41952120681815,11:39:12.120,119.7300,144
41979625968801,11:39:39.625,119.8300,100
41989882189196,11:39:49.882,119.7600,100
42008422149287,11:40:08.422,119.8600,15
42022327720830,11:40:22.327,119.9000,36
42022329037008,11:40:22.329,119.9000,64
42030294242015,11:40:30.294,119.9600,93
42038888947531,11:40:38.888,119.8900,100
42038889040945,11:40:38.889,119.8900,200
42038891496010,11:40:38.891,119.8700,200
42045527074585,11:40:45.527,119.8700,100
42045527074585,11:40:45.527,119.8700,100
42045527074585,11:40:45.527,119.8700,100
42052831879375,11:40:52.831,119.9100,11
42054394157006,11:40:54.394,119.8300,100
42054394157006,11:40:54.394,119.8300,21
42054394302560,11:40:54.394,119.8300,79
42082644569071,11:41:22.644,119.8100,100
42082644569071,11:41:22.644,119.8100,100
42082644569071,11:41:22.644,119.8100,100
42129409638348,11:42:09.409,119.8500,6
42129409638348,11:42:09.409,119.8500,94
42129413477950,11:42:09.413,119.8500,6
42129413477950,11:42:09.413,119.8500,94
42129413518754,11:42:09.413,119.8500,6
42129413518754,11:42:09.413,119.8500,15
42137894701307,11:42:17.894,119.8500,100
42144079629652,11:42:24.079,119.8400,100
42146887126407,11:42:26.887,119.8200,94
42146887156063,11:42:26.887,119.8200,206
42196059361484,11:43:16.059,119.8500,1
42196059361484,11:43:16.059,119.8500,99
42196059377365,11:43:16.059,119.8500,30
42196059404818,11:43:16.059,119.8500,30
42226104496932,11:43:46.104,119.9100,100
42226105050913,11:43:46.105,119.9200,100
42253234455703,11:44:13.234,119.8500,100
42259136766678,11:44:19.136,119.8500,100
42259829983103,11:44:19.829,119.8400,100
42259829983103,11:44:19.829,119.8400,100
42259830598257,11:44:19.830,119.8400,100
42280157946484,11:44:40.157,119.7700,26
42280157949528,11:44:40.157,119.7700,50
42280157953473,11:44:40.157,119.7700,24
42293147336908,11:44:53.147,119.7300,150
42293147336908,11:44:53.147,119.7300,50
42293147834898,11:44:53.147,119.6900,100
42293147952256,11:44:53.147,119.6900,100
42293147955303,11:44:53.147,119.6900,22
42293148319788,11:44:53.148,119.6900,100
42293148319788,11:44:53.148,119.6900,100
42293148809209,11:44:53.148,119.6900,100
42293148809209,11:44:53.148,119.6900,325
42293149047179,11:44:53.149,119.6900,53
42293149047179,11:44:53.149,119.6700,40
42293153081121,11:44:53.153,119.6900,100
42293154373534,11:44:53.154,119.6900,100
42293154373534,11:44:53.154,119.6900,100
42293163491404,11:44:53.163,119.6700,60
42293164386028,11:44:53.164,119.6700,100
42308353349323,11:45:08.353,119.6400,100
42308353445124,11:45:08.353,119.6400,22
42308357307415,11:45:08.357,119.6400,100
42309925790369,11:45:09.925,119.6200,100
42309925844348,11:45:09.925,119.6200,100
42309925851080,11:45:09.925,119.6200,100
42309925995907,11:45:09.925,119.6200,100
42313442866134,11:45:13.442,119.6200,100
42313442911388,11:45:13.442,119.6200,100
42323379537728,11:45:23.379,119.6000,100
42330529278670,11:45:30.529,119.5000,200
42330533831783,11:45:30.533,119.5000,50
42331127541448,11:45:31.127,119.5000,9
42331127821736,11:45:31.127,119.5000,17
42331127951573,11:45:31.127,119.5000,8
42331786425941,11:45:31.786,119.4600,100
42331786517731,11:45:31.786,119.4600,100
42331786616041,11:45:31.786,119.4600,100
42331828008828,11:45:31.828,119.4500,100
42331828069201,11:45:31.828,119.4500,21
42345281773529,11:45:45.281,119.3700,100
42346527625401,11:45:46.527,119.4100,100
42346527625401,11:45:46.527,119.4100,6
42346527625401,11:45:46.527,119.4100,14
42361632936349,11:46:01.632,119.4900,100
42361632987763,11:46:01.632,119.4900,14
42361633013665,11:46:01.633,119.4900,86
42361633013665,11:46:01.633,119.4900,7
42361633037300,11:46:01.633,119.4900,93
42361633106248,11:46:01.633,119.4900,7
42361633165768,11:46:01.633,119.4900,20
42361634149028,11:46:01.634,119.5000,16
42361634149028,11:46:01.634,119.5000,18
42361634207477,11:46:01.634,119.5000,100
42361663545514,11:46:01.663,119.5000,32
42361663545514,11:46:01.663,119.5000,68
42361663594693,11:46:01.663,119.5000,100
42362009094512,11:46:02.009,119.5000,100
42363201768421,11:46:03.201,119.5000,100
42363217472879,11:46:03.217,119.5000,100
42363220445066,11:46:03.220,119.5000,100
42367152439209,11:46:07.152,119.5000,200
42367152439209,11:46:07.152,119.5200,12
42367152573560,11:46:07.152,119.5400,100
42368030075544,11:46:08.030,119.4800,20
42368030075544,11:46:08.030,119.4800,100
42368030273608,11:46:08.030,119.4800,6
42368610583612,11:46:08.610,119.4800,24
42379550120342,11:46:19.550,119.5000,138
42379550120342,11:46:19.550,119.5000,100
42389587469434,11:46:29.587,119.5000,29
42393846304466,11:46:33.846,119.4900,20
42393846316857,11:46:33.846,119.4900,20
42419882381071,11:46:59.882,119.5300,100
42429784684499,11:47:09.784,119.5100,100
42429784737697,11:47:09.784,119.5100,100
42429784748665,11:47:09.784,119.5100,98
42442757865402,11:47:22.757,119.5200,10
42443812021264,11:47:23.812,119.5100,35
42443812378012,11:47:23.812,119.4900,100
42443812426799,11:47:23.812,119.4900,100
42463878057991,11:47:43.878,119.5100,116
42479854403070,11:47:59.854,119.4600,1
42482451565658,11:48:02.451,119.4800,55
42491159057139,11:48:11.159,119.4600,100
42491159057139,11:48:11.159,119.4600,7
42491159077887,11:48:11.159,119.4600,93
42503751274272,11:48:23.751,119.4100,100
42528135444815,11:48:48.135,119.4600,30
42528135444815,11:48:48.135,119.4600,12
42528135444815,11:48:48.135,119.4600,6
42528135456590,11:48:48.135,119.4600,89
42528135456590,11:48:48.135,119.4600,11
42528135463464,11:48:48.135,119.4600,89
42528947879918,11:48:48.947,119.4600,89
42548489855871,11:49:08.489,119.5200,100
42548489855871,11:49:08.489,119.5200,100
42549293855195,11:49:09.293,119.5550,100
42549293855195,11:49:09.293,119.5800,100
42549293880946,11:49:09.293,119.5800,100
42550901063159,11:49:10.901,119.6100,70
42554851260669,11:49:14.851,119.6150,30
42609565502160,11:50:09.565,119.6200,89
42609565515998,11:50:09.565,119.6200,11
42609565813155,11:50:09.565,119.6100,100
42610454860719,11:50:10.454,119.6100,57
42612286590325,11:50:12.286,119.5900,98
42612286617620,11:50:12.286,119.5900,2
42634815326493,11:50:34.815,119.5400,100
42634815361113,11:50:34.815,119.5400,300
42666101890550,11:51:06.101,119.5200,100
42670683729870,11:51:10.683,119.5200,100
42675854532597,11:51:15.854,119.4800,55
42675854534337,11:51:15.854,119.4800,200
42675854535732,11:51:15.854,119.4800,43
42675854541715,11:51:15.854,119.4800,100
42675854564837,11:51:15.854,119.4800,2
42681816263790,11:51:21.816,119.4900,100
42681816263790,11:51:21.816,119.5100,100
42681816294368,11:51:21.816,119.5200,9
42681816525783,11:51:21.816,119.5200,50
42681818461802,11:51:21.818,119.5200,50
42681818508269,11:51:21.818,119.5300,98
42681818612324,11:51:21.818,119.5300,2
42682166947518,11:51:22.166,119.5100,100
42694771629042,11:51:34.771,119.4700,100
42694772846831,11:51:34.772,119.4600,52
42694772871507,11:51:34.772,119.4600,48
42729492152404,11:52:09.492,119.4200,2
42729492454264,11:52:09.492,119.4100,1
42729493391829,11:52:09.493,119.4100,6
42729498924197,11:52:09.498,119.4100,10
42729498955467,11:52:09.498,119.4100,8
42729499002966,11:52:09.499,119.4100,20
42729499045361,11:52:09.499,119.4100,10
42729499094336,11:52:09.499,119.4100,5
42729499117561,11:52:09.499,119.4100,5
42729499285996,11:52:09.499,119.4100,5
42729499342755,11:52:09.499,119.4100,5
42729512730631,11:52:09.512,119.4100,25
42729512730631,11:52:09.512,119.4100,100
42773176145317,11:52:53.176,119.4300,100
42779637552566,11:52:59.637,119.4300,100
42779637781540,11:52:59.637,119.4700,100
42779637781540,11:52:59.637,119.4700,72
42779637784503,11:52:59.637,119.4700,28
42779637784503,11:52:59.637,119.4700,13
42779638215579,11:52:59.638,119.4900,100
42779638215579,11:52:59.638,119.4900,100
42785069139218,11:53:05.069,119.5000,56
42785069172389,11:53:05.069,119.5000,44
42819151640050,11:53:39.151,119.4900,100
42850721951945,11:54:10.721,119.4900,100
42851272277858,11:54:11.272,119.4900,100
42857175356656,11:54:17.175,119.4900,24
42857175356656,11:54:17.175,119.4900,76
42857175462732,11:54:17.175,119.4900,24
42857181680749,11:54:17.181,119.4800,1
42859405146533,11:54:19.405,119.5000,100
42859405146533,11:54:19.405,119.5000,77
42894663081898,11:54:54.663,119.4700,21
42894663096306,11:54:54.663,119.4600,100
42894663096306,11:54:54.663,119.4600,79
42894663101118,11:54:54.663,119.4600,21
42894734795402,11:54:54.734,119.4600,21
42894739563037,11:54:54.739,119.4500,100
42902564770911,11:55:02.564,119.5000,5
42914617566322,11:55:14.617,119.4800,31
42914617585058,11:55:14.617,119.4700,42
42914617585058,11:55:14.617,119.4700,13
42914618694838,11:55:14.618,119.4700,87
42922229189953,11:55:22.229,119.4600,100
42922230937405,11:55:22.230,119.4500,26
42922230963481,11:55:22.230,119.4500,74
42943749105584,11:55:43.749,119.4100,100
42943749205270,11:55:43.749,119.4300,10
42943749663692,11:55:43.749,119.4300,10
42943945536135,11:55:43.945,119.4200,50
42945903805795,11:55:45.903,119.4400,100
42945903805795,11:55:45.903,119.4500,100
42945903805795,11:55:45.903,119.4500,400
42945903805795,11:55:45.903,119.4500,13
42945903841445,11:55:45.903,119.4500,87
42945903841445,11:55:45.903,119.4500,13
42945903964373,11:55:45.903,119.4500,90
42945905241198,11:55:45.905,119.4700,8
42962197913081,11:56:02.197,119.4600,42
42962197913081,11:56:02.197,119.4500,100
42962197913081,11:56:02.197,119.4500,58
42962197944903,11:56:02.197,119.4500,8
42963172495063,11:56:03.172,119.4300,50
42963506902958,11:56:03.506,119.4300,50
42963506902958,11:56:03.506,119.4300,100
42963506902958,11:56:03.506,119.4200,100
42966066657194,11:56:06.066,119.4000,13
42974086761053,11:56:14.086,119.4000,14
42974086878184,11:56:14.086,119.3900,14
42976977210274,11:56:16.977,119.3900,2
42976977210839,11:56:16.977,119.3900,1
42976977212923,11:56:16.977,119.3900,1
42976977214813,11:56:16.977,119.3900,2
42985446021380,11:56:25.446,119.4000,14
42987493165392,11:56:27.493,119.4000,42
42987493165392,11:56:27.493,119.3900,100
42987493165392,11:56:27.493,119.3900,100
42992254153832,11:56:32.254,119.3900,42
42999964670829,11:56:39.964,119.3900,27
42999965300040,11:56:39.965,119.3800,27
43004333523383,11:56:44.333,119.3900,36
43014576215467,11:56:54.576,119.4000,1
43014576966721,11:56:54.576,119.4000,81
43014576992830,11:56:54.576,119.4000,19
43014577073399,11:56:54.577,119.4000,100
43015027555471,11:56:55.027,119.4100,6
43023910340516,11:57:03.910,119.3900,100
43025294660426,11:57:05.294,119.3700,100
43025294714666,11:57:05.294,119.3700,15
43025294714666,11:57:05.294,119.3700,85
43025294722627,11:57:05.294,119.3700,15
43033401296087,11:57:13.401,119.3700,2
43033404356689,11:57:13.404,119.3600,100
43048962210727,11:57:28.962,119.3550,100
43072386609399,11:57:52.386,119.3400,5
43075529807379,11:57:55.529,119.3300,100
43075535441867,11:57:55.535,119.2700,100
43110012496950,11:58:30.012,119.2700,100
43110012496950,11:58:30.012,119.3000,16
43110012520937,11:58:30.012,119.3000,84
43110012520937,11:58:30.012,119.3000,11
43110012520937,11:58:30.012,119.3000,5
43153767696647,11:59:13.767,119.3200,100
43163658992932,11:59:23.658,119.3100,4
43163659014817,11:59:23.659,119.3000,2
43197906525478,11:59:57.906,119.3400,2
43197949250131,11:59:57.949,119.3250,100
43202494823910,12:00:02.494,119.3500,101
43202494838679,12:00:02.494,119.3500,50
43202494963681,12:00:02.494,119.3500,49
43202494963681,12:00:02.494,119.3500,92
43202494997238,12:00:02.494,119.3500,8
43202494997238,12:00:02.494,119.3500,83
43210028539747,12:00:10.028,119.3900,30
43210028569115,12:00:10.028,119.3900,33
43210084310521,12:00:10.084,119.3900,7
43210084337394,12:00:10.084,119.3900,30
43210084337394,12:00:10.084,119.3900,4
43212300359875,12:00:12.300,119.3900,7
43246832031178,12:00:46.832,119.4000,1
43263386057811,12:01:03.386,119.3950,100
43263386105807,12:01:03.386,119.4000,97
43263386134647,12:01:03.386,119.4000,3
43263389233534,12:01:03.389,119.4000,4
43263400056976,12:01:03.400,119.4000,3
43265567880354,12:01:05.567,119.3800,100
43265567880354,12:01:05.567,119.3800,22
43265569461513,12:01:05.569,119.3500,5
43265572088334,12:01:05.572,119.3500,3
43265572138139,12:01:05.572,119.3500,92
43269466501052,12:01:09.466,119.3900,100
43269466501052,12:01:09.466,119.4000,100
43278997352031,12:01:18.997,119.3700,100
43279711611238,12:01:19.711,119.3200,100
43280571961526,12:01:20.571,119.3000,6
43280572449116,12:01:20.572,119.3000,94
43296954450666,12:01:36.954,119.2700,100
43296954481280,12:01:36.954,119.2700,16
43296955413140,12:01:36.955,119.2400,100
43296956174966,12:01:36.956,119.1800,2
43312495360108,12:01:52.495,119.2050,1
43312495360108,12:01:52.495,119.2050,1
43312495360108,12:01:52.495,119.2050,2
43316693370069,12:01:56.693,119.2400,100
43320253881177,12:02:00.253,119.3000,100
43333241996981,12:02:13.241,119.3400,11
43356671108223,12:02:36.671,119.3800,100
43385015599929,12:03:05.015,119.4000,1
43456095907884,12:04:16.095,119.4000,11
43456095946525,12:04:16.095,119.3750,100
43465547880479,12:04:25.547,119.4000,100
43465547880479,12:04:25.547,119.3900,21
43465547922420,12:04:25.547,119.3900,79
43484871229366,12:04:44.871,119.3300,100
43484871265159,12:04:44.871,119.3300,100
43484872404455,12:04:44.872,119.3200,100
43552653153405,12:05:52.653,119.3900,2
43553071068798,12:05:53.071,119.4000,8
43553284012939,12:05:53.284,119.4000,4
43607592368554,12:06:47.592,119.3700,100
43607593070334,12:06:47.593,119.3500,11
43607593095895,12:06:47.593,119.3500,89
43607774292334,12:06:47.774,119.3100,1
43609071571586,12:06:49.071,119.3100,1
43611375371027,12:06:51.375,119.3100,98
43612467896679,12:06:52.467,119.3000,7
43612868162299,12:06:52.868,119.3000,93
43612868162299,12:06:52.868,119.3000,7
43614646855745,12:06:54.646,119.3300,100
43614646855745,12:06:54.646,119.3300,11
43614646886808,12:06:54.646,119.3400,100
43620370159853,12:07:00.370,119.3700,100
43633821671116,12:07:13.821,119.3300,2
43633821834662,12:07:13.821,119.3300,2
43633822169151,12:07:13.822,119.3300,15
43633822550031,12:07:13.822,119.3200,100
43647450633444,12:07:27.450,119.3200,100
43647451303059,12:07:27.451,119.3000,100
43673656526347,12:07:53.656,119.3400,20
43677702429464,12:07:57.702,119.3700,1
43694431493109,12:08:14.431,119.3900,11
43694431548986,12:08:14.431,119.4000,116
43694431593780,12:08:14.431,119.4000,63
43714184067724,12:08:34.184,119.4000,100
43714422903604,12:08:34.422,119.4000,100
43714424009337,12:08:34.424,119.4000,100
43824739410718,12:10:24.739,119.3400,9
43856237799630,12:10:56.237,119.3600,1
43856237799630,12:10:56.237,119.3600,1
43856237799630,12:10:56.237,119.3600,1
43892346898204,12:11:32.346,119.4000,11
43892346898204,12:11:32.346,119.4000,89
43892347005338,12:11:32.347,119.4000,11
43892347005338,12:11:32.347,119.4000,100
43892347005338,12:11:32.347,119.4000,40
43892347039190,12:11:32.347,119.4000,60
43892347039190,12:11:32.347,119.4000,16
43892347065558,12:11:32.347,119.4000,84
43892347065558,12:11:32.347,119.4000,1
43892347065558,12:11:32.347,119.4000,1
43901202563182,12:11:41.202,119.4000,1
43908103085179,12:11:48.103,119.3800,200
43908103273727,12:11:48.103,119.3800,100
43923288989286,12:12:03.288,119.4000,10
43951852220393,12:12:31.852,119.3800,200
43951852258555,12:12:31.852,119.3800,200
43951857074760,12:12:31.857,119.3700,96
43951858396015,12:12:31.858,119.3700,204
43951867503462,12:12:31.867,119.3700,1
43951878950129,12:12:31.878,119.3900,134
43956322298553,12:12:36.322,119.3800,100
43960355574330,12:12:40.355,119.3800,100
43960358784081,12:12:40.358,119.3600,100
43975175065298,12:12:55.175,119.3900,100
44006475518865,12:13:26.475,119.4000,1
44027756712106,12:13:47.756,119.4000,100
44045428713948,12:14:05.428,119.3800,100
44045430208681,12:14:05.430,119.3800,6
44048403603354,12:14:08.403,119.3800,100
44054503428342,12:14:14.503,119.3800,100
44054504156964,12:14:14.504,119.3600,2
44054802474875,12:14:14.802,119.3600,98
44058908348439,12:14:18.908,119.3000,100
44058909326925,12:14:18.909,119.2900,100
44096307958103,12:14:56.307,119.3500,137
44096307958103,12:14:56.307,119.3500,39
44096307990517,12:14:56.307,119.3500,61
44096307990517,12:14:56.307,119.3500,11
44096307990517,12:14:56.307,119.3500,100
44096308086469,12:14:56.308,119.3500,100
44096308513949,12:14:56.308,119.3500,12
44112803329220,12:15:12.803,119.3700,100
44112804774011,12:15:12.804,119.3800,3
44143328861973,12:15:43.328,119.3300,100
44143331453290,12:15:43.331,119.3200,100
44172407743290,12:16:12.407,119.3700,11
44173165124557,12:16:13.165,119.4000,13
44318787325211,12:18:38.787,119.3600,200
44318788951838,12:18:38.788,119.3400,100
44320658637454,12:18:40.658,119.2900,5
44320659930586,12:18:40.659,119.2900,95
44320661237962,12:18:40.661,119.2600,2
44320721196500,12:18:40.721,119.3100,100
44330153689672,12:18:50.153,119.2700,100
44330154696672,12:18:50.154,119.2400,1
44330154696672,12:18:50.154,119.2400,1
44330154696672,12:18:50.154,119.2300,1
44330154696672,12:18:50.154,119.2300,1
44330154696672,12:18:50.154,119.2300,30
44330284009763,12:18:50.284,119.2300,5
44330284034451,12:18:50.284,119.2300,65
44331587672979,12:18:51.587,119.2100,1
44331587672979,12:18:51.587,119.2100,1
44358830708623,12:19:18.830,119.2700,100
44358830708623,12:19:18.830,119.2700,100
44358832072122,12:19:18.832,119.2800,100
44364850356636,12:19:24.850,119.3000,100
44368472847489,12:19:28.472,119.2500,11
44368473992878,12:19:28.473,119.2500,24
44409872294321,12:20:09.872,119.2900,10
44466970556219,12:21:06.970,119.2600,100
44470342750098,12:21:10.342,119.2500,100
44470343067858,12:21:10.343,119.2400,100
44472474711716,12:21:12.474,119.2000,1
44472474711716,12:21:12.474,119.2000,1
44472474711716,12:21:12.474,119.2000,2
44475151108729,12:21:15.151,119.2500,1
44475255251276,12:21:15.255,119.2500,2
44490899455381,12:21:30.899,119.2900,100
44529170979821,12:22:09.170,119.3200,7
44529171162561,12:22:09.171,119.3200,3
44530753529681,12:22:10.753,119.3000,98
44530753979443,12:22:10.753,119.3000,2
44546756912973,12:22:26.756,119.2700,100
44547417979008,12:22:27.417,119.2500,95
44547417987350,12:22:27.417,119.2500,100
44547418218513,12:22:27.418,119.2500,105
44553912128290,12:22:33.912,119.2400,100
44553912179947,12:22:33.912,119.2300,60
44557300730870,12:22:37.300,119.2000,100
44557475268833,12:22:37.475,119.1900,1
44557475268833,12:22:37.475,119.1900,1
44560213299888,12:22:40.213,119.2000,100
44566955913005,12:22:46.955,119.1900,100
44607366586935,12:23:27.366,119.2700,100
44607366616597,12:23:27.366,119.2700,1
44607367151119,12:23:27.367,119.2800,100
44633134368266,12:23:53.134,119.2900,100
44633134368266,12:23:53.134,119.2900,1
44643534101842,12:24:03.534,119.2700,11
44643534101842,12:24:03.534,119.2700,1
44662706246737,12:24:22.706,119.2950,100
44673315568463,12:24:33.315,119.2800,100
44673315584206,12:24:33.315,119.2800,100
44694124770749,12:24:54.124,119.2600,100
44742266374266,12:25:42.266,119.2900,1
44742266374266,12:25:42.266,119.2900,100
44755246317487,12:25:55.246,119.3000,10
44755246527458,12:25:55.246,119.2800,10
44758342487146,12:25:58.342,119.3100,74
44758348760913,12:25:58.348,119.3100,26
44783385273003,12:26:23.385,119.3100,55
44783385648859,12:26:23.385,119.3100,45
44783385648859,12:26:23.385,119.3100,55
44783385754304,12:26:23.385,119.3100,45
44783385754304,12:26:23.385,119.3100,12
44788847806630,12:26:28.847,119.3700,100
44790004277348,12:26:30.004,119.3400,74
44790004277348,12:26:30.004,119.3400,26
44790004534175,12:26:30.004,119.3400,74
44863263410967,12:27:43.263,119.3700,98
44863263755654,12:27:43.263,119.3700,2
44883273353969,12:28:03.273,119.4000,11
44883273390059,12:28:03.273,119.4000,11
44883273391250,12:28:03.273,119.4000,11
44883273445719,12:28:03.273,119.4000,78
44904602892509,12:28:24.602,119.3800,300
44907249951066,12:28:27.249,119.3600,100
44907249951066,12:28:27.249,119.3600,100
44907257141381,12:28:27.257,119.3300,100
44923547617327,12:28:43.547,119.3300,100
44923741514063,12:28:43.741,119.3100,100
44923741514063,12:28:43.741,119.3100,100
44991629095591,12:29:51.629,119.4000,100
45053355945822,12:30:53.355,119.4000,11
45053355945822,12:30:53.355,119.4000,89
45113633605167,12:31:53.633,119.3900,6
45117079955745,12:31:57.079,119.4000,100
45121018708269,12:32:01.018,119.4000,2
45125603430710,12:32:05.603,119.3800,27
45125603683387,12:32:05.603,119.3800,73
45125603683387,12:32:05.603,119.3800,25
45133698247003,12:32:13.698,119.3700,100
45142850175619,12:32:22.850,119.3100,100
45144213640401,12:32:24.213,119.3000,102
45144213667746,12:32:24.213,119.3000,98
45147654682067,12:32:27.654,119.2700,100
45147654763837,12:32:27.654,119.2700,100
45149058107182,12:32:29.058,119.2700,100
45149058107182,12:32:29.058,119.2700,100
45150940526021,12:32:30.940,119.2600,100
45158060085658,12:32:38.060,119.2700,100
45177385788489,12:32:57.385,119.3000,100
45177385788489,12:32:57.385,119.3000,11
45177385788489,12:32:57.385,119.3000,1
45203430224821,12:33:23.430,119.3200,98
45203430340467,12:33:23.430,119.3200,2
45203430341059,12:33:23.430,119.3300,50
45203430388632,12:33:23.430,119.3300,50
45204694123189,12:33:24.694,119.3500,100
45207945815707,12:33:27.945,119.3500,100
45207945815707,12:33:27.945,119.3500,45
45207945844032,12:33:27.945,119.3500,55
45215718888614,12:33:35.718,119.3200,42
45215719896359,12:33:35.719,119.3200,58
45215719896359,12:33:35.719,119.3200,3
45259444482230,12:34:19.444,119.3900,9
45264245366289,12:34:24.245,119.3600,100
45266142979122,12:34:26.142,119.3400,100
45272626963464,12:34:32.626,119.3600,2
45272631915153,12:34:32.631,119.3700,100
45282444371777,12:34:42.444,119.3400,100
45282445018090,12:34:42.445,119.3400,100
45285626373728,12:34:45.626,119.3300,39
45285626423617,12:34:45.626,119.3300,61
45311869064581,12:35:11.869,119.4000,1
45352121099802,12:35:52.121,119.3500,100
45352125376313,12:35:52.125,119.3200,1
45352132389695,12:35:52.132,119.3200,1
45352320253303,12:35:52.320,119.3200,98
45375658224222,12:36:15.658,119.2500,2
45404593346396,12:36:44.593,119.2800,7
45407485334708,12:36:47.485,119.2900,100
45407485334708,12:36:47.485,119.2900,12
45420265850154,12:37:00.265,119.3300,100
45421444078850,12:37:01.444,119.3400,100
45475189895026,12:37:55.189,119.3100,100
45537585375754,12:38:57.585,119.3700,10
45537585375754,12:38:57.585,119.3700,2
45571349907572,12:39:31.349,119.3800,100
45571349907572,12:39:31.349,119.3800,100
45571351411343,12:39:31.351,119.3900,3
45573086539532,12:39:33.086,119.4000,50
45573086547847,12:39:33.086,119.4000,50
45603272960330,12:40:03.272,119.4000,11
45611216417646,12:40:11.216,119.4000,5
45611216450647,12:40:11.216,119.4000,100
45611219847807,12:40:11.219,119.3900,100
45611219847807,12:40:11.219,119.3900,300
45611220724146,12:40:11.220,119.3900,10
45620521080859,12:40:20.521,119.3800,100
45620521127997,12:40:20.521,119.3800,100
45620530502893,12:40:20.530,119.3800,1
45644121729436,12:40:44.121,119.3900,3
45659693886900,12:40:59.693,119.3900,100
45684531021041,12:41:24.531,119.3600,98
45684531051364,12:41:24.531,119.3600,2
45706079043776,12:41:46.079,119.3400,100
45708542251378,12:41:48.542,119.3400,70
45708543690037,12:41:48.543,119.3400,30
45708543690037,12:41:48.543,119.3000,270
45708546233762,12:41:48.546,119.3000,30
45708563808725,12:41:48.563,119.2900,8
45708566332791,12:41:48.566,119.2900,92
45723969086942,12:42:03.969,119.3800,34
45723969098679,12:42:03.969,119.3800,38
45723969098679,12:42:03.969,119.3800,12
45784748546669,12:43:04.748,119.3800,10
45832502805617,12:43:52.502,119.3200,100
45837215390262,12:43:57.215,119.3300,100
45861988223714,12:44:21.988,119.3000,5
45861988255157,12:44:21.988,119.3000,95
45891833722868,12:44:51.833,119.3000,100
45891833722868,12:44:51.833,119.3000,11
45891833722868,12:44:51.833,119.3000,89
45891833755148,12:44:51.833,119.3000,11
45891834424562,12:44:51.834,119.2800,10
45891834424562,12:44:51.834,119.2800,10
45891834526712,12:44:51.834,119.3000,10
45891834569490,12:44:51.834,119.3000,10
45899062044586,12:44:59.062,119.3300,100
45899483553649,12:44:59.483,119.3400,5
45899483553649,12:44:59.483,119.3400,95
45900796938390,12:45:00.796,119.3400,5
45903549258412,12:45:03.549,119.3600,100
45903800989213,12:45:03.800,119.3800,100
45903801079215,12:45:03.801,119.3800,68
45903801117604,12:45:03.801,119.3800,32
45903801121661,12:45:03.801,119.3800,17
45903801130629,12:45:03.801,119.3800,17
45905139653570,12:45:05.139,119.3600,9
45952542319268,12:45:52.542,119.3800,100
45952549877212,12:45:52.549,119.3600,100
45952549903228,12:45:52.549,119.3600,100
45956786707757,12:45:56.786,119.3700,100
45967642120400,12:46:07.642,119.3500,100
45967643111251,12:46:07.643,119.3400,69
45967643351007,12:46:07.643,119.3400,31
45975286972071,12:46:15.286,119.4000,80
46004839280237,12:46:44.839,119.3600,23
46004839303984,12:46:44.839,119.3600,52
46004839309020,12:46:44.839,119.3600,25
46004839309020,12:46:44.839,119.3600,46
46004853120493,12:46:44.853,119.3500,100
46005778529298,12:46:45.778,119.3500,100
46015478574690,12:46:55.478,119.3700,18
46015478574690,12:46:55.478,119.3700,1
46015504249617,12:46:55.504,119.3600,10
46015506847604,12:46:55.506,119.3700,10
46015506847604,12:46:55.506,119.3700,10
46015506847604,12:46:55.506,119.3700,10
46015506847604,12:46:55.506,119.3700,10
46016489263863,12:46:56.489,119.3900,89
46016489263863,12:46:56.489,119.3900,10
46017737477144,12:46:57.737,119.4000,100
46044739173008,12:47:24.739,119.4100,103
46044739206245,12:47:24.739,119.4100,88
46044739206245,12:47:24.739,119.4100,6
46044739241214,12:47:24.739,119.4100,94
46044739241214,12:47:24.739,119.4100,100
46053682650664,12:47:33.682,119.4100,104
46053682678643,12:47:33.682,119.4100,100
46053683038989,12:47:33.683,119.4000,97
46054700662490,12:47:34.700,119.4000,1
46060741940765,12:47:40.741,119.4000,31
46060742197069,12:47:40.742,119.4000,369
46062801939067,12:47:42.801,119.3700,100
46062803515992,12:47:42.803,119.3600,100
46067564981421,12:47:47.564,119.3600,100
46086564019151,12:48:06.564,119.4300,10
46090004088076,12:48:10.004,119.4500,2
46090004300172,12:48:10.004,119.4500,98
46163386210242,12:49:23.386,119.5000,100
46163386833496,12:49:23.386,119.4900,100
46172047869615,12:49:32.047,119.5200,100
46206487689056,12:50:06.487,119.5900,100
46245989395693,12:50:45.989,119.6000,56
46245989397000,12:50:45.989,119.6000,44
46245989397000,12:50:45.989,119.5900,56
46245989949048,12:50:45.989,119.5900,11
46245989973236,12:50:45.989,119.5900,33
46249566458868,12:50:49.566,119.5800,100
46256887265834,12:50:56.887,119.6100,2
46256887843876,12:50:56.887,119.6200,2
46270502654927,12:51:10.502,119.6500,98
46271003182070,12:51:11.003,119.6500,2
46271003182070,12:51:11.003,119.6500,12
46276485215693,12:51:16.485,119.6800,4
46276485271226,12:51:16.485,119.6800,96
46276485271226,12:51:16.485,119.6800,4
46276485314238,12:51:16.485,119.6800,96
46276485314238,12:51:16.485,119.6800,4
46276485324679,12:51:16.485,119.6800,100
46282722778446,12:51:22.722,119.6600,9
46318972773449,12:51:58.972,119.6500,100
46381021611351,12:53:01.021,119.7000,100
46381021611351,12:53:01.021,119.7000,12
46382118217549,12:53:02.118,119.7000,2
46413086448468,12:53:33.086,119.6500,100
46429891578571,12:53:49.891,119.6400,100
46444490769115,12:54:04.490,119.6200,100
46444743183491,12:54:04.743,119.6100,100
46444743845170,12:54:04.743,119.5900,100
46444745198249,12:54:04.745,119.5800,100
46444748322215,12:54:04.748,119.5700,98
46444748346976,12:54:04.748,119.5700,202
46450316846756,12:54:10.316,119.5500,100
46450316872192,12:54:10.316,119.5500,100
46450524026963,12:54:10.524,119.5500,100
46450554097583,12:54:10.554,119.5300,100
46450554097583,12:54:10.554,119.5300,2
46456925714609,12:54:16.925,119.5600,12
46456925714609,12:54:16.925,119.5600,88
46456925805119,12:54:16.925,119.5600,12
46497242647052,12:54:57.242,119.6300,174
46514066786533,12:55:14.066,119.5700,100
46516564461154,12:55:16.564,119.5400,100
46523901687472,12:55:23.901,119.5400,100
46526904086265,12:55:26.904,119.5300,100
46526904873169,12:55:26.904,119.5200,2
46526904873169,12:55:26.904,119.5200,100
46534997443513,12:55:34.997,119.5100,2
46534997443513,12:55:34.997,119.5100,100
46534999044869,12:55:34.999,119.5000,2
46535000538245,12:55:35.000,119.4700,1
46535000538245,12:55:35.000,119.4600,2
46535003512755,12:55:35.003,119.4600,9
46535004119167,12:55:35.004,119.4600,9
46536095612719,12:55:36.095,119.4600,14
46551984633711,12:55:51.984,119.5200,3
46551984649586,12:55:51.984,119.5300,97
46551985208565,12:55:51.985,119.5300,3
46567324377165,12:56:07.324,119.5600,100
46567324390487,12:56:07.324,119.5600,12
46569277177906,12:56:09.277,119.5900,90
46569277184295,12:56:09.277,119.5900,10
46604622028967,12:56:44.622,119.6300,13
46675667593360,12:57:55.667,119.6000,100
46687861671371,12:58:07.861,119.5900,100
46688049388402,12:58:08.049,119.5800,100
46688419511877,12:58:08.419,119.5700,100
46704119200801,12:58:24.119,119.5500,100
46725151043042,12:58:45.151,119.5300,100
46725151068910,12:58:45.151,119.5300,100
46726084075122,12:58:46.084,119.4800,1
46743387517987,12:59:03.387,119.5500,1
46743387517987,12:59:03.387,119.5500,63
46743387522829,12:59:03.387,119.5500,37
46743389195647,12:59:03.389,119.5700,12
46755066276743,12:59:15.066,119.5500,100
46778018225066,12:59:38.018,119.5700,100
46779169069142,12:59:39.169,119.5300,100
46790779309574,12:59:50.779,119.5700,98
46790779339069,12:59:50.779,119.5700,2
46790809417943,12:59:50.809,119.5800,100
46791697707524,12:59:51.697,119.5800,52
46791697749888,12:59:51.697,119.5800,12
46791698116571,12:59:51.698,119.5800,36
46791698116571,12:59:51.698,119.5800,21
46791698116571,12:59:51.698,119.5800,7
46791698116571,12:59:51.698,119.5800,36
46791713767994,12:59:51.713,119.5800,64
46795127405600,12:59:55.127,119.6200,100
46829993802666,13:00:29.993,119.5300,98
46829993831282,13:00:29.993,119.5300,2
46834901580324,13:00:34.901,119.4900,1
46834901580324,13:00:34.901,119.4900,99
46834901697126,13:00:34.901,119.4900,1
46834902097499,13:00:34.902,119.4900,2
46840303955588,13:00:40.303,119.4800,100
46841567976636,13:00:41.567,119.5200,5
46842190083458,13:00:42.190,119.5100,100
46844557274587,13:00:44.557,119.5000,100
46844557769870,13:00:44.557,119.5000,100
46844838423367,13:00:44.838,119.5000,100
46859151419906,13:00:59.151,119.5300,12
46859151419906,13:00:59.151,119.5300,5
46859151419906,13:00:59.151,119.5300,100
46861222991280,13:01:01.222,119.5700,100
46895832552467,13:01:35.832,119.5200,100
46895832674329,13:01:35.832,119.5200,100
46902064310240,13:01:42.064,119.4700,100
46902064330472,13:01:42.064,119.4700,100
46902065657030,13:01:42.065,119.4600,1
46902070547922,13:01:42.070,119.4500,1
46911404733288,13:01:51.404,119.4500,100
46911404808882,13:01:51.404,119.4400,1
46922436943357,13:02:02.436,119.4100,1
46928382108641,13:02:08.382,119.4700,100
46928382108641,13:02:08.382,119.4700,12
46928382108641,13:02:08.382,119.4700,100
46982434804300,13:03:02.434,119.4800,100
46982434804300,13:03:02.434,119.4800,1
46982434804300,13:03:02.434,119.4800,100
46982435039262,13:03:02.435,119.4900,3
46982437932777,13:03:02.437,119.4400,10
46986013579756,13:03:06.013,119.4300,9
47009550469429,13:03:29.550,119.4800,10
47009550469429,13:03:29.550,119.4800,10
47009550469429,13:03:29.550,119.4800,10
47009550469429,13:03:29.550,119.4800,10
47009550469429,13:03:29.550,119.4900,97
47009550469429,13:03:29.550,119.4900,30
47046268400679,13:04:06.268,119.4700,100
47046268400679,13:04:06.268,119.4700,9
47078683300498,13:04:38.683,119.4400,100
47078683844887,13:04:38.683,119.4300,98
47078683846155,13:04:38.683,119.4300,2
47082928929050,13:04:42.928,119.4400,100
47087200694663,13:04:47.200,119.4100,100
47087200724432,13:04:47.200,119.4100,100
47087200724432,13:04:47.200,119.4100,100
47087889812811,13:04:47.889,119.4000,2
47087889812811,13:04:47.889,119.4000,98
47087889837571,13:04:47.889,119.4000,2
47087889837571,13:04:47.889,119.4000,100
47105846182888,13:05:05.846,119.3700,1
47105846182888,13:05:05.846,119.3700,100
47106434577427,13:05:06.434,119.3500,2
47106434962206,13:05:06.434,119.3400,1
47106436089089,13:05:06.436,119.3300,1
47106436184065,13:05:06.436,119.3200,1
47106436184065,13:05:06.436,119.3100,1
47106654360501,13:05:06.654,119.3100,6
47106654360501,13:05:06.654,119.3100,1
47106654400891,13:05:06.654,119.3000,1
47116231517860,13:05:16.231,119.3300,100
47116231548442,13:05:16.231,119.3300,100
47116241080832,13:05:16.241,119.3500,98
47116241777800,13:05:16.241,119.3500,2
47126869254402,13:05:26.869,119.3700,76
47126869275799,13:05:26.869,119.3700,24
47126869275799,13:05:26.869,119.3700,23
47126869287108,13:05:26.869,119.3700,77
47126869287108,13:05:26.869,119.3700,12
47126869287108,13:05:26.869,119.3700,2
47137141600298,13:05:37.141,119.3100,96
47145670738401,13:05:45.670,119.3500,100
47145671001594,13:05:45.671,119.3500,96
47145671042921,13:05:45.671,119.3500,4
47159249406950,13:05:59.249,119.3900,34
47159249438175,13:05:59.249,119.3900,66
47163252132606,13:06:03.252,119.3900,100
47166216110027,13:06:06.216,119.3900,100
47181781894634,13:06:21.781,119.4200,59
47181781995591,13:06:21.781,119.4200,66
47181783154329,13:06:21.783,119.4200,64
47181783154329,13:06:21.783,119.4200,12
47181787064007,13:06:21.787,119.4000,10
47181787064007,13:06:21.787,119.4000,90
47186950536745,13:06:26.950,119.3900,100
47212365680886,13:06:52.365,119.4200,10
47212365680886,13:06:52.365,119.4200,85
47212365711248,13:06:52.365,119.4200,15
47214167268886,13:06:54.167,119.4300,24
47214167307577,13:06:54.167,119.4300,76
47258512480034,13:07:38.512,119.3800,100
47258512509288,13:07:38.512,119.3800,79
47258512545703,13:07:38.512,119.3800,21
47259527717571,13:07:39.527,119.3500,100
47259529889536,13:07:39.529,119.3500,100
47259529889536,13:07:39.529,119.3500,100
47259530061005,13:07:39.530,119.3500,18
47260435912328,13:07:40.435,119.3500,100
47260436001308,13:07:40.436,119.3500,100
47260438259806,13:07:40.438,119.3500,100
47299811968217,13:08:19.811,119.3600,99
47299812005467,13:08:19.812,119.3600,99
47299812807595,13:08:19.812,119.3600,2
47299812807595,13:08:19.812,119.3600,98
47299812836285,13:08:19.812,119.3600,2
47304065029324,13:08:24.065,119.3900,12
47312291732886,13:08:32.291,119.4500,100
47329843517871,13:08:49.843,119.4400,100
47344476697506,13:09:04.476,119.4700,100
47404228548952,13:10:04.228,119.4800,100
47441780869299,13:10:41.780,119.4500,100
47441780917216,13:10:41.780,119.4500,100
47441781280180,13:10:41.781,119.4400,100
47444460208214,13:10:44.460,119.4200,100
47444460249174,13:10:44.460,119.4200,100
47457412554617,13:10:57.412,119.4600,100
47457412554617,13:10:57.412,119.4600,11
47457412554617,13:10:57.412,119.4600,1
47457412554617,13:10:57.412,119.4600,100
47457415454796,13:10:57.415,119.4400,20
47482900665927,13:11:22.900,119.4300,100
47482900692970,13:11:22.900,119.4300,100
47486293377299,13:11:26.293,119.4100,35
47486293403289,13:11:26.293,119.4100,65
47533137225387,13:12:13.137,119.4200,4
47533137225387,13:12:13.137,119.4200,9
47533137225387,13:12:13.137,119.4200,65
47533137653024,13:12:13.137,119.4200,35
47533137653024,13:12:13.137,119.4200,9
47533137742349,13:12:13.137,119.4200,91
47533137742349,13:12:13.137,119.4200,7
47533140595803,13:12:13.140,119.4300,10
47556276415285,13:12:36.276,119.3700,100
47556276433906,13:12:36.276,119.3700,100
47570021502707,13:12:50.021,119.4200,70
47570021507089,13:12:50.021,119.4200,30
47570021518483,13:12:50.021,119.4400,100
47571138244792,13:12:51.138,119.4600,2
47725783048826,13:15:25.783,119.3900,99
47725783105442,13:15:25.783,119.3900,100
47725783134501,13:15:25.783,119.3900,1
47725783134501,13:15:25.783,119.3900,100
47725783134501,13:15:25.783,119.3900,100
47727306797892,13:15:27.306,119.4000,63
47727306801654,13:15:27.306,119.4000,100
47727306830966,13:15:27.306,119.4000,137
47727307212818,13:15:27.307,119.4000,98
47737326846011,13:15:37.326,119.4300,10
47737326846011,13:15:37.326,119.4300,40
47737326980929,13:15:37.326,119.4300,60
47737326980929,13:15:37.326,119.4300,100
47738000853648,13:15:38.000,119.4600,100
47760060284918,13:16:00.060,119.4600,1
47777937304488,13:16:17.937,119.4400,100
47788130971694,13:16:28.130,119.4300,100
47804909428181,13:16:44.909,119.4300,150
47807911023666,13:16:47.911,119.4300,100
47807911066147,13:16:47.911,119.4300,50
47807911066147,13:16:47.911,119.4300,100
47808708679180,13:16:48.708,119.4100,100
47808708703060,13:16:48.708,119.4100,100
47813907164547,13:16:53.907,119.4100,100
47820010192602,13:17:00.010,119.4700,100
47820010192602,13:17:00.010,119.4700,100
47820010192602,13:17:00.010,119.4700,100
47820011021704,13:17:00.011,119.4700,100
47820011681134,13:17:00.011,119.4300,100
47820011696350,13:17:00.011,119.4300,10
47820907296494,13:17:00.907,119.4200,100
47825906951853,13:17:05.906,119.4200,100
47833906528997,13:17:13.906,119.4100,100
47834269592546,13:17:14.269,119.4100,100
47835668862372,13:17:15.668,119.4300,300
47835669021572,13:17:15.669,119.4200,100
47843724692685,13:17:23.724,119.4400,40
47846939506100,13:17:26.939,119.4200,100
47848192195332,13:17:28.192,119.4100,59
47851750309672,13:17:31.750,119.4200,76
47851750354203,13:17:31.750,119.4200,24
47851750983246,13:17:31.750,119.4200,100
47889397670679,13:18:09.397,119.4200,100
47889418028997,13:18:09.418,119.4000,100
47912072725392,13:18:32.072,119.4100,100
47912072725392,13:18:32.072,119.3900,300
47912072725392,13:18:32.072,119.3900,100
47923087268491,13:18:43.087,119.3700,100
47923087268491,13:18:43.087,119.3600,100
47923087268491,13:18:43.087,119.3500,100
47923087268491,13:18:43.087,119.3500,100
47923087268491,13:18:43.087,119.3500,78
47951208125583,13:19:11.208,119.4300,10
47951208125583,13:19:11.208,119.4300,100
47951208125583,13:19:11.208,119.4300,97
47951208156017,13:19:11.208,119.4300,3
47961211747392,13:19:21.211,119.4600,100
47961212800144,13:19:21.212,119.4700,5
48011297637290,13:20:11.297,119.4400,50
48011297668369,13:20:11.297,119.4400,250
48012355470056,13:20:12.355,119.4300,100
48013356281283,13:20:13.356,119.4300,100
48040111636066,13:20:40.111,119.4000,100
48063774763654,13:21:03.774,119.3200,100
48083360788217,13:21:23.360,119.3800,100
48083360788217,13:21:23.360,119.3800,10
48111163574869,13:21:51.163,119.3500,1
48125845017008,13:22:05.845,119.3300,100
48125892349891,13:22:05.892,119.3100,100
48125892678244,13:22:05.892,119.3000,2
48126040381511,13:22:06.040,119.2900,1
48126040381511,13:22:06.040,119.2900,1
48126041760612,13:22:06.041,119.2800,1
48126041760612,13:22:06.041,119.2800,1
48131197159809,13:22:11.197,119.2500,2
48131197159809,13:22:11.197,119.2500,50
48131584374264,13:22:11.584,119.2400,1
48131584374264,13:22:11.584,119.2400,1
48164359432911,13:22:44.359,119.2200,1
48164359432911,13:22:44.359,119.2200,1
48164359866718,13:22:44.359,119.2100,2
48164363426764,13:22:44.363,119.2000,1
48164363426764,13:22:44.363,119.2000,1
48168947092750,13:22:48.947,119.2200,100
48168947092750,13:22:48.947,119.2300,9
48168947092750,13:22:48.947,119.2300,100
48168947773722,13:22:48.947,119.2300,70
48168947784518,13:22:48.947,119.2300,21
48171901168189,13:22:51.901,119.2100,100
48184483157680,13:23:04.483,119.2300,9
48204804875439,13:23:24.804,119.2500,24
48204804894050,13:23:24.804,119.2500,68
48204804962585,13:23:24.804,119.2500,8
48204804962585,13:23:24.804,119.2500,1
48230144743470,13:23:50.144,119.2400,100
48230144773360,13:23:50.144,119.2400,27
48241558361270,13:24:01.558,119.2600,100
48247390810232,13:24:07.390,119.2400,100
48274064863059,13:24:34.064,119.2500,60
48291859295175,13:24:51.859,119.1800,100
48291861759156,13:24:51.861,119.1700,100
48297392559319,13:24:57.392,119.1800,100
48310134877965,13:25:10.134,119.1600,1
48310134877965,13:25:10.134,119.1600,1
48310135547880,13:25:10.135,119.1500,37
48310138755025,13:25:10.138,119.1400,1
48310138755025,13:25:10.138,119.1400,1
48310138755025,13:25:10.138,119.1400,300
48310138755025,13:25:10.138,119.1400,100
48310139945715,13:25:10.139,119.1100,1
48310139945715,13:25:10.139,119.1100,1
48310140345819,13:25:10.140,119.1000,1
48310140345819,13:25:10.140,119.1000,1
48310144515219,13:25:10.144,119.0900,1
48310144515219,13:25:10.144,119.0900,1
48310144515219,13:25:10.144,119.0900,98
48310144666803,13:25:10.144,119.0800,1
48310144666803,13:25:10.144,119.0800,1
48310347527379,13:25:10.347,119.0600,2
48310347527379,13:25:10.347,119.0600,37
48310347527379,13:25:10.347,119.0600,100
48310348192680,13:25:10.348,119.0600,17
48310348192680,13:25:10.348,119.0400,2
48310348192680,13:25:10.348,119.0400,100
48310348192680,13:25:10.348,119.0400,83
48310348194022,13:25:10.348,119.0400,17
48310348194022,13:25:10.348,119.0300,2
48310348194022,13:25:10.348,119.0300,23
48310348272463,13:25:10.348,119.0200,2
48310348272463,13:25:10.348,119.0100,2
48310348272463,13:25:10.348,119.0000,40
48310348272463,13:25:10.348,118.9900,2
48310348642126,13:25:10.348,119.0000,17
48310348691099,13:25:10.348,118.9800,47
48310348698296,13:25:10.348,118.9800,53
48310348698296,13:25:10.348,118.9800,2
48310348698296,13:25:10.348,118.9800,45
48310349006754,13:25:10.349,119.0200,10
48310351963557,13:25:10.351,119.0000,17
48310351963557,13:25:10.351,118.9800,10
48310351963557,13:25:10.351,118.9800,100
48310351963557,13:25:10.351,118.9800,73
48310353641659,13:25:10.353,118.9800,27
48310353641659,13:25:10.353,118.9800,55
48310354249126,13:25:10.354,118.9700,2
48310354573673,13:25:10.354,119.0000,10
48310354831662,13:25:10.354,118.9600,17
48310354831662,13:25:10.354,118.9500,1
48310354831662,13:25:10.354,118.9500,100
48310355491069,13:25:10.355,118.9400,2
48310355491069,13:25:10.355,118.9400,100
48310355491069,13:25:10.355,118.9400,200
48310356294228,13:25:10.356,119.0000,100
48310356294228,13:25:10.356,119.0000,10
48310356317991,13:25:10.356,118.9900,100
48310399408821,13:25:10.399,118.9300,17
48310399408821,13:25:10.399,118.9200,2
48310399408821,13:25:10.399,118.9200,37
48310400057298,13:25:10.400,118.9100,100
48310400057298,13:25:10.400,118.9100,2
48310400057298,13:25:10.400,118.9100,17
48310400057298,13:25:10.400,118.9000,100
48310400057298,13:25:10.400,118.9000,69
48310401866289,13:25:10.401,118.9600,10
48310401866289,13:25:10.401,118.9600,100
48310415644647,13:25:10.415,118.9300,17
48310415644647,13:25:10.415,118.9200,273
48310878368223,13:25:10.878,119.0000,100
48310949699003,13:25:10.949,119.1700,10
48310949708968,13:25:10.949,119.2000,23
48310949932975,13:25:10.949,119.1800,300
48310949932975,13:25:10.949,119.1900,10
48310949932975,13:25:10.949,119.2000,77
48310949932975,13:25:10.949,119.2100,23
48310949932975,13:25:10.949,119.2300,100
48310950115255,13:25:10.950,119.1700,10
48310950168488,13:25:10.950,119.1700,3
48310950192311,13:25:10.950,119.1700,10
48310950192311,13:25:10.950,119.1700,3
48310950302032,13:25:10.950,119.1600,10
48310952476259,13:25:10.952,119.2100,100
48310957369285,13:25:10.957,119.1900,100
48310957654444,13:25:10.957,119.1900,100
48310957704364,13:25:10.957,119.1900,94
48310958031371,13:25:10.958,119.2200,100
48310963136826,13:25:10.963,119.2500,100
48310963136826,13:25:10.963,119.2500,100
48311063304941,13:25:11.063,119.2500,8
48311063304941,13:25:11.063,119.2500,100
48357266082443,13:25:57.266,119.2700,98
48357266111861,13:25:57.266,119.2700,85
48357266111861,13:25:57.266,119.2700,100
48357266111861,13:25:57.266,119.2700,179
48357266347685,13:25:57.266,119.2800,50
48357266553849,13:25:57.266,119.2800,50
48357266594725,13:25:57.266,119.2900,5
48378718990040,13:26:18.718,119.3000,100
48381673233372,13:26:21.673,119.3000,100
48381673233372,13:26:21.673,119.3100,100
48381673233372,13:26:21.673,119.3100,9
48381673233372,13:26:21.673,119.3100,100
48433840854442,13:27:13.840,119.3100,300
48487004446890,13:28:07.004,119.3100,300
48487004446890,13:28:07.004,119.3100,100
48487004568748,13:28:07.004,119.3100,100
48487033500667,13:28:07.033,119.3400,100
48488532783622,13:28:08.532,119.2900,42
48488532876480,13:28:08.532,119.2900,200
48488532956634,13:28:08.532,119.2900,58
48488532956634,13:28:08.532,119.2900,42
48488533282671,13:28:08.533,119.2900,100
48488533496063,13:28:08.533,119.2900,58
48524488910035,13:28:44.488,119.3200,300
48558353601296,13:29:18.353,119.3500,1
48558353601296,13:29:18.353,119.3500,99
48558353632553,13:29:18.353,119.3500,1
48558353632553,13:29:18.353,119.3500,100
48558353641526,13:29:18.353,119.3500,100
48558353701241,13:29:18.353,119.3500,1
48579472396400,13:29:39.472,119.3700,100
48579472453623,13:29:39.472,119.3700,100
48579472728666,13:29:39.472,119.3700,100
