timestamp,time,price,volume
34080126540523,09:28:00.126,19.2300,10
34200078786852,09:30:00.078,19.1700,1794
35129811979729,09:45:29.811,19.1300,87
35129811979729,09:45:29.811,19.1300,13
35129812043271,09:45:29.812,19.1300,87
35129812139176,09:45:29.812,19.1300,13
35129813926880,09:45:29.813,19.0900,100
35215534667576,09:46:55.534,19.0600,5
35215534667576,09:46:55.534,19.0700,5
35265701747798,09:47:45.701,19.0300,4
35265710026831,09:47:45.710,19.0700,40
35428810594796,09:50:28.810,18.9900,19
35428844431093,09:50:28.844,19.0300,10
35428844431093,09:50:28.844,19.0300,90
35489338120860,09:51:29.338,19.0100,100
35489340033929,09:51:29.340,19.0300,100
35489340048611,09:51:29.340,19.0400,70
35489340049982,09:51:29.340,19.0400,30
35490138348921,09:51:30.138,19.0200,11
35497673597883,09:51:37.673,19.0700,100
35497978374725,09:51:37.978,19.1300,100
35510592904217,09:51:50.592,19.1300,100
35517023519161,09:51:57.023,19.1500,49
35524526642852,09:52:04.526,19.1500,100
35524527253164,09:52:04.527,19.1700,100
36193042393509,10:03:13.042,19.1200,100
36193042393509,10:03:13.042,19.1200,100
36233130873312,10:03:53.130,19.1300,70
36235257773818,10:03:55.257,19.1300,100
36262151260426,10:04:22.151,19.1300,100
36265924664336,10:04:25.924,19.1400,100
36297145285235,10:04:57.145,19.1400,10
36297448133613,10:04:57.448,19.1400,1
36357801444782,10:05:57.801,19.1400,68
36357809438836,10:05:57.809,19.1400,21
36357809438836,10:05:57.809,19.1400,79
36357810253025,10:05:57.810,19.1400,21
36358225338012,10:05:58.225,19.1700,1
36368335350929,10:06:08.335,19.1800,100
36417259722865,10:06:57.259,19.2100,21
36420079187098,10:07:00.079,19.2200,100
36420079516050,10:07:00.079,19.2400,10
36420079891438,10:07:00.079,19.2400,60
36420080050975,10:07:00.080,19.2400,10
36489254487985,10:08:09.254,19.2400,30
36505048745619,10:08:25.048,19.2000,100
36670856490175,10:11:10.856,19.2000,100
36670856490175,10:11:10.856,19.2000,100
36670856734941,10:11:10.856,19.2000,100
36670856788667,10:11:10.856,19.2000,100
36670903820225,10:11:10.903,19.2100,100
36685116213793,10:11:25.116,19.1600,1
36685116309903,10:11:25.116,19.1800,25
36685116563827,10:11:25.116,19.1600,25
36706115594426,10:11:46.115,19.1100,100
36720888827099,10:12:00.888,19.1600,70
36720888827099,10:12:00.888,19.1700,5
36806896245507,10:13:26.896,19.1800,45
37232066942956,10:20:32.066,19.1900,62
37232067006562,10:20:32.067,19.1900,38
37232067006562,10:20:32.067,19.1900,100
37232067560236,10:20:32.067,19.2100,100
37232067575674,10:20:32.067,19.2200,59
37232067624356,10:20:32.067,19.2200,41
37233064295100,10:20:33.064,19.2300,100
37248322427594,10:20:48.322,19.2500,100
37378228201174,10:22:58.228,19.2500,100
37425020787433,10:23:45.020,19.2200,100
37554810789482,10:25:54.810,19.1900,62
37572149124277,10:26:12.149,19.2100,100
37572149124277,10:26:12.149,19.2100,100
37572149165345,10:26:12.149,19.2100,100
37572149705255,10:26:12.149,19.2200,100
37607249894833,10:26:47.249,19.2400,100
37685146185416,10:28:05.146,19.2600,100
37753165675572,10:29:13.165,19.2500,100
38214347013596,10:36:54.347,19.2200,45
38226915538757,10:37:06.915,19.2200,18
38226915538757,10:37:06.915,19.2200,100
38288130473193,10:38:08.130,19.2300,100
38290024544589,10:38:10.024,19.2100,45
38290044588125,10:38:10.044,19.2000,100
38404764474026,10:40:04.764,19.2000,1
38404767809535,10:40:04.767,19.2100,99
38404767845057,10:40:04.767,19.2100,1
38404767845057,10:40:04.767,19.2100,100
38404768625595,10:40:04.768,19.2200,4
38404768683353,10:40:04.768,19.2200,6
38694290852621,10:44:54.290,19.2300,9
38701215075084,10:45:01.215,19.2300,91
38701215075084,10:45:01.215,19.2300,9
38701215115311,10:45:01.215,19.2300,91
38719327461112,10:45:19.327,19.2400,100
38744250136220,10:45:44.250,19.2500,100
38894658824778,10:48:14.658,19.2300,100
38900024143177,10:48:20.024,19.2300,200
38907901580361,10:48:27.901,19.2100,100
38907901580361,10:48:27.901,19.2100,100
38997378334670,10:49:57.378,19.2100,45
38997401219622,10:49:57.401,19.2100,100
38999019233464,10:49:59.019,19.2000,100
38999019233464,10:49:59.019,19.2000,100
39015289849963,10:50:15.289,19.2100,100
39044761988806,10:50:44.761,19.2000,100
39044762026388,10:50:44.762,19.2000,100
39044765430237,10:50:44.765,19.1900,1
39080023400288,10:51:20.023,19.2000,200
39080024586445,10:51:20.024,19.2000,100
39121750421958,10:52:01.750,19.2100,100
39121750421958,10:52:01.750,19.2100,100
39121750599079,10:52:01.750,19.2100,100
39121750797793,10:52:01.750,19.2200,100
39128227525087,10:52:08.227,19.2300,100
39239717989393,10:53:59.717,19.2300,100
39239962050345,10:53:59.962,19.2200,100
39239962050345,10:53:59.962,19.2200,100
39246977223396,10:54:06.977,19.2200,100
39262513947885,10:54:22.513,19.2100,57
39262513961977,10:54:22.513,19.2100,43
39269645213623,10:54:29.645,19.2100,100
39286120312567,10:54:46.120,19.2000,100
39316094635674,10:55:16.094,19.2200,100
39601101221346,11:00:01.101,19.2100,100
39630263210571,11:00:30.263,19.2100,100
39645025407961,11:00:45.025,19.2000,45
39645025798286,11:00:45.025,19.1900,55
39645025854139,11:00:45.025,19.1900,45
39666464211181,11:01:06.464,19.1800,10
39666464211181,11:01:06.464,19.1800,100
39666464211181,11:01:06.464,19.1800,90
39666464254177,11:01:06.464,19.1800,10
39732696218310,11:02:12.696,19.1700,100
39805372043359,11:03:25.372,19.1800,100
39805372043359,11:03:25.372,19.1800,100
39815024949092,11:03:35.024,19.1700,11
39949491338808,11:05:49.491,19.1600,90
39949491406748,11:05:49.491,19.1600,10
39949493155947,11:05:49.493,19.1700,100
39949493155947,11:05:49.493,19.1700,5
40062041793878,11:07:42.041,19.1800,100
40075050364728,11:07:55.050,19.2000,69
40113402782272,11:08:33.402,19.2000,100
40115022896222,11:08:35.022,19.2000,100
40152508297715,11:09:12.508,19.1900,400
40155109334684,11:09:15.109,19.1900,200
40180330016870,11:09:40.330,19.1800,100
40205046277357,11:10:05.046,19.1700,100
40205196751959,11:10:05.196,19.1800,100
40220597386897,11:10:20.597,19.1600,5
40223573833835,11:10:23.573,19.1600,37
40223573907407,11:10:23.573,19.1600,58
40231309333288,11:10:31.309,19.1700,100
40265050762087,11:11:05.050,19.1800,100
40326379738292,11:12:06.379,19.1700,100
40326379738292,11:12:06.379,19.1700,1
40326379738292,11:12:06.379,19.1700,100
40326379738292,11:12:06.379,19.1700,200
40326380706925,11:12:06.380,19.1600,50
40326380706925,11:12:06.380,19.1600,200
40326380870179,11:12:06.380,19.1600,100
40340038844896,11:12:20.038,19.1500,100
40377715457437,11:12:57.715,19.1700,31
40497590292781,11:14:57.590,19.1800,31
40615024079959,11:16:55.024,19.1500,13
40737763146184,11:18:57.763,19.1500,7
40738088551102,11:18:58.088,19.1500,1
40964021014860,11:22:44.021,19.1200,100
40994957629232,11:23:14.957,19.1400,90
41037987370607,11:23:57.987,19.1400,10
41037987370607,11:23:57.987,19.1400,2
41050972049295,11:24:10.972,19.1400,100
41164962434282,11:26:04.962,19.1000,100
41207015384960,11:26:47.015,19.1100,100
41262361242829,11:27:42.361,19.1200,100
41262361242829,11:27:42.361,19.1200,58
41263896891621,11:27:43.896,19.1300,100
41273246937571,11:27:53.246,19.1300,100
41582012407180,11:33:02.012,19.1200,100
41592168786928,11:33:12.168,19.1300,100
41743271329878,11:35:43.271,19.1300,11
41743271329878,11:35:43.271,19.1300,89
41743271565289,11:35:43.271,19.1300,2
41743271572982,11:35:43.271,19.1300,9
42044542158471,11:40:44.542,19.1200,100
42044543084967,11:40:44.543,19.1300,100
42044543084967,11:40:44.543,19.1300,100
42242535795701,11:44:02.535,19.1300,100
42242535795701,11:44:02.535,19.1300,1
42257026303348,11:44:17.026,19.1100,47
42257026557168,11:44:17.026,19.1100,47
42257028000700,11:44:17.028,19.1100,6
42419257101770,11:46:59.257,19.1400,100
42594251857856,11:49:54.251,19.1400,100
42622436888633,11:50:22.436,19.1400,100
42691068934306,11:51:31.068,19.1200,100
42691142848533,11:51:31.142,19.1200,100
42693245555672,11:51:33.245,19.1200,700
42712684956553,11:51:52.684,19.1300,100
42718733478131,11:51:58.733,19.1200,95
42719958965622,11:51:59.958,19.1200,100
42719959025832,11:51:59.959,19.1200,5
42730855308829,11:52:10.855,19.1200,100
42730856616581,11:52:10.856,19.1200,100
42742541308780,11:52:22.541,19.1200,100
42750270823306,11:52:30.270,19.1000,100
42750290949230,11:52:30.290,19.1000,100
42758101010233,11:52:38.101,19.1100,100
42758101010233,11:52:38.101,19.1100,100
42777982586349,11:52:57.982,19.1300,16
42792560115567,11:53:12.560,19.1200,100
42792560115567,11:53:12.560,19.1200,100
42792560597931,11:53:12.560,19.1200,40
42792561366028,11:53:12.561,19.1000,100
42792561366028,11:53:12.561,19.0900,200
42792561366028,11:53:12.561,19.0900,100
42792562323190,11:53:12.562,19.0700,60
42792562680960,11:53:12.562,19.0600,400
42792563772574,11:53:12.563,19.0500,200
42792563772574,11:53:12.563,19.0500,100
42792563772574,11:53:12.563,19.0500,100
42792564415487,11:53:12.564,19.0400,300
42792564415487,11:53:12.564,19.0400,100
42792564564811,11:53:12.564,19.0400,37
42792564566083,11:53:12.564,19.0400,63
42792564566083,11:53:12.564,19.0400,37
42792565919294,11:53:12.565,19.0400,200
42792565921264,11:53:12.565,19.0400,100
42792566380275,11:53:12.566,19.0300,100
42792566461337,11:53:12.566,19.0300,50
42792571809278,11:53:12.571,19.0300,208
42792571819031,11:53:12.571,19.0300,92
42802019115935,11:53:22.019,19.0700,100
42802019118998,11:53:22.019,19.0700,100
42829054122292,11:53:49.054,19.0900,100
42900142476331,11:55:00.142,19.1000,21
42923646821624,11:55:23.646,19.0800,10
42923650816615,11:55:23.650,19.0800,100
42957662342451,11:55:57.662,19.0700,23
42957662511581,11:55:57.662,19.0700,67
43029915165416,11:57:09.915,19.0800,90
43029915616793,11:57:09.915,19.0800,10
43029945632000,11:57:09.945,19.0900,100
43077971831891,11:57:57.971,19.1000,51
43220007845345,12:00:20.007,19.0900,100
43220007973806,12:00:20.007,19.1000,28
43230055927242,12:00:30.055,19.1100,100
43230056011340,12:00:30.056,19.1100,100
43389331013729,12:03:09.331,19.1200,100
43521683665346,12:05:21.683,19.1200,2
43521683665346,12:05:21.683,19.1200,98
43521683702957,12:05:21.683,19.1200,2
43521683760042,12:05:21.683,19.1100,9
43525174990600,12:05:25.174,19.1000,1
43544151446974,12:05:44.151,19.1000,100
43579535183509,12:06:19.535,19.1200,100
43695004394334,12:08:15.004,19.1200,100
43706117924254,12:08:26.117,19.1300,100
43802884678314,12:10:02.884,19.1300,100
43802884758542,12:10:02.884,19.1300,100
43811000296256,12:10:11.000,19.1400,5
43811000296256,12:10:11.000,19.1400,95
43811003619537,12:10:11.003,19.1400,405
43824722903726,12:10:24.722,19.1400,100
43824723002646,12:10:24.723,19.1400,400
43827460004478,12:10:27.460,19.1400,100
43848771749767,12:10:48.771,19.1500,100
43918740886124,12:11:58.740,19.1800,55
43934224869060,12:12:14.224,19.2000,100
43934337196890,12:12:14.337,19.2000,400
43934648764802,12:12:14.648,19.1900,100
43938188494768,12:12:18.188,19.2100,100
43943259506105,12:12:23.259,19.1800,100
43948908178416,12:12:28.908,19.1700,100
43948908178416,12:12:28.908,19.1700,100
43985148942958,12:13:05.148,19.1600,100
43990416531887,12:13:10.416,19.1600,100
43992967030144,12:13:12.967,19.1600,100
44000162910435,12:13:20.162,19.1600,5
44019920632882,12:13:39.920,19.1500,100
44030316304240,12:13:50.316,19.1400,100
44030319093175,12:13:50.319,19.1400,100
44140132569692,12:15:40.132,19.1200,9
44144592152269,12:15:44.592,19.1000,100
44180352015876,12:16:20.352,19.1200,100
44194484015094,12:16:34.484,19.1400,100
44341355003100,12:19:01.355,19.1700,100
44341355003100,12:19:01.355,19.1700,100
44350060126924,12:19:10.060,19.1800,5
44350060126924,12:19:10.060,19.1800,95
44350060214344,12:19:10.060,19.1800,5
44491048682085,12:21:31.048,19.1400,100
44737425249317,12:25:37.425,19.1700,27
44737425627748,12:25:37.425,19.1600,97
44737425631679,12:25:37.425,19.1600,3
44737425631679,12:25:37.425,19.1600,2
44737425649698,12:25:37.425,19.1600,3
44737425829102,12:25:37.425,19.1600,3
44737429138998,12:25:37.429,19.1600,7
44737571164641,12:25:37.571,19.1600,100
44743010845585,12:25:43.010,19.1700,300
44754355646666,12:25:54.355,19.1500,100
44754355646666,12:25:54.355,19.1500,7
44762156848034,12:26:02.156,19.1500,142
44769576836718,12:26:09.576,19.1800,100
44781063676624,12:26:21.063,19.1700,100
44781274805857,12:26:21.274,19.1500,100
45056669366973,12:30:56.669,19.1700,100
45077467636529,12:31:17.467,19.1500,100
45204019916254,12:33:24.019,19.1500,5
45273389005824,12:34:33.389,19.1300,100
45273389005824,12:34:33.389,19.1300,200
45273392465663,12:34:33.392,19.1200,100
45274119096626,12:34:34.119,19.1100,100
45274125736059,12:34:34.125,19.1100,100
45295127605912,12:34:55.127,19.1100,10
45310362430362,12:35:10.362,19.1200,5
45310362430362,12:35:10.362,19.1200,95
45310362521554,12:35:10.362,19.1200,5
45632574589633,12:40:32.574,19.1000,8
45632574589633,12:40:32.574,19.1000,100
45632574745770,12:40:32.574,19.1000,100
45632574780063,12:40:32.574,19.1000,52
45632574791670,12:40:32.574,19.1000,3
45632574794122,12:40:32.574,19.1000,45
45665199731272,12:41:05.199,19.1100,105
45665199737402,12:41:05.199,19.1100,32
45665208138437,12:41:05.208,19.1100,100
45665219145423,12:41:05.219,19.1100,82
45680452395492,12:41:20.452,19.1100,18
45680452395492,12:41:20.452,19.1100,100
45680453513019,12:41:20.453,19.1000,100
45680453549616,12:41:20.453,19.1000,100
45710908412383,12:41:50.908,19.0900,100
45710908480907,12:41:50.908,19.0900,100
45710908512742,12:41:50.908,19.0900,100
45710908548386,12:41:50.908,19.0900,100
45710909411390,12:41:50.909,19.0900,40
45717017310385,12:41:57.017,19.0800,60
45768438434106,12:42:48.438,19.1100,178
45768439736617,12:42:48.439,19.1100,22
45768439736617,12:42:48.439,19.1100,21
45777006688305,12:42:57.006,19.1000,5
45785164112599,12:43:05.164,19.1000,95
45786413419829,12:43:06.413,19.1100,105
45909248274097,12:45:09.248,19.1100,74
45993767348139,12:46:33.767,19.1100,62
46050236904183,12:47:30.236,19.1100,100
46059264904989,12:47:39.264,19.1200,100
46077835305639,12:47:57.835,19.1300,95
46085026626527,12:48:05.026,19.1300,5
46214276198669,12:50:14.276,19.1600,100
46228376081233,12:50:28.376,19.1600,100
46228377556741,12:50:28.377,19.1600,200
46228377556741,12:50:28.377,19.1600,100
46331953372535,12:52:11.953,19.1700,100
46331953481865,12:52:11.953,19.1700,100
46331953481865,12:52:11.953,19.1700,100
46331974633967,12:52:11.974,19.1700,100
46338620185789,12:52:18.620,19.1800,100
46338620185789,12:52:18.620,19.1800,30
46353907235430,12:52:33.907,19.1700,90
46358717295131,12:52:38.717,19.1600,51
46358717302266,12:52:38.717,19.1600,4
46358717305029,12:52:38.717,19.1600,5
46358726206489,12:52:38.726,19.1600,100
46368157023412,12:52:48.157,19.1600,100
46376317008352,12:52:56.317,19.1700,100
46410444965613,12:53:30.444,19.1600,100
46410946867840,12:53:30.946,19.1500,100
46410955613485,12:53:30.955,19.1500,100
46410997787309,12:53:30.997,19.1500,100
46418057111518,12:53:38.057,19.1600,85
46418057165088,12:53:38.057,19.1600,315
46418057165088,12:53:38.057,19.1600,100
46509241213008,12:55:09.241,19.1700,100
46521787817520,12:55:21.787,19.1800,100
46521787899420,12:55:21.787,19.1800,500
46521789000881,12:55:21.789,19.1800,600
46521792344693,12:55:21.792,19.1800,62
46523889822003,12:55:23.889,19.1800,100
46525930773637,12:55:25.930,19.1800,100
46538978861089,12:55:38.978,19.1800,100
46541074924056,12:55:41.074,19.1800,100
46541075001487,12:55:41.075,19.1800,200
46541075001487,12:55:41.075,19.1800,100
46541076507306,12:55:41.076,19.1800,100
46547039846226,12:55:47.039,19.1800,100
46547243573185,12:55:47.243,19.1800,100
46550237693317,12:55:50.237,19.1600,100
46550237693317,12:55:50.237,19.1600,8
46550237693317,12:55:50.237,19.1600,100
46550237844855,12:55:50.237,19.1500,1
46582324241581,12:56:22.324,19.1300,100
46585151649527,12:56:25.151,19.1200,100
46597310774978,12:56:37.310,19.1300,100
46603071626817,12:56:43.071,19.1200,100
46604898995776,12:56:44.898,19.1500,100
46671616550498,12:57:51.616,19.1700,100
46733391123438,12:58:53.391,19.1700,100
46738000556475,12:58:58.000,19.1800,6
46738825611156,12:58:58.825,19.1800,1
46742012108753,12:59:02.012,19.1700,100
46743291510254,12:59:03.291,19.1700,100
46743291841370,12:59:03.291,19.1700,54
46743291907946,12:59:03.291,19.1700,51
46743291916261,12:59:03.291,19.1700,100
46743291925239,12:59:03.291,19.1700,51
46743291935264,12:59:03.291,19.1700,44
46743291935264,12:59:03.291,19.1700,56
46743292045755,12:59:03.292,19.1700,44
46743292045755,12:59:03.292,19.1700,7
46743292116187,12:59:03.292,19.1700,52
46745883200471,12:59:05.883,19.1800,19
46746410498363,12:59:06.410,19.1700,100
46770621929462,12:59:30.621,19.1800,74
46770623177402,12:59:30.623,19.1900,2
46770623995029,12:59:30.623,19.2000,100
46788654589456,12:59:48.654,19.1900,100
46795901636725,12:59:55.901,19.2100,2
46802099871239,13:00:02.099,19.1900,5
46832351029388,13:00:32.351,19.2200,100
46832351260529,13:00:32.351,19.2200,100
46882458906031,13:01:22.458,19.2500,100
46882577058753,13:01:22.577,19.2400,100
47039242139162,13:03:59.242,19.2200,43
47039255307916,13:03:59.255,19.2200,57
47039255307916,13:03:59.255,19.2200,95
47039255307916,13:03:59.255,19.2200,100
47039255307916,13:03:59.255,19.2200,48
47039255345929,13:03:59.255,19.2200,52
47039255651689,13:03:59.255,19.2200,100
47050981770575,13:04:10.981,19.2200,12
47113296205418,13:05:13.296,19.2500,100
47113296762130,13:05:13.296,19.2500,100
47113296762130,13:05:13.296,19.2500,100
47207386903066,13:06:47.386,19.2100,15
47207386903066,13:06:47.386,19.2100,7
47207473119644,13:06:47.473,19.2100,100
47261450061531,13:07:41.450,19.2100,20
47261596890469,13:07:41.596,19.2000,100
47261598121598,13:07:41.598,19.2000,200
47261598231754,13:07:41.598,19.2000,200
47261647561050,13:07:41.647,19.2000,100
47321500786292,13:08:41.500,19.1900,100
47321501501462,13:08:41.501,19.1900,100
47321501501462,13:08:41.501,19.1900,30
47495714782696,13:11:35.714,19.2000,100
47495740808044,13:11:35.740,19.2200,100
47516507718778,13:11:56.507,19.2500,200
47516508160290,13:11:56.508,19.2500,200
47516508285159,13:11:56.508,19.2500,100
47518183268818,13:11:58.183,19.2700,100
47533134636840,13:12:13.134,19.2800,100
47637502638662,13:13:57.502,19.2900,25
47637547160292,13:13:57.547,19.2900,39
47698897441122,13:14:58.897,19.2800,100
47698897441122,13:14:58.897,19.2800,100
47698897831387,13:14:58.897,19.2600,50
47712529996163,13:15:12.529,19.2700,7
47728248675446,13:15:28.248,19.2700,93
47791891966395,13:16:31.891,19.2900,100
47791894280693,13:16:31.894,19.2900,30
47791894284064,13:16:31.894,19.2900,30
47791894304384,13:16:31.894,19.2900,40
47791894310594,13:16:31.894,19.3000,100
47981248701539,13:19:41.248,19.2900,100
48046772627271,13:20:46.772,19.2800,100
48046772627271,13:20:46.772,19.2800,200
48046773640166,13:20:46.773,19.2700,6
48046773640166,13:20:46.773,19.2700,1
48046773640166,13:20:46.773,19.2700,100
48046773903774,13:20:46.773,19.2700,100
48046774361939,13:20:46.774,19.2700,100
48046774361939,13:20:46.774,19.2600,100
48046774361939,13:20:46.774,19.2600,100
48046775338263,13:20:46.775,19.2300,200
48046776904147,13:20:46.776,19.2100,100
48046776904147,13:20:46.776,19.2100,300
48046777123185,13:20:46.777,19.2100,167
48046777136587,13:20:46.777,19.2100,33
48046777250863,13:20:46.777,19.2200,95
48046777305983,13:20:46.777,19.2200,5
48046778732272,13:20:46.778,19.2200,100
48064370378185,13:21:04.370,19.2000,100
48064370378185,13:21:04.370,19.2000,100
48064370378185,13:21:04.370,19.2000,100
48064374207965,13:21:04.374,19.1700,100
48064374872357,13:21:04.374,19.1600,100
48064375326463,13:21:04.375,19.1700,100
48064517599087,13:21:04.517,19.1600,100
48064518173723,13:21:04.518,19.1600,100
48064524851102,13:21:04.524,19.1800,30
48082194929382,13:21:22.194,19.1700,100
48082217577285,13:21:22.217,19.1500,130
48082217577285,13:21:22.217,19.1500,100
48082303838360,13:21:22.303,19.1400,100
48115388315265,13:21:55.388,19.1700,20
48115981068113,13:21:55.981,19.1100,100
48115984501395,13:21:55.984,19.1300,30
48116087255788,13:21:56.087,19.1300,200
48116087350951,13:21:56.087,19.1300,200
48116089080684,13:21:56.089,19.1300,37
48116089080684,13:21:56.089,19.1400,3
48116091201643,13:21:56.091,19.1300,100
48116632489907,13:21:56.632,19.1200,100
48139385525171,13:22:19.385,19.1500,100
48139401810600,13:22:19.401,19.1300,100
48139413657787,13:22:19.413,19.1300,100
48206264469953,13:23:26.264,19.1300,95
48206264547244,13:23:26.264,19.1300,105
48207616372329,13:23:27.616,19.1300,40
48422307926077,13:27:02.307,19.1400,100
48422307926077,13:27:02.307,19.1400,100
48422313036674,13:27:02.313,19.1400,60
48422313036674,13:27:02.313,19.1400,100
48472325977913,13:27:52.325,19.1400,45
48477368121341,13:27:57.368,19.1500,22
48488540285904,13:28:08.540,19.1300,130
48488554079588,13:28:08.554,19.1200,100
48548659029714,13:29:08.659,19.1000,10
48548659242619,13:29:08.659,19.0900,40
48603666362396,13:30:03.666,19.1000,100
48665655383276,13:31:05.655,19.1000,5
48667595631999,13:31:07.595,19.1300,5
48991263094357,13:36:31.263,19.1300,24
49158293750955,13:39:18.293,19.1500,40
49158293820823,13:39:18.293,19.1500,60
49158293820823,13:39:18.293,19.1500,100
49158293908151,13:39:18.293,19.1500,100
49158293908151,13:39:18.293,19.1500,100
49158302418398,13:39:18.302,19.1500,100
49158302953224,13:39:18.302,19.1500,100
49158310255816,13:39:18.310,19.1500,62
49158409894226,13:39:18.409,19.1400,100
49450319388747,13:44:10.319,19.1600,40
49460624855080,13:44:20.624,19.1500,45
49460624855080,13:44:20.624,19.1400,72
49460625063759,13:44:20.625,19.1400,28
49460625063759,13:44:20.625,19.1400,17
49460625128456,13:44:20.625,19.1300,1
49460625128456,13:44:20.625,19.1300,10
49460625128456,13:44:20.625,19.1300,113
49678634896283,13:47:58.634,19.1100,100
49931648122250,13:52:11.648,19.0900,5
49931648123553,13:52:11.648,19.0900,35
50014307244135,13:53:34.307,19.0900,100
50023901512508,13:53:43.901,19.1000,100
50023901512508,13:53:43.901,19.1000,5
50394335197683,13:59:54.335,19.1000,1
50394335197683,13:59:54.335,19.1000,100
50394335197683,13:59:54.335,19.1000,100
50394335197683,13:59:54.335,19.1000,100
50394335197683,13:59:54.335,19.1000,130
50394335197683,13:59:54.335,19.1000,100
50394335244505,13:59:54.335,19.0900,10
50409248391217,14:00:09.248,19.1000,100
50409248391217,14:00:09.248,19.1000,100
50415120655911,14:00:15.120,19.1100,100
50415120655911,14:00:15.120,19.1000,100
50415131753254,14:00:15.131,19.1000,49
50415131764764,14:00:15.131,19.1000,3
50439771510979,14:00:39.771,19.1000,9
50439771510979,14:00:39.771,19.1000,100
50439771976131,14:00:39.771,19.1000,100
50445438806751,14:00:45.438,19.0800,83
50445438816052,14:00:45.438,19.0800,17
50488753726005,14:01:28.753,19.0900,100
50708382116508,14:05:08.382,19.1500,200
50997994701950,14:09:57.994,19.1700,1
50997994701950,14:09:57.994,19.1700,100
50997994701950,14:09:57.994,19.1700,20
50997994701950,14:09:57.994,19.1700,1
50997995046081,14:09:57.995,19.1600,73
50997995068801,14:09:57.995,19.1600,27
51074136492451,14:11:14.136,19.1800,100
51074137073204,14:11:14.137,19.1900,16
51074137074934,14:11:14.137,19.1900,84
51074137641311,14:11:14.137,19.2000,100
51074137641311,14:11:14.137,19.2000,38
51074137644779,14:11:14.137,19.2000,62
51074137647298,14:11:14.137,19.2000,62
51074137671820,14:11:14.137,19.2000,62
51172035835242,14:12:52.035,19.2000,100
51188621139907,14:13:08.621,19.2000,76
51188621139907,14:13:08.621,19.2000,24
51195805191747,14:13:15.805,19.2000,100
51195836942629,14:13:15.836,19.2100,100
51227355922465,14:13:47.355,19.2200,100
51227355922465,14:13:47.355,19.2200,100
51227355922465,14:13:47.355,19.2200,100
51227356209459,14:13:47.356,19.2100,37
51227356215442,14:13:47.356,19.2100,63
51227357703747,14:13:47.357,19.2000,100
51227357703747,14:13:47.357,19.2000,100
51227358379553,14:13:47.358,19.1900,100
51227359977193,14:13:47.359,19.1600,40
51227359977193,14:13:47.359,19.1600,100
51227489626969,14:13:47.489,19.1600,100
51227489626969,14:13:47.489,19.1600,100
51227489951725,14:13:47.489,19.1600,100
51242566849356,14:14:02.566,19.1600,100
51285832373949,14:14:45.832,19.1600,100
51285832373949,14:14:45.832,19.1600,100
51285832444709,14:14:45.832,19.1800,200
51285832526839,14:14:45.832,19.1800,100
51285833095502,14:14:45.833,19.1600,100
51285834131143,14:14:45.834,19.1500,100
51285835047169,14:14:45.835,19.1400,100
51285835047169,14:14:45.835,19.1400,100
51285835904315,14:14:45.835,19.1200,100
51285835904315,14:14:45.835,19.1200,400
51285836839240,14:14:45.836,19.1000,200
51285851561651,14:14:45.851,19.1200,100
51285855164481,14:14:45.855,19.1400,100
51285917158700,14:14:45.917,19.1400,100
51285917158700,14:14:45.917,19.1400,100
51285917158700,14:14:45.917,19.1400,100
51285918790092,14:14:45.918,19.1300,100
51285918790092,14:14:45.918,19.1300,300
51285919623684,14:14:45.919,19.1200,400
51286016675198,14:14:46.016,19.1100,100
51286016675198,14:14:46.016,19.1100,100
51286016675198,14:14:46.016,19.1100,100
51286017607024,14:14:46.017,19.1000,100
51286059856213,14:14:46.059,19.1200,100
51286067642698,14:14:46.067,19.1100,100
51286067642698,14:14:46.067,19.1100,700
51288744777551,14:14:48.744,19.1600,100
51331479077978,14:15:31.479,19.1600,100
51331479126744,14:15:31.479,19.1500,12
51331479300209,14:15:31.479,19.1500,100
51331479465930,14:15:31.479,19.1500,100
51331479472187,14:15:31.479,19.1400,100
51331479481389,14:15:31.479,19.1400,39
51331479509307,14:15:31.479,19.1400,61
51331484098448,14:15:31.484,19.1600,100
51331484098448,14:15:31.484,19.1600,47
51348273088462,14:15:48.273,19.1500,100
51355657226619,14:15:55.657,19.1600,100
51355657284842,14:15:55.657,19.1600,100
51362106994174,14:16:02.106,19.1600,53
51362107329009,14:16:02.107,19.1600,147
51362107329009,14:16:02.107,19.1600,53
51387913367191,14:16:27.913,19.1600,100
51387920197937,14:16:27.920,19.1600,100
51420275459112,14:17:00.275,19.1600,1
51425325710858,14:17:05.325,19.1600,100
51425356142325,14:17:05.356,19.1600,99
51425356142325,14:17:05.356,19.1600,1
51434259898837,14:17:14.259,19.1600,199
51440365486690,14:17:20.365,19.1600,100
51454012885136,14:17:34.012,19.1600,100
51469334947774,14:17:49.334,19.1600,100
51485170875104,14:18:05.170,19.1600,100
51485182610726,14:18:05.182,19.1600,200
51485448079977,14:18:05.448,19.1600,100
51502472844347,14:18:22.472,19.1800,100
51502474424431,14:18:22.474,19.1800,100
51513351903372,14:18:33.351,19.1800,100
51513352040001,14:18:33.352,19.1800,100
51542474601805,14:19:02.474,19.1800,100
51542507966591,14:19:02.507,19.1800,100
51542507966591,14:19:02.507,19.1800,95
51560380537139,14:19:20.380,19.2100,100
51595288144950,14:19:55.288,19.2200,100
51595288144950,14:19:55.288,19.2200,100
51595288144950,14:19:55.288,19.2200,100
51595288378976,14:19:55.288,19.2100,19
51595288392756,14:19:55.288,19.2100,81
51596576528323,14:19:56.576,19.2100,100
51596576956170,14:19:56.576,19.2100,77
51624418637306,14:20:24.418,19.2100,23
51722508028729,14:22:02.508,19.2600,100
51724956232374,14:22:04.956,19.2700,40
51724956232374,14:22:04.956,19.2600,100
51809271911447,14:23:29.271,19.3000,100
51821989994378,14:23:41.989,19.2900,100
51850612430588,14:24:10.612,19.2800,80
51895686657981,14:24:55.686,19.3000,100
51965791727130,14:26:05.791,19.3200,100
51965791727130,14:26:05.791,19.3000,100
51966093154928,14:26:06.093,19.3100,99
51966093171980,14:26:06.093,19.3100,1
51975009361826,14:26:15.009,19.2900,100
51975089000042,14:26:15.089,19.3200,100
52099970973839,14:28:19.970,19.3300,30
52125879922126,14:28:45.879,19.3200,30
52125879929774,14:28:45.879,19.3200,2
52125880061492,14:28:45.880,19.3300,100
52125880067586,14:28:45.880,19.3300,30
52125880451359,14:28:45.880,19.3200,10
52125880451359,14:28:45.880,19.3200,13
52125880451359,14:28:45.880,19.3100,1
52125880451359,14:28:45.880,19.3100,100
52125880451359,14:28:45.880,19.3000,100
52125880451359,14:28:45.880,19.3000,100
52125880451359,14:28:45.880,19.3000,100
52125976625641,14:28:45.976,19.3000,100
52125976656230,14:28:45.976,19.3000,96
52125978265534,14:28:45.978,19.3000,100
52125984370420,14:28:45.984,19.3000,100
52125984370420,14:28:45.984,19.3000,100
52125984370420,14:28:45.984,19.3000,100
52132234595258,14:28:52.234,19.2900,37
52132237242336,14:28:52.237,19.2800,100
52132247525079,14:28:52.247,19.2800,63
52137382140280,14:28:57.382,19.2700,100
52137382677201,14:28:57.382,19.2600,6
52146488401923,14:29:06.488,19.2500,200
52146488428692,14:29:06.488,19.2500,81
52146488430114,14:29:06.488,19.2500,41
52146488434641,14:29:06.488,19.2500,40
52152071733765,14:29:12.071,19.2500,200
52158300690152,14:29:18.300,19.2500,200
52158301237873,14:29:18.301,19.2500,200
52158301688118,14:29:18.301,19.2500,200
52162006957732,14:29:22.006,19.2500,200
52162007068221,14:29:22.007,19.2500,200
52166086691470,14:29:26.086,19.2500,38
52390897564719,14:33:10.897,19.3000,100
52390922522577,14:33:10.922,19.3000,100
52390922522577,14:33:10.922,19.3000,57
52392316135312,14:33:12.316,19.2800,100
52392319236328,14:33:12.319,19.2700,100
52482315983372,14:34:42.315,19.2900,24
52482322701486,14:34:42.322,19.3100,100
52482322762473,14:34:42.322,19.3200,400
52511284452750,14:35:11.284,19.3700,100
52511284452750,14:35:11.284,19.3700,100
52550285582131,14:35:50.285,19.3900,100
52550285897392,14:35:50.285,19.3900,100
52569390902108,14:36:09.390,19.3700,100
52569391072030,14:36:09.391,19.3600,40
52569391072030,14:36:09.391,19.3600,100
52569391072030,14:36:09.391,19.3600,15
52569391162387,14:36:09.391,19.3700,100
52569391221895,14:36:09.391,19.3700,76
52569391229926,14:36:09.391,19.3700,24
52569391229926,14:36:09.391,19.3700,89
52569391556024,14:36:09.391,19.3600,100
52569391556024,14:36:09.391,19.3600,49
52569391556024,14:36:09.391,19.3600,40
52569391765900,14:36:09.391,19.3700,40
52569391803081,14:36:09.391,19.3700,49
52569391995508,14:36:09.391,19.3700,11
52588369413348,14:36:28.369,19.3200,40
52588370349861,14:36:28.370,19.3100,100
52588371022428,14:36:28.371,19.3000,7
52588544298259,14:36:28.544,19.3000,100
52630290341812,14:37:10.290,19.3000,200
52630290452562,14:37:10.290,19.3000,200
52630292920940,14:37:10.292,19.3000,200
52630310689125,14:37:10.310,19.2950,35
52630412926491,14:37:10.412,19.2900,100
52698970143808,14:38:18.970,19.2800,100
52698970297743,14:38:18.970,19.2800,100
52698971787884,14:38:18.971,19.2800,100
52698977091535,14:38:18.977,19.2800,100
52706957377139,14:38:26.957,19.2800,100
52733243792834,14:38:53.243,19.2900,100
52753427403683,14:39:13.427,19.3000,200
52797260398348,14:39:57.260,19.3000,200
52826357889263,14:40:26.357,19.3000,100
52826358067397,14:40:26.358,19.3100,100
52836295125465,14:40:36.295,19.3400,100
52836295125465,14:40:36.295,19.3400,100
52836296576394,14:40:36.296,19.3100,30
52837359429784,14:40:37.359,19.2900,19
52850096775890,14:40:50.096,19.2800,100
52894080692862,14:41:34.080,19.3000,100
52894080807517,14:41:34.080,19.3000,100
52894081446288,14:41:34.081,19.3000,100
52894874378152,14:41:34.874,19.2900,100
52894874378152,14:41:34.874,19.2900,100
52959806976491,14:42:39.806,19.3000,100
52959807091978,14:42:39.807,19.3000,100
52959807266471,14:42:39.807,19.3000,100
52959853068297,14:42:39.853,19.3000,100
52979214222505,14:42:59.214,19.2800,100
52979214999082,14:42:59.214,19.2700,100
53003525003474,14:43:23.525,19.2500,100
53003525003474,14:43:23.525,19.2500,200
53057198001788,14:44:17.198,19.2800,100
53057272674082,14:44:17.272,19.2800,100
53077726051100,14:44:37.726,19.2600,30
53077726172796,14:44:37.726,19.2600,70
53077726231645,14:44:37.726,19.2600,30
53077728060219,14:44:37.728,19.2300,100
53077728849276,14:44:37.728,19.2200,100
53080090609924,14:44:40.090,19.2200,100
53080092840869,14:44:40.092,19.2200,10
53089598738682,14:44:49.598,19.2300,100
53089598738682,14:44:49.598,19.2300,300
53118882419199,14:45:18.882,19.2100,100
53180137492309,14:46:20.137,19.2000,100
53180137492309,14:46:20.137,19.2000,100
53180167109928,14:46:20.167,19.2300,100
53228510497228,14:47:08.510,19.2600,91
53228541253627,14:47:08.541,19.2700,100
53277334741621,14:47:57.334,19.2700,35
53277928738666,14:47:57.928,19.2700,1
53289035266512,14:48:09.035,19.2700,64
53289035266512,14:48:09.035,19.2700,100
53289035266512,14:48:09.035,19.2700,36
53289035361653,14:48:09.035,19.2700,100
53374566714657,14:49:34.566,19.3400,100
53374566714657,14:49:34.566,19.3400,67
53374566714657,14:49:34.566,19.3400,100
53412261785288,14:50:12.261,19.3600,100
53412268728543,14:50:12.268,19.3900,100
53412268728543,14:50:12.268,19.3900,100
53502150507326,14:51:42.150,19.3600,55
53502150507326,14:51:42.150,19.3600,100
53506933710732,14:51:46.933,19.3500,1
53506935079594,14:51:46.935,19.3500,100
53507213461167,14:51:47.213,19.3900,75
53507213536828,14:51:47.213,19.3900,125
53510616769599,14:51:50.616,19.3700,100
53510616769599,14:51:50.616,19.3700,100
53557801401927,14:52:37.801,19.3800,100
53557801401927,14:52:37.801,19.3800,100
53557801401927,14:52:37.801,19.3800,100
53563161761236,14:52:43.161,19.3300,100
53568162843454,14:52:48.162,19.3600,100
53582425710456,14:53:02.425,19.3500,200
53583302124333,14:53:03.302,19.3700,100
53601761516603,14:53:21.761,19.3700,100
53601761781824,14:53:21.761,19.3900,30
53601762557569,14:53:21.762,19.3800,30
53601762557569,14:53:21.762,19.3700,100
53603461224981,14:53:23.461,19.3500,100
53613983803564,14:53:33.983,19.3500,30
53613985884460,14:53:33.985,19.3600,100
53614030494605,14:53:34.030,19.3600,100
53614031893528,14:53:34.031,19.3400,100
53614176742464,14:53:34.176,19.3100,100
53687518852825,14:54:47.518,19.2900,2
53713703300080,14:55:13.703,19.3000,100
53877443672246,14:57:57.443,19.3500,63
53997081688262,14:59:57.081,19.3500,37
53997081688262,14:59:57.081,19.3500,5
53997585566053,14:59:57.585,19.3600,50
53997585639421,14:59:57.585,19.3600,50
53997588209340,14:59:57.588,19.3700,97
54043624165363,15:00:43.624,19.3500,100
54043624165363,15:00:43.624,19.3500,100
54043624165363,15:00:43.624,19.3500,100
54043624304498,15:00:43.624,19.3700,100
54043624304498,15:00:43.624,19.3700,2
54043624506673,15:00:43.624,19.3500,2
54043625021232,15:00:43.625,19.3500,15
54043707883920,15:00:43.707,19.3500,100
54043707981026,15:00:43.707,19.3500,100
54043708237178,15:00:43.708,19.3500,13
54043724736435,15:00:43.724,19.3600,100
54043724799066,15:00:43.724,19.3700,30
54043724799066,15:00:43.724,19.3800,72
54043725122198,15:00:43.725,19.3700,100
54043725122198,15:00:43.725,19.3700,14
54043725129832,15:00:43.725,19.3700,16
54043725370778,15:00:43.725,19.3700,30
54043725454058,15:00:43.725,19.3700,70
54043744360359,15:00:43.744,19.3700,100
54043744425753,15:00:43.744,19.3800,25
54043744425753,15:00:43.744,19.3800,5
54043745233617,15:00:43.745,19.3900,100
54043773832448,15:00:43.773,19.3700,100
54043774068375,15:00:43.774,19.3600,100
54043782203488,15:00:43.782,19.3900,30
54043788936758,15:00:43.788,19.3700,10
54043788936758,15:00:43.788,19.3700,90
54095878421947,15:01:35.878,19.3500,100
54095878646574,15:01:35.878,19.3700,30
54095879680045,15:01:35.879,19.3500,100
54095879680045,15:01:35.879,19.3500,100
54095879952344,15:01:35.879,19.3500,26
54095880151218,15:01:35.880,19.3500,33
54171953480753,15:02:51.953,19.3500,300
54171953480753,15:02:51.953,19.3500,100
54172004580729,15:02:52.004,19.3650,100
54178550776439,15:02:58.550,19.3700,100
54189073133089,15:03:09.073,19.3900,5
54237155239809,15:03:57.155,19.3700,100
54237155239809,15:03:57.155,19.3700,100
54237155393321,15:03:57.155,19.3900,30
54237155928532,15:03:57.155,19.3700,30
54237156983747,15:03:57.156,19.3400,100
54237157755327,15:03:57.157,19.3300,100
54237157755327,15:03:57.157,19.3300,100
54237158476110,15:03:57.158,19.3200,200
54237158980795,15:03:57.158,19.3300,100
54237159105863,15:03:57.159,19.3200,30
54237159338162,15:03:57.159,19.3200,70
54237159338162,15:03:57.159,19.3100,30
54237159727757,15:03:57.159,19.3100,70
54237159816692,15:03:57.159,19.3000,100
54237160193150,15:03:57.160,19.3000,100
54237161147394,15:03:57.161,19.3100,100
54237161193414,15:03:57.161,19.3100,100
54237161227360,15:03:57.161,19.3100,10
54237161261563,15:03:57.161,19.3100,19
54237161770395,15:03:57.161,19.3000,100
54237161843464,15:03:57.161,19.3000,100
54237162019198,15:03:57.162,19.2900,74
54237162156105,15:03:57.162,19.2900,100
54237162157505,15:03:57.162,19.2900,26
54237162566231,15:03:57.162,19.2900,100
54237162566231,15:03:57.162,19.3000,87
54237163437378,15:03:57.163,19.2800,33
54237163634434,15:03:57.163,19.2800,67
54237260528174,15:03:57.260,19.3200,100
54258600029596,15:04:18.600,19.3200,100
54258600029596,15:04:18.600,19.3200,100
54258603939113,15:04:18.603,19.3000,200
54258604071481,15:04:18.604,19.3000,100
54258604071481,15:04:18.604,19.3000,100
54258617350228,15:04:18.617,19.3000,200
54258655280373,15:04:18.655,19.3000,200
54258655407763,15:04:18.655,19.3000,100
54258655407763,15:04:18.655,19.3000,100
54258655407763,15:04:18.655,19.3000,100
54258655407763,15:04:18.655,19.3000,100
54259870166232,15:04:19.870,19.3000,200
54259870683663,15:04:19.870,19.3000,200
54259870817228,15:04:19.870,19.3000,100
54259870817228,15:04:19.870,19.3000,100
54259870817228,15:04:19.870,19.3000,100
54259870817228,15:04:19.870,19.3000,100
54261141595090,15:04:21.141,19.2900,100
54297210428541,15:04:57.210,19.3000,200
54297210577449,15:04:57.210,19.3000,100
54297210577449,15:04:57.210,19.3000,100
54297997709579,15:04:57.997,19.2900,1
54304906338314,15:05:04.906,19.2900,99
54304913776379,15:05:04.913,19.3000,100
54304913776379,15:05:04.913,19.3000,100
54304913921157,15:05:04.913,19.3000,100
54304913921157,15:05:04.913,19.3000,100
54304918562838,15:05:04.918,19.2900,62
54304982641593,15:05:04.982,19.2900,38
54309017710420,15:05:09.017,19.2900,100
54317754806255,15:05:17.754,19.3000,100
54317754806255,15:05:17.754,19.3000,1
54317755223344,15:05:17.755,19.3000,30
54317755224594,15:05:17.755,19.3000,170
54317755224594,15:05:17.755,19.3000,30
54317755242630,15:05:17.755,19.3000,30
54317755375193,15:05:17.755,19.3000,39
54317755375193,15:05:17.755,19.3000,100
54317755375193,15:05:17.755,19.3100,61
54317755393819,15:05:17.755,19.3000,100
54317755393819,15:05:17.755,19.3000,100
54321077440177,15:05:21.077,19.2800,36
54321078128456,15:05:21.078,19.2800,8
54341006571054,15:05:41.006,19.2700,1
54341006571054,15:05:41.006,19.2700,32
54341006573251,15:05:41.006,19.2700,13
54341006583010,15:05:41.006,19.2700,33
54341006585789,15:05:41.006,19.2700,22
54347210887069,15:05:47.210,19.2500,100
54349312394563,15:05:49.312,19.2400,56
54368738712938,15:06:08.738,19.2700,100
54369676451909,15:06:09.676,19.2700,30
54380693396786,15:06:20.693,19.2700,100
54413742414688,15:06:53.742,19.2600,59
54415013264890,15:06:55.013,19.2700,70
54429430817952,15:07:09.430,19.2500,100
54429430817952,15:07:09.430,19.2400,100
54429434727968,15:07:09.434,19.2000,165
54429434735795,15:07:09.434,19.2000,35
54429434768950,15:07:09.434,19.2000,200
54429434809794,15:07:09.434,19.2000,200
54429434872731,15:07:09.434,19.2000,100
54429434872731,15:07:09.434,19.2000,100
54429434872731,15:07:09.434,19.2000,100
54429434872731,15:07:09.434,19.2000,100
54429434916830,15:07:09.434,19.2000,60
54429434923074,15:07:09.434,19.2000,40
54429434923074,15:07:09.434,19.2000,104
54429434924514,15:07:09.434,19.2000,36
54429434924934,15:07:09.434,19.2000,33
54429434958640,15:07:09.434,19.2000,100
54429447530623,15:07:09.447,19.2000,100
54429447648603,15:07:09.447,19.2000,100
54429447648603,15:07:09.447,19.2000,100
54429497778639,15:07:09.497,19.2000,100
54429497897937,15:07:09.497,19.2000,100
54429497897937,15:07:09.497,19.2000,100
54437289110586,15:07:17.289,19.1900,100
54437289110586,15:07:17.289,19.1900,100
54437343284792,15:07:17.343,19.2000,20
54437343354938,15:07:17.343,19.2000,80
54438517220094,15:07:18.517,19.2000,100
54439957118843,15:07:19.957,19.2000,100
54439957118843,15:07:19.957,19.2000,700
54439957264839,15:07:19.957,19.2000,100
54439957264839,15:07:19.957,19.2000,100
54439957264839,15:07:19.957,19.2000,100
54439957264839,15:07:19.957,19.2000,100
54439957290427,15:07:19.957,19.2000,100
54441226333144,15:07:21.226,19.1900,100
54441226503134,15:07:21.226,19.2000,200
54441226636603,15:07:21.226,19.2000,100
54441226636603,15:07:21.226,19.2000,100
54442818108559,15:07:22.818,19.1900,100
54450043108197,15:07:30.043,19.2000,100
54450043108197,15:07:30.043,19.2000,100
54450043451066,15:07:30.043,19.2000,200
54450043591707,15:07:30.043,19.2000,100
54450043591707,15:07:30.043,19.2000,100
54450139200002,15:07:30.139,19.2000,100
54451511580527,15:07:31.511,19.1800,100
54489628315485,15:08:09.628,19.2200,20
54489628412654,15:08:09.628,19.2300,20
54489658915255,15:08:09.658,19.2400,20
54537619866321,15:08:57.619,19.2500,10
54537619866321,15:08:57.619,19.2500,70
54537619981573,15:08:57.619,19.2500,30
54537619981573,15:08:57.619,19.2500,100
54568143361560,15:09:28.143,19.2800,5
54568148580570,15:09:28.148,19.2900,200
54582390384214,15:09:42.390,19.3150,100
54601256099356,15:10:01.256,19.3400,100
54603169515746,15:10:03.169,19.3100,100
54603169515746,15:10:03.169,19.3100,100
54603169515746,15:10:03.169,19.3100,100
54603169515746,15:10:03.169,19.3100,100
54603172986704,15:10:03.172,19.3000,200
54603173125607,15:10:03.173,19.3000,100
54603173125607,15:10:03.173,19.3000,100
54603173125607,15:10:03.173,19.3000,100
54603173125607,15:10:03.173,19.3000,100
54603174542016,15:10:03.174,19.2900,100
54618606785076,15:10:18.606,19.3000,21
54664213139221,15:11:04.213,19.3000,179
54664214438833,15:11:04.214,19.3000,200
54664214584723,15:11:04.214,19.3000,100
54664214584723,15:11:04.214,19.3000,100
54664239713503,15:11:04.239,19.2900,43
54664247595480,15:11:04.247,19.2900,45
54664285798656,15:11:04.285,19.2900,12
54669267018285,15:11:09.267,19.3000,100
54704280184547,15:11:44.280,19.3400,200
54704280493371,15:11:44.280,19.3400,5
54717286107720,15:11:57.286,19.3600,13
54725590784174,15:12:05.590,19.3800,300
54739894493263,15:12:19.894,19.3850,100
54756929310433,15:12:36.929,19.3700,100
54756929310433,15:12:36.929,19.3700,84
54756930161065,15:12:36.930,19.3600,40
54756932201359,15:12:36.932,19.3400,100
54756932213369,15:12:36.932,19.3400,100
54756932213369,15:12:36.932,19.3400,100
54756932352443,15:12:36.932,19.3400,100
54756932352443,15:12:36.932,19.3400,100
54756932363836,15:12:36.932,19.3400,62
54756939543540,15:12:36.939,19.3400,100
54756939543540,15:12:36.939,19.3400,100
54756939543540,15:12:36.939,19.3400,100
54757052655136,15:12:37.052,19.3400,100
54757056160856,15:12:37.056,19.3400,100
54757056276642,15:12:37.056,19.3400,100
54757056276642,15:12:37.056,19.3400,100
54757229540153,15:12:37.229,19.3400,100
54757229666251,15:12:37.229,19.3400,100
54757229666251,15:12:37.229,19.3400,100
54762824803453,15:12:42.824,19.3300,100
54762824841612,15:12:42.824,19.3300,100
54774873146824,15:12:54.873,19.3100,100
54774873146824,15:12:54.873,19.3100,100
54774875229472,15:12:54.875,19.2800,100
54774876162700,15:12:54.876,19.2900,200
54775244024406,15:12:55.244,19.2900,200
54788170149496,15:13:08.170,19.2850,100
54788170149496,15:13:08.170,19.2900,100
54789200496524,15:13:09.200,19.2900,100
54789200631281,15:13:09.200,19.2900,100
54789200846168,15:13:09.200,19.2800,28
54789200849874,15:13:09.200,19.2800,36
54789200858840,15:13:09.200,19.2800,36
54789200858840,15:13:09.200,19.2800,28
54789200867863,15:13:09.200,19.2800,72
54798215172147,15:13:18.215,19.2800,100
54798215274044,15:13:18.215,19.2900,100
54798215274044,15:13:18.215,19.2900,200
54871341019913,15:14:31.341,19.2900,200
54871341019913,15:14:31.341,19.2900,5
54897347981918,15:14:57.347,19.2900,13
54925267550777,15:15:25.267,19.2900,100
54925268654133,15:15:25.268,19.2900,70
54948762398678,15:15:48.762,19.2900,400
54957228255202,15:15:57.228,19.3100,93
54957228292015,15:15:57.228,19.3100,7
54958183223937,15:15:58.183,19.3300,1
55060461145407,15:17:40.461,19.3200,100
55060461427909,15:17:40.461,19.3200,7
55096824896127,15:18:16.824,19.3300,100
55096824896127,15:18:16.824,19.3300,100
55096824896127,15:18:16.824,19.3300,7
55096835454461,15:18:16.835,19.3400,100
55096835454461,15:18:16.835,19.3400,100
55096835610341,15:18:16.835,19.3400,100
55096835610341,15:18:16.835,19.3400,100
55101733471262,15:18:21.733,19.3400,100
55101733610485,15:18:21.733,19.3400,100
55101733610485,15:18:21.733,19.3400,100
55101733675661,15:18:21.733,19.3400,100
55101733675661,15:18:21.733,19.3400,100
55101733675661,15:18:21.733,19.3400,100
55101733675661,15:18:21.733,19.3400,100
55101733675661,15:18:21.733,19.3400,100
55150026593647,15:19:10.026,19.3300,1
55154482585802,15:19:14.482,19.3300,100
55154483491731,15:19:14.483,19.3200,100
55154483491731,15:19:14.483,19.3200,100
55154483491731,15:19:14.483,19.3200,100
55154483718371,15:19:14.483,19.3300,30
55154483718371,15:19:14.483,19.3400,200
55154484421954,15:19:14.484,19.3200,30
55154484888396,15:19:14.484,19.3200,99
55154484893662,15:19:14.484,19.3200,1
55154485700803,15:19:14.485,19.3200,30
55154485708541,15:19:14.485,19.3200,36
55154485723418,15:19:14.485,19.3200,30
55154485817663,15:19:14.485,19.3300,30
55154485949573,15:19:14.485,19.3200,4
55154486403832,15:19:14.486,19.3300,100
55154486403832,15:19:14.486,19.3200,96
55154488527247,15:19:14.488,19.3100,30
55154488528550,15:19:14.488,19.3100,30
55154489426905,15:19:14.489,19.3100,40
55154490263396,15:19:14.490,19.3000,65
55154490465819,15:19:14.490,19.3000,72
55154490476720,15:19:14.490,19.3000,63
55154491027733,15:19:14.491,19.3000,100
55154494379006,15:19:14.494,19.3000,100
55154494531116,15:19:14.494,19.3000,100
55154494531116,15:19:14.494,19.3000,100
55154526287282,15:19:14.526,19.2900,100
55156490086761,15:19:16.490,19.3000,100
55156490246896,15:19:16.490,19.3000,100
55156490246896,15:19:16.490,19.3000,100
55156490478453,15:19:16.490,19.3000,30
55164511847693,15:19:24.511,19.2800,100
55164512468876,15:19:24.512,19.3000,70
55164512468876,15:19:24.512,19.3000,200
55164520592392,15:19:24.520,19.3000,200
55181208684870,15:19:41.208,19.3000,83
55257294854155,15:20:57.294,19.3100,40
55317267850804,15:21:57.267,19.3100,260
55317267850804,15:21:57.267,19.3100,200
55318251475119,15:21:58.251,19.3200,1
55367211295051,15:22:47.211,19.3200,100
55367211295051,15:22:47.211,19.3200,85
55367211335497,15:22:47.211,19.3200,15
55393139095322,15:23:13.139,19.3100,40
55449147925538,15:24:09.147,19.3100,17
55449147931304,15:24:09.147,19.3100,11
55449147932610,15:24:09.147,19.3100,32
55449148209016,15:24:09.148,19.3100,30
55449148220967,15:24:09.148,19.3100,30
55451368041069,15:24:11.368,19.3200,100
55451368041069,15:24:11.368,19.3200,100
55451368086234,15:24:11.368,19.3100,60
55451368086234,15:24:11.368,19.3100,40
55451513985835,15:24:11.513,19.3200,40
55520912734011,15:25:20.912,19.3400,300
55520912734011,15:25:20.912,19.3400,100
55520914419116,15:25:20.914,19.3300,15
55532197037936,15:25:32.197,19.3200,69
55598508154697,15:26:38.508,19.3200,100
55673125493645,15:27:53.125,19.3100,15
55673125493645,15:27:53.125,19.3100,85
55673125836017,15:27:53.125,19.3100,15
55681063503276,15:28:01.063,19.3200,100
55681064395978,15:28:01.064,19.3400,100
55681064395978,15:28:01.064,19.3400,100
55681064395978,15:28:01.064,19.3400,100
55681064395978,15:28:01.064,19.3400,100
55825010765441,15:30:25.010,19.3400,27
55876015312073,15:31:16.015,19.3500,70
55876015420596,15:31:16.015,19.3500,30
55876015420596,15:31:16.015,19.3500,100
55876015420596,15:31:16.015,19.3500,100
55876015420596,15:31:16.015,19.3500,300
55876015906803,15:31:16.015,19.3600,58
55876015906803,15:31:16.015,19.3600,1
55876015906803,15:31:16.015,19.3600,9
55876015906803,15:31:16.015,19.3600,10
55876015906803,15:31:16.015,19.3600,7
55876015908977,15:31:16.015,19.3600,15
55876015908977,15:31:16.015,19.3600,80
55876015911360,15:31:16.015,19.3600,20
55876016273482,15:31:16.016,19.3700,78
55876016273482,15:31:16.016,19.3700,22
55876018357669,15:31:16.018,19.3700,31
55876018416968,15:31:16.018,19.3700,69
55876018416968,15:31:16.018,19.3700,60
55877607010171,15:31:17.607,19.3600,100
55996382596755,15:33:16.382,19.3600,100
55996382596755,15:33:16.382,19.3600,30
55996931135286,15:33:16.931,19.3600,10
56017026134383,15:33:37.026,19.3600,28
56054313155465,15:34:14.313,19.3500,125
56054313155465,15:34:14.313,19.3500,60
56054313155465,15:34:14.313,19.3500,100
56054313155465,15:34:14.313,19.3500,129
56054313613822,15:34:14.313,19.3500,100
56054313933206,15:34:14.313,19.3500,17
56054313940336,15:34:14.313,19.3500,10
56054334554904,15:34:14.334,19.3500,73
56070964754868,15:34:30.964,19.3400,100
56070964754868,15:34:30.964,19.3400,100
56070965087828,15:34:30.965,19.3400,100
56070965317032,15:34:30.965,19.3400,29
56070966064746,15:34:30.966,19.3300,60
56070966064746,15:34:30.966,19.3300,100
56070966937645,15:34:30.966,19.3200,100
56070966937645,15:34:30.966,19.3200,100
56070969106583,15:34:30.969,19.3100,10
56072230866255,15:34:32.230,19.2800,100
56072231173689,15:34:32.231,19.2800,72
56072282750576,15:34:32.282,19.2800,100
56134755890059,15:35:34.755,19.2700,136
56134755890059,15:35:34.755,19.2700,45
56135882195555,15:35:35.882,19.2700,100
56143266752078,15:35:43.266,19.2700,100
56145317633714,15:35:45.317,19.2700,100
56145317633714,15:35:45.317,19.2700,100
56157291676035,15:35:57.291,19.2700,17
56157396627884,15:35:57.396,19.2700,1
56164607131439,15:36:04.607,19.2700,100
56188292918566,15:36:28.292,19.2600,100
56188292918566,15:36:28.292,19.2600,100
56188293490228,15:36:28.293,19.2600,100
56188293867419,15:36:28.293,19.2700,82
56188293867419,15:36:28.293,19.2700,100
56188293867419,15:36:28.293,19.2700,200
56188293867419,15:36:28.293,19.2700,100
56188294230579,15:36:28.294,19.2700,200
56188294230579,15:36:28.294,19.2700,282
56188294395792,15:36:28.294,19.2700,100
56188294395792,15:36:28.294,19.2700,100
56188297150265,15:36:28.297,19.2700,100
56188297286037,15:36:28.297,19.2700,100
56188297286037,15:36:28.297,19.2700,100
56292229541050,15:38:12.229,19.2400,9
56340793894552,15:39:00.793,19.2400,88
56340793907703,15:39:00.793,19.2400,30
56340793951236,15:39:00.793,19.2400,82
56340793951236,15:39:00.793,19.2400,118
56340794097450,15:39:00.794,19.2400,145
56340795258643,15:39:00.795,19.2400,71
56340845192574,15:39:00.845,19.2400,200
56340845323018,15:39:00.845,19.2400,46
56340845323018,15:39:00.845,19.2400,46
56340845326071,15:39:00.845,19.2400,54
56340845361442,15:39:00.845,19.2400,70
56365294849071,15:39:25.294,19.2400,100
56365294849071,15:39:25.294,19.2400,100
56413505213689,15:40:13.505,19.2500,100
56413505213689,15:40:13.505,19.2500,100
56413505656576,15:40:13.505,19.2600,29
56413505715026,15:40:13.505,19.2600,29
56413505733819,15:40:13.505,19.2600,42
56413505733819,15:40:13.505,19.2600,58
56413505738274,15:40:13.505,19.2600,28
56413506293645,15:40:13.506,19.2600,14
56413506293645,15:40:13.506,19.2600,100
56429153680998,15:40:29.153,19.2500,100
56429153680998,15:40:29.153,19.2500,200
56429154856498,15:40:29.154,19.2400,100
56442102753781,15:40:42.102,19.2400,100
56442649112881,15:40:42.649,19.2400,100
56442649308608,15:40:42.649,19.2400,100
56449732309990,15:40:49.732,19.2400,200
56449732455864,15:40:49.732,19.2400,200
56449732455864,15:40:49.732,19.2400,200
56457713920593,15:40:57.713,19.2400,34
56480470460218,15:41:20.470,19.2300,1
56480470460218,15:41:20.470,19.2300,30
56480470462052,15:41:20.470,19.2300,70
56480470462052,15:41:20.470,19.2300,30
56480470562113,15:41:20.470,19.2300,69
56480470579837,15:41:20.470,19.2300,1
56480637735752,15:41:20.637,19.2000,100
56482417116524,15:41:22.417,19.2000,100
56482417116524,15:41:22.417,19.2000,100
56484298812926,15:41:24.298,19.2200,166
56495766801608,15:41:35.766,19.2300,100
56495766801608,15:41:35.766,19.2300,100
56495767151251,15:41:35.767,19.2400,115
56495767181673,15:41:35.767,19.2400,28
56495767228677,15:41:35.767,19.2400,29
56495767351997,15:41:35.767,19.2400,28
56495767351997,15:41:35.767,19.2400,137
56495767356561,15:41:35.767,19.2400,121
56495767364650,15:41:35.767,19.2400,33
56495767644358,15:41:35.767,19.2400,9
56495767644358,15:41:35.767,19.2400,22
56501205014756,15:41:41.205,19.2400,100
56504319607174,15:41:44.319,19.2400,9
56504322460309,15:41:44.322,19.2400,8
56570618075883,15:42:50.618,19.2600,100
56577110416835,15:42:57.110,19.2700,28
56599112100208,15:43:19.112,19.2700,100
56616324751594,15:43:36.324,19.2700,172
56616324751594,15:43:36.324,19.2700,100
56616324751594,15:43:36.324,19.2700,28
56616324855017,15:43:36.324,19.2700,72
56616324855017,15:43:36.324,19.2700,100
56616325421971,15:43:36.325,19.2700,100
56616444029932,15:43:36.444,19.2700,100
56620797672645,15:43:40.797,19.2700,44
56622357462483,15:43:42.357,19.2800,17
56622357462483,15:43:42.357,19.2800,100
56623505020978,15:43:43.505,19.2900,200
56623505020978,15:43:43.505,19.2900,100
56623505233455,15:43:43.505,19.2900,100
56623511480188,15:43:43.511,19.2900,62
56628513498524,15:43:48.513,19.2900,200
56628513674439,15:43:48.513,19.2900,100
56644063291946,15:44:04.063,19.2900,100
56644162815254,15:44:04.162,19.2900,100
56644162815254,15:44:04.162,19.2900,37
56690103680358,15:44:50.103,19.2900,63
56690103680358,15:44:50.103,19.2900,37
56690149506717,15:44:50.149,19.2900,100
56698513443794,15:44:58.513,19.2900,63
56698513443794,15:44:58.513,19.2900,37
56698513567273,15:44:58.513,19.2900,63
56698513567273,15:44:58.513,19.2900,200
56698513704105,15:44:58.513,19.2900,100
56698513704105,15:44:58.513,19.2900,100
56698513704105,15:44:58.513,19.2900,100
56698513704105,15:44:58.513,19.2900,100
56700480514742,15:45:00.480,19.2800,100
56720701169475,15:45:20.701,19.2900,200
56720701169475,15:45:20.701,19.2900,100
56720701169475,15:45:20.701,19.2900,100
56720701169475,15:45:20.701,19.2900,100
56720701169475,15:45:20.701,19.2900,85
56720701516161,15:45:20.701,19.2900,200
56720701533671,15:45:20.701,19.2900,181
56720701646282,15:45:20.701,19.2900,181
56720701660963,15:45:20.701,19.2900,200
56720701660963,15:45:20.701,19.2900,200
56720701687223,15:45:20.701,19.2900,100
56720701940211,15:45:20.701,19.2900,100
56721002599301,15:45:21.002,19.2800,100
56723337969400,15:45:23.337,19.2900,200
56735754001735,15:45:35.754,19.2900,100
56735754861413,15:45:35.754,19.2900,100
56735754861413,15:45:35.754,19.2900,100
56735754861413,15:45:35.754,19.2900,100
56735754997092,15:45:35.754,19.2900,100
56737454856022,15:45:37.454,19.2900,100
56737454856022,15:45:37.454,19.2900,200
56750437475962,15:45:50.437,19.2900,100
56753500566122,15:45:53.500,19.2900,100
56753500719380,15:45:53.500,19.2900,100
56753500719380,15:45:53.500,19.2900,100
56757567471440,15:45:57.567,19.2900,29
56776169340731,15:46:16.169,19.2900,100
56776169428442,15:46:16.169,19.2900,71
56776240947562,15:46:16.240,19.2900,200
56779228950019,15:46:19.228,19.2900,100
56779229008927,15:46:19.229,19.2900,100
56779229045705,15:46:19.229,19.2900,53
56779229045705,15:46:19.229,19.2900,47
56795710584314,15:46:35.710,19.2900,100
56800687561866,15:46:40.687,19.2900,53
56800687561866,15:46:40.687,19.2900,100
56826534435399,15:47:06.534,19.3000,100
56826534435399,15:47:06.534,19.3000,100
56832337616530,15:47:12.337,19.3300,9
56854594328772,15:47:34.594,19.3400,100
56867106742832,15:47:47.106,19.3200,10
56867106742832,15:47:47.106,19.3200,20
56867106742832,15:47:47.106,19.3200,100
56867106742832,15:47:47.106,19.3200,68
56867107302333,15:47:47.107,19.3100,100
56867109571294,15:47:47.109,19.3000,100
56867114252383,15:47:47.114,19.2700,100
56867132229788,15:47:47.132,19.2700,200
56867164504794,15:47:47.164,19.2700,100
56867164570719,15:47:47.164,19.2700,100
56936872063009,15:48:56.872,19.2700,31
56937131715854,15:48:57.131,19.2700,16
56939178457628,15:48:59.178,19.2700,53
56939178457628,15:48:59.178,19.2700,100
56939178457628,15:48:59.178,19.2700,100
56962403167995,15:49:22.403,19.2900,100
56962403167995,15:49:22.403,19.2900,100
56962403917708,15:49:22.403,19.3000,300
56962403917708,15:49:22.403,19.3000,100
56964453379379,15:49:24.453,19.3000,100
57051510258701,15:50:51.510,19.3200,100
57051510258701,15:50:51.510,19.3200,100
57051510258701,15:50:51.510,19.3200,10
57051552165405,15:50:51.552,19.3200,100
57056516613251,15:50:56.516,19.3300,100
57087337804544,15:51:27.337,19.3300,35
57118350503386,15:51:58.350,19.3400,8
57118353452007,15:51:58.353,19.3400,9
57120871349871,15:52:00.871,19.3300,100
57120871349871,15:52:00.871,19.3300,100
57120871379522,15:52:00.871,19.3300,100
57120871663521,15:52:00.871,19.3300,100
57120871663521,15:52:00.871,19.3300,100
57150100945373,15:52:30.100,19.3100,1
57150101511557,15:52:30.101,19.3100,100
57150170954629,15:52:30.170,19.3000,100
57247448081892,15:54:07.448,19.3000,100
57247448081892,15:54:07.448,19.3000,100
57247448081892,15:54:07.448,19.3000,100
57247448085539,15:54:07.448,19.3000,39
57247448118604,15:54:07.448,19.3000,32
57271225614324,15:54:31.225,19.3100,100
57271225650033,15:54:31.225,19.3100,76
57271225660910,15:54:31.225,19.3100,24
57300085328761,15:55:00.085,19.3200,200
57300085328761,15:55:00.085,19.3200,100
57301031649379,15:55:01.031,19.3300,85
57301031687344,15:55:01.031,19.3300,4
57301031836685,15:55:01.031,19.3300,11
57301031836685,15:55:01.031,19.3300,5
57303407525981,15:55:03.407,19.3400,100
57303407525981,15:55:03.407,19.3400,100
57303407562816,15:55:03.407,19.3400,100
57303407562816,15:55:03.407,19.3400,33
57303407747674,15:55:03.407,19.3400,67
57305437547221,15:55:05.437,19.3400,67
57305437547221,15:55:05.437,19.3400,33
57311376445977,15:55:11.376,19.3400,67
57318375754362,15:55:18.375,19.3500,9
57318380037664,15:55:18.380,19.3500,9
57319513110190,15:55:19.513,19.3300,71
57365753771927,15:56:05.753,19.3500,124
57365754169930,15:56:05.754,19.3500,15
57368921468737,15:56:08.921,19.3500,43
57368921468737,15:56:08.921,19.3500,1000
57368921468737,15:56:08.921,19.3500,100
57368921468737,15:56:08.921,19.3500,100
57372428778286,15:56:12.428,19.3600,100
57372428778286,15:56:12.428,19.3600,100
57385216691620,15:56:25.216,19.3700,95
57385217367391,15:56:25.217,19.3700,5
57385217367391,15:56:25.217,19.3700,81
57395620442563,15:56:35.620,19.3800,1
57407767923598,15:56:47.767,19.3800,100
57408701566271,15:56:48.701,19.3700,200
57408701566271,15:56:48.701,19.3700,100
57408701580361,15:56:48.701,19.3800,100
57408701584789,15:56:48.701,19.3800,100
57416554557391,15:56:56.554,19.3800,100
57417163609074,15:56:57.163,19.3800,100
57417163839169,15:56:57.163,19.3800,99
57417163848789,15:56:57.163,19.3800,58
57417163897990,15:56:57.163,19.3800,114
57428711890680,15:57:08.711,19.3800,271
57428711890680,15:57:08.711,19.3800,100
57428711890680,15:57:08.711,19.3800,329
57428711930512,15:57:08.711,19.3800,11
57429291809599,15:57:09.291,19.3800,10
57429291809599,15:57:09.291,19.3800,90
57445618453833,15:57:25.618,19.3800,1
57445624575945,15:57:25.624,19.3800,35
57457703063828,15:57:37.703,19.3700,36
57457703063828,15:57:37.703,19.3700,100
57457703403351,15:57:37.703,19.3700,78
57457703705144,15:57:37.703,19.3700,22
57457703705144,15:57:37.703,19.3700,40
57457703705144,15:57:37.703,19.3700,40
57459929108763,15:57:39.929,19.3700,100
57532166814349,15:58:52.166,19.3700,96
57532166814349,15:58:52.166,19.3700,200
57532166814349,15:58:52.166,19.3700,100
57532166814349,15:58:52.166,19.3700,100
57532166814349,15:58:52.166,19.3700,40
57532167264318,15:58:52.167,19.3700,60
57533434848770,15:58:53.434,19.3700,15
57533509773003,15:58:53.509,19.3700,85
57551094149634,15:59:11.094,19.3800,100
57552851554386,15:59:12.851,19.3800,200
57555445239468,15:59:15.445,19.3800,15
57556102308585,15:59:16.102,19.3800,100
57557074172102,15:59:17.074,19.3800,50
57557096649800,15:59:17.096,19.3800,100
57558386238346,15:59:18.386,19.3800,25
57559098400288,15:59:19.098,19.3800,200
57559098489572,15:59:19.098,19.3800,167
57561097136179,15:59:21.097,19.3800,43
57561097136179,15:59:21.097,19.3800,100
57561097136179,15:59:21.097,19.3800,57
57561097179488,15:59:21.097,19.3800,18
57563096620631,15:59:23.096,19.3800,9
57563096620631,15:59:23.096,19.3800,91
57564099099846,15:59:24.099,19.3800,100
57566006133688,15:59:26.006,19.3800,6
57566096536543,15:59:26.096,19.3800,100
57567103663387,15:59:27.103,19.3800,100
57568103925959,15:59:28.103,19.3800,100
57569103050571,15:59:29.103,19.3800,3
57569103050571,15:59:29.103,19.3800,97
57569761808664,15:59:29.761,19.3800,3
57570351529753,15:59:30.351,19.3900,75
57570381953891,15:59:30.381,19.3900,100
57571588778703,15:59:31.588,19.3900,100
57572103538757,15:59:32.103,19.3900,200
57572444367882,15:59:32.444,19.3900,26
57572445426077,15:59:32.445,19.3900,499
57572445426077,15:59:32.445,19.3900,7
57572447165515,15:59:32.447,19.3900,10
57572776806972,15:59:32.776,19.3900,56
57573706269978,15:59:33.706,19.3800,5
57574050793778,15:59:34.050,19.3900,100
57574103566304,15:59:34.103,19.3900,200
57575010562943,15:59:35.010,19.3900,27
57575010562943,15:59:35.010,19.3900,52
57575071392670,15:59:35.071,19.3800,55
57575071392670,15:59:35.071,19.3800,45
57575287813188,15:59:35.287,19.3900,10
57575287813188,15:59:35.287,19.3900,69
57576103053032,15:59:36.103,19.3900,31
57576103053032,15:59:36.103,19.3900,69
57578102996942,15:59:38.102,19.3900,33
57579078206298,15:59:39.078,19.3800,10
57580103140929,15:59:40.103,19.3900,100
57580157034657,15:59:40.157,19.3800,261
57580157034657,15:59:40.157,19.3800,139
57580409466947,15:59:40.409,19.3800,6
57581103410779,15:59:41.103,19.3900,100
57582507245510,15:59:42.507,19.3800,5
57583102750028,15:59:43.102,19.3900,100
57584033717695,15:59:44.033,19.3900,100
57584041239674,15:59:44.041,19.3900,39
57584064131349,15:59:44.064,19.3800,214
57584064131349,15:59:44.064,19.3800,100
57584064131349,15:59:44.064,19.3800,100
57584064131349,15:59:44.064,19.3800,271
57584064131349,15:59:44.064,19.3800,340
57584064131349,15:59:44.064,19.3700,200
57584064131349,15:59:44.064,19.3700,400
57584064131349,15:59:44.064,19.3700,100
57584064131349,15:59:44.064,19.3700,200
57584064131349,15:59:44.064,19.3700,100
57584064131349,15:59:44.064,19.3400,100
57584064131349,15:59:44.064,19.3400,1000
57584072988315,15:59:44.072,19.3300,100
57584074913276,15:59:44.074,19.3300,100
57584074913276,15:59:44.074,19.3300,100
57584078589339,15:59:44.078,19.3200,100
57584080499572,15:59:44.080,19.3200,100
57584080499572,15:59:44.080,19.3200,100
57584080962683,15:59:44.080,19.3400,80
57584081563074,15:59:44.081,19.3200,10
57584081563074,15:59:44.081,19.3200,10
57584081563074,15:59:44.081,19.3200,100
57584085757519,15:59:44.085,19.3100,100
57584087697159,15:59:44.087,19.3100,300
57584087697159,15:59:44.087,19.3100,100
57587015533244,15:59:47.015,19.3000,100
57587015533244,15:59:47.015,19.3000,100
57587015533244,15:59:47.015,19.3000,1000
57587015533244,15:59:47.015,19.3000,364
57587015533244,15:59:47.015,19.3000,271
57587015533244,15:59:47.015,19.3000,100
57587015533244,15:59:47.015,19.3000,200
57587015533244,15:59:47.015,19.2900,800
57587015533244,15:59:47.015,19.2900,100
57587015533244,15:59:47.015,19.2900,400
57587015533244,15:59:47.015,19.2900,340
57587015533244,15:59:47.015,19.2700,400
57587015533244,15:59:47.015,19.2700,300
57587015533244,15:59:47.015,19.2700,300
57587015533244,15:59:47.015,19.2700,800
57587015533244,15:59:47.015,19.2700,800
57587015533244,15:59:47.015,19.2700,1000
57587015533244,15:59:47.015,19.2600,100
57587022787951,15:59:47.022,19.2700,100
57587024599108,15:59:47.024,19.2700,100
57587024599108,15:59:47.024,19.2700,100
57587029819141,15:59:47.029,19.2600,100
57587039900197,15:59:47.039,19.2600,100
57587768760031,15:59:47.768,19.2700,100
57587768760031,15:59:47.768,19.2700,400
57587768760031,15:59:47.768,19.2700,300
57587768760031,15:59:47.768,19.2700,1400
57587840889644,15:59:47.840,19.2700,200
57587840990044,15:59:47.840,19.2700,100
57587841190296,15:59:47.841,19.2700,200
57587841190296,15:59:47.841,19.2700,100
57587841190296,15:59:47.841,19.2700,100
57587952548125,15:59:47.952,19.2700,300
57587952753012,15:59:47.952,19.2700,100
57588002211418,15:59:48.002,19.2700,300
57588002440725,15:59:48.002,19.2700,100
57588029337481,15:59:48.029,19.2600,100
57588029337481,15:59:48.029,19.2600,100
57588326474240,15:59:48.326,19.2700,100
57588542658358,15:59:48.542,19.2700,100
57588542719747,15:59:48.542,19.2700,100
57588542920895,15:59:48.542,19.2700,100
57588707238804,15:59:48.707,19.2600,5
57588974541812,15:59:48.974,19.2700,300
57588974541812,15:59:48.974,19.2700,100
57588974541812,15:59:48.974,19.2700,800
57588974616373,15:59:48.974,19.2700,300
57588974616373,15:59:48.974,19.2700,1295
57589346268703,15:59:49.346,19.2600,295
57589346268703,15:59:49.346,19.2600,1000
57589346268703,15:59:49.346,19.2600,100
57589346268703,15:59:49.346,19.2600,364
57589346268703,15:59:49.346,19.2600,340
57589346268703,15:59:49.346,19.2600,271
57589346268703,15:59:49.346,19.2600,200
57589346268703,15:59:49.346,19.2600,88
57589346268703,15:59:49.346,19.2600,200
57589346268703,15:59:49.346,19.2600,100
57589346268703,15:59:49.346,19.2600,100
57589346268703,15:59:49.346,19.2600,100
57589346268703,15:59:49.346,19.2500,100
57589346268703,15:59:49.346,19.2500,100
57589346268703,15:59:49.346,19.2500,89
57589346268703,15:59:49.346,19.2500,88
57589346268703,15:59:49.346,19.2500,2800
57589346268703,15:59:49.346,19.2400,400
57589346268703,15:59:49.346,19.2400,88
57589346268703,15:59:49.346,19.2300,2000
57589346268703,15:59:49.346,19.2300,1300
57589346268703,15:59:49.346,19.2300,700
57589346268703,15:59:49.346,19.2200,100
57589346268703,15:59:49.346,19.2200,2800
57589354796040,15:59:49.354,19.2500,2900
57589354908842,15:59:49.354,19.2500,240
57589354908842,15:59:49.354,19.2600,120
57589354908842,15:59:49.354,19.2600,100
57589355045265,15:59:49.355,19.2600,140
57589355045265,15:59:49.355,19.2600,60
57589355046273,15:59:49.355,19.2600,30
57589355061473,15:59:49.355,19.2600,10
57589355061473,15:59:49.355,19.2500,100
57589355061473,15:59:49.355,19.2500,90
57589355193878,15:59:49.355,19.2600,100
57589355208972,15:59:49.355,19.2500,150
57589355208972,15:59:49.355,19.2500,120
57589355244146,15:59:49.355,19.2600,100
57589355324119,15:59:49.355,19.2500,100
57589355324119,15:59:49.355,19.2500,120
57589355324119,15:59:49.355,19.2500,100
57589355632835,15:59:49.355,19.2600,100
57589355632835,15:59:49.355,19.2600,30
57589355836543,15:59:49.355,19.2600,400
57589355836543,15:59:49.355,19.2600,30
57589355836543,15:59:49.355,19.2600,100
57589355981140,15:59:49.355,19.2500,100
57589355981140,15:59:49.355,19.2500,400
57589356080683,15:59:49.356,19.2500,100
57589363128599,15:59:49.363,19.2600,400
57589363128599,15:59:49.363,19.2600,100
57589366730818,15:59:49.366,19.2400,100
57589371062138,15:59:49.371,19.2200,100
57589372920280,15:59:49.372,19.2200,300
57589372920280,15:59:49.372,19.2200,100
57589372920280,15:59:49.372,19.2200,100
57589672711002,15:59:49.672,19.2500,100
57589672711002,15:59:49.672,19.2500,100
57590051300900,15:59:50.051,19.2600,200
57592373622174,15:59:52.373,19.2500,200
57592373622174,15:59:52.373,19.2500,100
57592373622174,15:59:52.373,19.2500,1000
57592373622174,15:59:52.373,19.2500,364
57592373622174,15:59:52.373,19.2500,100
57592373622174,15:59:52.373,19.2500,100
57592373622174,15:59:52.373,19.2500,271
57592373622174,15:59:52.373,19.2500,24
57592373622174,15:59:52.373,19.2500,200
57592373622174,15:59:52.373,19.2500,100
57592373622174,15:59:52.373,19.2500,100
57592373622174,15:59:52.373,19.2400,88
57592373622174,15:59:52.373,19.2400,100
57592373622174,15:59:52.373,19.2400,100
57592373622174,15:59:52.373,19.2400,100
57592373622174,15:59:52.373,19.2400,340
57592373622174,15:59:52.373,19.2200,100
57592373622174,15:59:52.373,19.2200,100
57592379339713,15:59:52.379,19.2200,15
57592379339713,15:59:52.379,19.2200,85
57592381331408,15:59:52.381,19.2200,15
57592381331408,15:59:52.381,19.2200,100
57592382653007,15:59:52.382,19.2200,115
57592382788201,15:59:52.382,19.2200,185
57592382788201,15:59:52.382,19.2200,100
57593425921672,15:59:53.425,19.2300,100
57594267650320,15:59:54.267,19.2200,300
57594267650320,15:59:54.267,19.2200,21
57594268082776,15:59:54.268,19.2200,919
57594268082776,15:59:54.268,19.2200,281
57594270288094,15:59:54.270,19.2200,59
57594270288094,15:59:54.270,19.2200,241
57594947521384,15:59:54.947,19.2100,200
57595044823562,15:59:55.044,19.2200,59
57595044823562,15:59:55.044,19.2200,41
57595044902952,15:59:55.044,19.2200,259
57595046414880,15:59:55.046,19.2300,271
57595046414880,15:59:55.046,19.2300,364
57595046414880,15:59:55.046,19.2300,100
57595046429971,15:59:55.046,19.2200,300
57595046429971,15:59:55.046,19.2200,100
57595046429971,15:59:55.046,19.2200,200
57595046429971,15:59:55.046,19.2200,200
57595046540298,15:59:55.046,19.2200,200
57595046540298,15:59:55.046,19.2200,100
57595046782574,15:59:55.046,19.2200,100
57595047226119,15:59:55.047,19.2200,100
57595047941393,15:59:55.047,19.2200,100
57595048436474,15:59:55.048,19.2200,100
57595048739705,15:59:55.048,19.2200,100
57595063994154,15:59:55.063,19.2200,300
57595064208820,15:59:55.064,19.2200,100
57595127268117,15:59:55.127,19.2200,300
57595128251629,15:59:55.128,19.2200,100
57595128383883,15:59:55.128,19.2200,100
57595129726326,15:59:55.129,19.2200,100
57595130452392,15:59:55.130,19.2200,100
57595181886870,15:59:55.181,19.2200,300
57595181891615,15:59:55.181,19.2200,300
57595181912470,15:59:55.181,19.2200,4100
57595181920394,15:59:55.181,19.2200,2500
57595182082949,15:59:55.182,19.2200,100
57595272078484,15:59:55.272,19.2100,120
57595277629353,15:59:55.277,19.2200,300
57596707913401,15:59:56.707,19.2200,300
57596707913401,15:59:56.707,19.2200,100
57596708130259,15:59:56.708,19.2200,100
57596709159613,15:59:56.709,19.2200,100
57597743937530,15:59:57.743,19.2200,300
57597744136796,15:59:57.744,19.2200,100
57597745388822,15:59:57.745,19.2200,300
57597745567875,15:59:57.745,19.2200,100
57597748039457,15:59:57.748,19.2200,300
57597748230569,15:59:57.748,19.2200,100
57599476754208,15:59:59.476,19.2200,100
57600069584818,16:00:00.069,19.2200,26244
