timestamp,time,price,volume
34200188112807,09:30:00.188,0.0000,0
34202533466157,09:30:02.533,46.9200,100
34202533466157,09:30:02.533,46.9200,100
34314918872408,09:31:54.918,47.1000,50
34314918872408,09:31:54.918,47.0800,100
34314918872408,09:31:54.918,47.0800,50
34314919503674,09:31:54.919,47.0800,50
34354371582377,09:32:34.371,47.0300,4
34354373829337,09:32:34.373,47.0300,100
34354373829337,09:32:34.373,47.0300,100
34354373904011,09:32:34.373,47.0300,100
34354379275449,09:32:34.379,47.0400,100
34354383415822,09:32:34.383,47.0600,100
34403204815098,09:33:23.204,47.0300,100
34403207683417,09:33:23.207,47.0300,90
34403207683417,09:33:23.207,47.0300,10
34403226721393,09:33:23.226,47.0300,90
34403226721393,09:33:23.226,47.0300,10
34403235842504,09:33:23.235,47.0400,100
34403237135919,09:33:23.237,47.0100,100
34403237135919,09:33:23.237,47.0100,100
34403237135919,09:33:23.237,47.0100,100
34403237570453,09:33:23.237,47.0000,13
34403237606782,09:33:23.237,47.0000,17
34403237637061,09:33:23.237,47.0000,70
34403242777456,09:33:23.242,47.0100,100
34403242777456,09:33:23.242,47.0100,100
34403242777456,09:33:23.242,47.0100,100
34403242777456,09:33:23.242,47.0100,20
34403242777456,09:33:23.242,47.0100,100
34403410946990,09:33:23.410,46.9700,100
34403411849223,09:33:23.411,46.9600,100
34403462271968,09:33:23.462,46.9700,100
34403462271968,09:33:23.462,46.9700,300
34429863202335,09:33:49.863,46.8300,100
34431890697882,09:33:51.890,46.7900,100
34431903723135,09:33:51.903,46.8000,100
34431903723135,09:33:51.903,46.8000,100
34431903723135,09:33:51.903,46.8000,111
34432053461996,09:33:52.053,46.8300,24
34433758624916,09:33:53.758,46.8300,200
34434018276043,09:33:54.018,46.8500,5
34440039818901,09:34:00.039,46.8500,109
34440039818901,09:34:00.039,46.8500,53
34440039818901,09:34:00.039,46.8500,100
34440039818901,09:34:00.039,46.8500,38
34440039904251,09:34:00.039,46.8500,62
34454112404874,09:34:14.112,46.8100,100
34454112404874,09:34:14.112,46.8200,100
34454112404874,09:34:14.112,46.8200,100
34514776565780,09:35:14.776,46.7500,100
34514777221465,09:35:14.777,46.7400,100
34514777945759,09:35:14.777,46.7400,100
34514991992259,09:35:14.991,46.7200,22
34514992201070,09:35:14.992,46.7200,2
34515022426522,09:35:15.022,46.7400,100
34515023357620,09:35:15.023,46.7500,200
34515024581243,09:35:15.024,46.7600,200
34517250383680,09:35:17.250,46.7900,200
34544180891770,09:35:44.180,46.7700,100
34547321009152,09:35:47.321,46.7600,100
34562618939304,09:36:02.618,46.8000,102
34562618939304,09:36:02.618,46.8000,5
34562620865864,09:36:02.620,46.8000,100
34602703964225,09:36:42.703,46.8200,100
34602703964225,09:36:42.703,46.8200,100
34602703993152,09:36:42.703,46.8200,53
34602703993152,09:36:42.703,46.8200,100
34609439950480,09:36:49.439,46.8400,200
34609439950480,09:36:49.439,46.8400,100
34609440109028,09:36:49.440,46.8600,26
34622702107317,09:37:02.702,46.9000,100
34622702218845,09:37:02.702,46.9200,100
34640491167529,09:37:20.491,46.9900,11
34649688292784,09:37:29.688,46.9800,100
34653960901987,09:37:33.960,46.9400,68
34653960982626,09:37:33.960,46.9400,32
34653962352233,09:37:33.962,46.9200,100
34653994386462,09:37:33.994,46.9200,100
34654006915720,09:37:34.006,46.9300,100
34654006915720,09:37:34.006,46.9300,100
34675026124293,09:37:55.026,46.9900,100
34675026233959,09:37:55.026,46.9900,100
34675026242212,09:37:55.026,46.9900,100
34678744501996,09:37:58.744,47.0300,100
34692888306870,09:38:12.888,47.0000,100
34693028612625,09:38:13.028,46.9700,100
34711654415973,09:38:31.654,47.0200,200
34711654415973,09:38:31.654,47.0200,100
34719967242817,09:38:39.967,47.0700,200
34719967242817,09:38:39.967,47.0700,100
34760719485287,09:39:20.719,47.0300,100
34760720771062,09:39:20.720,47.0300,58
34760729402708,09:39:20.729,47.0200,100
34760827456140,09:39:20.827,47.0300,12
34760827456140,09:39:20.827,47.0300,100
34761262120353,09:39:21.262,47.0300,54
34765958248927,09:39:25.958,47.0700,100
34765972710916,09:39:25.972,47.0600,100
34766014451479,09:39:26.014,47.0600,100
34766014475954,09:39:26.014,47.0600,100
34766014475954,09:39:26.014,47.0600,100
34809832552655,09:40:09.832,47.0100,100
34810087125096,09:40:10.087,47.0000,100
34823017075411,09:40:23.017,47.0000,153
34823017075411,09:40:23.017,47.0000,41
34823017106877,09:40:23.017,47.0000,59
34823017115064,09:40:23.017,47.0000,59
34823017118083,09:40:23.017,47.0000,41
34823044335018,09:40:23.044,47.0100,25
34824290155501,09:40:24.290,47.0200,200
34824290259526,09:40:24.290,47.0200,100
34840021780395,09:40:40.021,47.0100,100
34856637446198,09:40:56.637,47.0000,64
34856637456916,09:40:56.637,47.0000,36
34856719605986,09:40:56.719,47.0100,100
34860751303719,09:41:00.751,47.0400,15
34860937514323,09:41:00.937,47.0400,85
34932210738995,09:42:12.210,47.0000,100
34932211632392,09:42:12.211,46.9800,100
34932212250249,09:42:12.212,46.9800,100
34932228522784,09:42:12.228,46.9700,100
34932230367534,09:42:12.230,46.9500,10
34932236924126,09:42:12.236,46.9500,100
34932237418613,09:42:12.237,46.9600,100
34932237418613,09:42:12.237,46.9600,100
34932242266805,09:42:12.242,46.9700,100
34932242570572,09:42:12.242,46.9700,100
34932242570572,09:42:12.242,46.9800,100
34932246023000,09:42:12.246,46.9800,100
34932866598843,09:42:12.866,46.9500,24
34942670021440,09:42:22.670,46.9500,10
34942670021440,09:42:22.670,46.9500,10
34942670021440,09:42:22.670,46.9500,10
34942670021440,09:42:22.670,46.9500,10
34945303749101,09:42:25.303,46.9800,100
34945303749101,09:42:25.303,46.9800,200
34945304686712,09:42:25.304,46.9800,100
34951050632049,09:42:31.050,46.9800,100
34951050632049,09:42:31.050,46.9800,100
34951050715350,09:42:31.050,46.9800,100
34957329130697,09:42:37.329,46.9800,23
34994301697803,09:43:14.301,47.0600,100
34994301697803,09:43:14.301,47.0600,100
35000741991706,09:43:20.741,47.0800,122
35006390308333,09:43:26.390,47.1000,100
35006390321435,09:43:26.390,47.1100,46
35006390841782,09:43:26.390,47.0900,100
35006390910690,09:43:26.390,47.1000,100
35006394777969,09:43:26.394,47.0900,140
35006394777969,09:43:26.394,47.0900,107
35006395031895,09:43:26.395,47.0900,100
35006443811056,09:43:26.443,47.0900,100
35006443811056,09:43:26.443,47.0900,100
35008401336659,09:43:28.401,47.1000,100
35008409500907,09:43:28.409,47.1000,100
35008419634381,09:43:28.419,47.1200,52
35013221630466,09:43:33.221,47.0700,100
35013221680969,09:43:33.221,47.0700,94
35019430291023,09:43:39.430,47.0500,5
35019430291023,09:43:39.430,47.0500,5
35019432000628,09:43:39.432,47.0600,100
35019432000628,09:43:39.432,47.0600,100
35019961639908,09:43:39.961,47.0600,200
35019961639908,09:43:39.961,47.0600,110
35021537621201,09:43:41.537,47.0700,88
35021537663048,09:43:41.537,47.0700,12
35021537697183,09:43:41.537,47.0700,100
35021537741214,09:43:41.537,47.0700,20
35021544930000,09:43:41.544,47.0700,100
35021544930000,09:43:41.544,47.0700,100
35021545102131,09:43:41.545,47.0700,100
35021545562758,09:43:41.545,47.0700,100
35021545562758,09:43:41.545,47.0700,100
35021545628847,09:43:41.545,47.0700,82
35021545672852,09:43:41.545,47.0700,18
35021545672852,09:43:41.545,47.0700,82
35021545697498,09:43:41.545,47.0700,18
35023961786467,09:43:43.961,47.0800,100
35023969053647,09:43:43.969,47.0800,100
35024356278800,09:43:44.356,47.0600,100
35024357695196,09:43:44.357,47.0600,100
35024357695196,09:43:44.357,47.0700,100
35024357695196,09:43:44.357,47.0700,100
35024357695196,09:43:44.357,47.0700,100
35028396214417,09:43:48.396,47.0700,9
35028396795239,09:43:48.396,47.0600,14
35028397021122,09:43:48.397,47.0600,13
35028398133850,09:43:48.398,47.0600,73
35028398133850,09:43:48.398,47.0600,27
35033619562496,09:43:53.619,47.1000,100
35034554122576,09:43:54.554,47.1200,102
35034554122576,09:43:54.554,47.1200,100
35034554122576,09:43:54.554,47.1200,113
35042828243417,09:44:02.828,47.1200,3
35042828243417,09:44:02.828,47.1200,97
35042828254714,09:44:02.828,47.1200,3
35042833366574,09:44:02.833,47.1200,100
35042833366574,09:44:02.833,47.1200,100
35047867574909,09:44:07.867,47.1000,100
35047868135777,09:44:07.868,47.1100,100
35047868161609,09:44:07.868,47.1100,100
35047918150264,09:44:07.918,47.1100,100
35047918150264,09:44:07.918,47.1100,100
35055857602740,09:44:15.857,47.0600,100
35058856440607,09:44:18.856,47.0600,100
35059855321197,09:44:19.855,47.0500,100
35087152829647,09:44:47.152,47.0300,200
35087162670184,09:44:47.162,47.0200,100
35087370261638,09:44:47.370,47.0000,100
35087373793646,09:44:47.373,47.0300,100
35087584163978,09:44:47.584,47.0300,100
35088461828714,09:44:48.461,47.0400,100
35090795052581,09:44:50.795,47.0500,100
35090795790409,09:44:50.795,47.0600,100
35091223646782,09:44:51.223,47.0700,100
35116042796992,09:45:16.042,47.1100,100
35116042796992,09:45:16.042,47.1100,11
35131689801686,09:45:31.689,47.1100,100
35245723135653,09:47:25.723,47.1200,4
35245723187253,09:47:25.723,47.1200,6
35245724452651,09:47:25.724,47.1300,14
35259209218656,09:47:39.209,47.1100,17
35259209240592,09:47:39.209,47.1100,83
35262366761106,09:47:42.366,47.0800,100
35268401100991,09:47:48.401,47.0900,65
35268401139845,09:47:48.401,47.0900,35
35268497818743,09:47:48.497,47.0900,100
35284536750395,09:48:04.536,47.0400,4
35284950963476,09:48:04.950,47.0400,100
35286218611093,09:48:06.218,47.0300,4
35286218611093,09:48:06.218,47.0300,13
35286218662752,09:48:06.218,47.0300,87
35288153465727,09:48:08.153,47.0000,200
35288640095458,09:48:08.640,47.0000,400
35288641004245,09:48:08.641,47.0000,100
35288641008164,09:48:08.641,47.0100,100
35288646131759,09:48:08.646,47.0100,100
35288646131759,09:48:08.646,47.0100,100
35288646131759,09:48:08.646,47.0100,100
35288646131759,09:48:08.646,47.0000,200
35288646131759,09:48:08.646,47.0000,10
35291628294666,09:48:11.628,46.9800,13
35302520602151,09:48:22.520,46.9800,80
35302520628121,09:48:22.520,46.9800,20
35360573651860,09:49:20.573,46.9800,100
35361101895975,09:49:21.101,47.0000,100
35361111506656,09:49:21.111,47.0000,100
35361111506656,09:49:21.111,47.0000,100
35361888106311,09:49:21.888,47.0000,100
35385106329303,09:49:45.106,46.9700,1
35401344550726,09:50:01.344,47.0000,100
35401354316186,09:50:01.354,47.0000,100
35401354316186,09:50:01.354,47.0000,100
35401675253727,09:50:01.675,47.0000,9
35404139302388,09:50:04.139,47.0000,100
35404264683116,09:50:04.264,47.0000,100
35431961609692,09:50:31.961,47.0300,4
35431962893995,09:50:31.962,47.0200,100
35432210428155,09:50:32.210,47.0200,100
35432244261718,09:50:32.244,47.0300,100
35450247388172,09:50:50.247,47.0200,100
35450248201859,09:50:50.248,47.0100,5
35450248201859,09:50:50.248,47.0100,46
35468896435112,09:51:08.896,47.0300,100
35473104189210,09:51:13.104,47.0400,100
35473104868563,09:51:13.104,47.0600,11
35483275533348,09:51:23.275,47.0400,4
35483418171592,09:51:23.418,47.0300,100
35483418774483,09:51:23.418,47.0300,100
35483435661142,09:51:23.435,47.0200,6
35483435694019,09:51:23.435,47.0200,183
35483577146919,09:51:23.577,47.0200,100
35533758331362,09:52:13.758,46.9700,100
35533758551660,09:52:13.758,46.9700,100
35533760059822,09:52:13.760,46.9600,100
35533762882200,09:52:13.762,46.9600,4
35533772125586,09:52:13.772,46.9500,100
35533772125586,09:52:13.772,46.9500,100
35533772125586,09:52:13.772,46.9500,4
35554763703178,09:52:34.763,46.9700,100
35554763703178,09:52:34.763,46.9700,100
35554809352319,09:52:34.809,46.9700,60
35554809986314,09:52:34.809,46.9700,40
35554812876334,09:52:34.812,46.9700,100
35554812876334,09:52:34.812,46.9700,100
35554914210484,09:52:34.914,46.9700,100
35554915223269,09:52:34.915,46.9700,100
35554915919346,09:52:34.915,46.9700,100
35557921562336,09:52:37.921,46.9600,60
35557926041781,09:52:37.926,46.9600,40
35558058452180,09:52:38.058,46.9600,100
35558148157772,09:52:38.148,46.9600,100
35558809055978,09:52:38.809,46.9700,100
35558809055978,09:52:38.809,46.9700,100
35558809055978,09:52:38.809,46.9700,100
35558809055978,09:52:38.809,46.9700,100
35561090565289,09:52:41.090,46.9700,100
35561346503402,09:52:41.346,46.9600,100
35564934540966,09:52:44.934,46.9700,100
35566369709235,09:52:46.369,46.9800,100
35566369709235,09:52:46.369,46.9800,100
35566369709235,09:52:46.369,46.9800,100
35566369709235,09:52:46.369,46.9800,100
35584208391350,09:53:04.208,46.9900,100
35584208391350,09:53:04.208,46.9900,100
35584280396572,09:53:04.280,47.0100,100
35584280396572,09:53:04.280,47.0100,100
35584549339818,09:53:04.549,47.0000,100
35585027422816,09:53:05.027,46.9900,100
35585031879575,09:53:05.031,46.9900,100
35588231851322,09:53:08.231,46.9700,100
35588231851322,09:53:08.231,46.9700,100
35588744712373,09:53:08.744,46.9600,100
35588744834518,09:53:08.744,46.9700,5
35590273952396,09:53:10.273,46.9600,100
35625295559066,09:53:45.295,46.9600,100
35630057065617,09:53:50.057,46.9700,100
35630057506243,09:53:50.057,46.9700,100
35630084425613,09:53:50.084,46.9800,100
35635020189061,09:53:55.020,47.0000,100
35635020189061,09:53:55.020,47.0000,100
35640855822267,09:54:00.855,47.0100,177
35640857259364,09:54:00.857,47.0000,100
35640857259364,09:54:00.857,47.0000,100
35640857259364,09:54:00.857,47.0000,100
35650627896706,09:54:10.627,47.0000,132
35650627920777,09:54:10.627,47.0000,100
35661737216556,09:54:21.737,46.9900,70
35661737216556,09:54:21.737,46.9900,100
35661737643991,09:54:21.737,46.9900,60
35664441114610,09:54:24.441,47.0000,1
35664441117520,09:54:24.441,47.0000,1
35664441120615,09:54:24.441,47.0000,1
35664441122025,09:54:24.441,47.0000,1
35664441123936,09:54:24.441,47.0000,1
35664441130258,09:54:24.441,47.0000,1
35664441131928,09:54:24.441,47.0000,1
35664441138879,09:54:24.441,47.0000,4
35664441140805,09:54:24.441,47.0000,1
35664441143143,09:54:24.441,47.0000,1
35664441144390,09:54:24.441,47.0000,3
35664441144847,09:54:24.441,47.0000,1
35664441147333,09:54:24.441,47.0000,2
35664441147935,09:54:24.441,47.0000,4
35664441152884,09:54:24.441,47.0000,1
35664441156436,09:54:24.441,47.0000,2
35664441158970,09:54:24.441,47.0000,1
35706861070224,09:55:06.861,46.9900,70
35723582273444,09:55:23.582,46.9900,100
35731974866320,09:55:31.974,47.0000,4
35745712208906,09:55:45.712,46.9800,100
35753124168427,09:55:53.124,46.9700,10
35758485382362,09:55:58.485,46.9400,4
35758485382362,09:55:58.485,46.9400,50
35758485382362,09:55:58.485,46.9400,46
35763807640299,09:56:03.807,46.9300,100
35819792945670,09:56:59.792,46.9400,100
35832133635059,09:57:12.133,46.9600,100
35835379883203,09:57:15.379,46.9500,10
35835379883203,09:57:15.379,46.9500,100
35835380108211,09:57:15.380,46.9500,25
35848313667520,09:57:28.313,46.9800,130
35862957291295,09:57:42.957,46.9700,4
35911057630902,09:58:31.057,46.9100,100
35921821080868,09:58:41.821,46.9300,100
35921821162523,09:58:41.821,46.9300,5
35921822785082,09:58:41.822,46.9300,100
35921824414752,09:58:41.824,46.9300,100
35922193664648,09:58:42.193,46.9400,100
35924178226944,09:58:44.178,46.9300,3
35924178254813,09:58:44.178,46.9300,97
35924178254813,09:58:44.178,46.9300,3
35924804669207,09:58:44.804,46.9300,100
35925024069333,09:58:45.024,46.9400,100
35938213752537,09:58:58.213,46.9500,100
35938214247335,09:58:58.214,46.9500,9
35970024955062,09:59:30.024,46.9200,100
35970024955062,09:59:30.024,46.9200,100
35970822801714,09:59:30.822,46.9300,100
35988593271120,09:59:48.593,46.9400,100
35990123959046,09:59:50.123,46.9600,100
35990123959046,09:59:50.123,46.9600,100
35990123959046,09:59:50.123,46.9600,100
35997601988722,09:59:57.601,46.9700,100
35997601988722,09:59:57.601,46.9700,100
35997604230061,09:59:57.604,46.9800,100
35997829296240,09:59:57.829,46.9850,100
35998945684404,09:59:58.945,46.9900,74
35998945703215,09:59:58.945,46.9900,26
35998945703215,09:59:58.945,46.9900,91
35999040701073,09:59:59.040,47.0000,100
35999791909442,09:59:59.791,47.0100,100
35999822236393,09:59:59.822,47.0000,100
36007060414148,10:00:07.060,47.0000,300
36010875965965,10:00:10.875,46.9800,100
36010875965965,10:00:10.875,46.9800,5
36030126008546,10:00:30.126,47.0000,100
36036892009875,10:00:36.892,47.0100,100
36036897446346,10:00:36.897,47.0100,100
36037283037401,10:00:37.283,47.0100,100
36042353642653,10:00:42.353,47.0200,100
36042353642653,10:00:42.353,47.0200,100
36042353642653,10:00:42.353,47.0200,100
36042739893455,10:00:42.739,47.0200,100
36060177903133,10:01:00.177,47.0000,100
36080507050992,10:01:20.507,47.0000,100
36087516016234,10:01:27.516,46.9800,4
36123287019518,10:02:03.287,46.9900,100
36127056013047,10:02:07.056,47.0000,14
36127096703165,10:02:07.096,47.0000,100
36127096703165,10:02:07.096,47.0000,100
36128973807546,10:02:08.973,46.9900,100
36133048785736,10:02:13.048,46.9500,100
36145974196873,10:02:25.974,46.9600,70
36145974703517,10:02:25.974,46.9600,30
36145975642922,10:02:25.975,46.9400,100
36145976431513,10:02:25.976,46.9300,100
36149225498186,10:02:29.225,46.9300,67
36149225517792,10:02:29.225,46.9300,33
36157314360549,10:02:37.314,46.9200,100
36157316572927,10:02:37.316,46.9200,9
36163422566304,10:02:43.422,46.8900,9
36166686874090,10:02:46.686,46.8700,100
36166750461805,10:02:46.750,46.8500,2
36166750500121,10:02:46.750,46.8500,84
36166750512254,10:02:46.750,46.8500,100
36166956603149,10:02:46.956,46.8500,100
36171092331617,10:02:51.092,46.8600,100
36176196239582,10:02:56.196,46.8700,79
36176449352451,10:02:56.449,46.8700,21
36176449352451,10:02:56.449,46.8700,12
36177576525524,10:02:57.576,46.8700,100
36241422375371,10:04:01.422,46.8400,100
36241422375371,10:04:01.422,46.8400,25
36241422375371,10:04:01.422,46.8400,100
36241422972212,10:04:01.422,46.8300,100
36244460723719,10:04:04.460,46.8200,100
36244460723719,10:04:04.460,46.8200,100
36246537162948,10:04:06.537,46.8200,100
36253527933171,10:04:13.527,46.8200,8
36267434208483,10:04:27.434,46.8000,71
36267434219952,10:04:27.434,46.8000,29
36267434219952,10:04:27.434,46.8000,100
36267434219952,10:04:27.434,46.8000,52
36267434223020,10:04:27.434,46.8000,48
36267439302735,10:04:27.439,46.7900,5
36268765694349,10:04:28.765,46.7800,100
36268765696882,10:04:28.765,46.7800,100
36269066239952,10:04:29.066,46.7800,12
36307488929192,10:05:07.488,46.7500,100
36307488929192,10:05:07.488,46.7500,100
36307489747106,10:05:07.489,46.7300,3
36307489925362,10:05:07.489,46.7300,1
36307489927112,10:05:07.489,46.7300,2
36307489933311,10:05:07.489,46.7300,2
36307489937484,10:05:07.489,46.7300,2
36307489937996,10:05:07.489,46.7300,1
36307489938514,10:05:07.489,46.7300,3
36307489943197,10:05:07.489,46.7300,2
36307489948408,10:05:07.489,46.7300,1
36307489958389,10:05:07.489,46.7300,1
36307489959637,10:05:07.489,46.7300,3
36307489964431,10:05:07.489,46.7300,1
36307489969647,10:05:07.489,46.7300,1
36307489972155,10:05:07.489,46.7300,1
36307489974547,10:05:07.489,46.7300,1
36307489980745,10:05:07.489,46.7300,2
36307489981208,10:05:07.489,46.7300,1
36307489983708,10:05:07.489,46.7300,2
36307489991861,10:05:07.489,46.7300,1
36307490003296,10:05:07.490,46.7300,1
36307490003826,10:05:07.490,46.7300,2
36307490010293,10:05:07.490,46.7300,1
36307490477170,10:05:07.490,46.7300,3
36307490783007,10:05:07.490,46.7300,3
36307492992166,10:05:07.492,46.7300,2
36307493018646,10:05:07.493,46.7300,57
36310657843501,10:05:10.657,46.7200,100
36310657843501,10:05:10.657,46.7200,100
36322117699151,10:05:22.117,46.7100,100
36322117699151,10:05:22.117,46.7100,199
36322117708388,10:05:22.117,46.7100,1
36322117737798,10:05:22.117,46.7100,5
36322117743433,10:05:22.117,46.7100,2
36326723783244,10:05:26.723,46.7000,100
36330021005033,10:05:30.021,46.7000,100
36330021005033,10:05:30.021,46.7000,100
36333668913406,10:05:33.668,46.7200,100
36337459723786,10:05:37.459,46.7300,37
36337459766460,10:05:37.459,46.7300,63
36337459850156,10:05:37.459,46.7300,37
36337460048398,10:05:37.460,46.7300,26
36337460080562,10:05:37.460,46.7300,11
36337460111619,10:05:37.460,46.7300,15
36337460121488,10:05:37.460,46.7300,11
36337461094525,10:05:37.461,46.7300,100
36337461094525,10:05:37.461,46.7300,100
36337461094525,10:05:37.461,46.7300,15
36337461094525,10:05:37.461,46.7300,100
36337461094525,10:05:37.461,46.7300,25
36337461094525,10:05:37.461,46.7300,100
36337461123189,10:05:37.461,46.7300,100
36337461643814,10:05:37.461,46.7200,51
36337462211113,10:05:37.462,46.7200,100
36340030034876,10:05:40.030,46.7300,100
36340030034876,10:05:40.030,46.7300,100
36340051027054,10:05:40.051,46.7300,100
36340051055208,10:05:40.051,46.7300,25
36340051062830,10:05:40.051,46.7300,25
36347217688843,10:05:47.217,46.7200,100
36347218860718,10:05:47.218,46.7100,100
36347219521794,10:05:47.219,46.7000,100
36371235798639,10:06:11.235,46.7400,200
36371235798639,10:06:11.235,46.7400,10
36388542509065,10:06:28.542,46.7400,1
36406429685023,10:06:46.429,46.7200,5
36406429685023,10:06:46.429,46.7200,8
36406429685023,10:06:46.429,46.7200,59
36406431182866,10:06:46.431,46.7200,41
36408001447651,10:06:48.001,46.7100,66
36408001459569,10:06:48.001,46.7100,34
36414884881449,10:06:54.884,46.7100,200
36429778117306,10:07:09.778,46.6900,100
36429828694875,10:07:09.828,46.6900,24
36430828709648,10:07:10.828,46.6800,24
36430828908460,10:07:10.828,46.6800,24
36454176353584,10:07:34.176,46.6300,2
36454176391932,10:07:34.176,46.6300,1
36454177752863,10:07:34.177,46.6300,2
36454178232969,10:07:34.178,46.6300,2
36465968390233,10:07:45.968,46.6300,100
36491396330580,10:08:11.396,46.6350,4
36491396330580,10:08:11.396,46.6350,1
36491396330580,10:08:11.396,46.6350,1
36491396330580,10:08:11.396,46.6350,2
36491396330580,10:08:11.396,46.6350,1
36491396330580,10:08:11.396,46.6350,1
36491396330580,10:08:11.396,46.6350,1
36491396330580,10:08:11.396,46.6350,4
36491396330580,10:08:11.396,46.6350,2
36491396330580,10:08:11.396,46.6350,1
36491396330580,10:08:11.396,46.6350,1
36491396330580,10:08:11.396,46.6350,1
36491396330580,10:08:11.396,46.6350,1
36491396330580,10:08:11.396,46.6350,1
36491396330580,10:08:11.396,46.6350,1
36491396330580,10:08:11.396,46.6350,1
36491396330580,10:08:11.396,46.6350,1
36492106974458,10:08:12.106,46.6500,100
36492106974458,10:08:12.106,46.6500,50
36492106988585,10:08:12.106,46.6500,50
36492106988585,10:08:12.106,46.6500,9
36496219081687,10:08:16.219,46.6300,5
36499480181826,10:08:19.480,46.6300,100
36499511691111,10:08:19.511,46.6300,100
36507548937033,10:08:27.548,46.6300,100
36507550478084,10:08:27.550,46.6300,100
36507561106026,10:08:27.561,46.6300,100
36507561106026,10:08:27.561,46.6300,100
36510027398334,10:08:30.027,46.6300,100
36512005449776,10:08:32.005,46.6300,100
36513261645553,10:08:33.261,46.6300,100
36513261645553,10:08:33.261,46.6300,100
36514005030110,10:08:34.005,46.6300,100
36514462671705,10:08:34.462,46.6200,100
36515020507812,10:08:35.020,46.6300,100
36516005221728,10:08:36.005,46.6400,100
36522381170877,10:08:42.381,46.6400,100
36522381266800,10:08:42.381,46.6400,100
36522382295670,10:08:42.382,46.6400,100
36522587598468,10:08:42.587,46.6400,100
36540911984043,10:09:00.911,46.6500,96
36540911990765,10:09:00.911,46.6500,50
36540911997045,10:09:00.911,46.6500,54
36540914471915,10:09:00.914,46.6600,100
36541789562094,10:09:01.789,46.6600,100
36541790445665,10:09:01.790,46.6600,100
36542049534197,10:09:02.049,46.6500,100
36543464213349,10:09:03.464,46.6500,82
36543464252360,10:09:03.464,46.6500,18
36543536551055,10:09:03.536,46.6300,25
36543536551055,10:09:03.536,46.6300,100
36543538285515,10:09:03.538,46.6300,100
36547512839383,10:09:07.512,46.6300,100
36547512839383,10:09:07.512,46.6300,29
36547512850248,10:09:07.512,46.6300,71
36555133305909,10:09:15.133,46.6300,100
36561752059008,10:09:21.752,46.6400,200
36561752059008,10:09:21.752,46.6400,100
36579842963384,10:09:39.842,46.6600,82
36579842993895,10:09:39.842,46.6600,118
36602373251816,10:10:02.373,46.6600,100
36602373251816,10:10:02.373,46.6600,200
36602373839934,10:10:02.373,46.6600,25
36602378232974,10:10:02.378,46.6600,100
36602385325443,10:10:02.385,46.6800,100
36602417837833,10:10:02.417,46.6600,100
36602417837833,10:10:02.417,46.6600,100
36602417837833,10:10:02.417,46.6600,99
36604975554196,10:10:04.975,46.6500,100
36604975554196,10:10:04.975,46.6500,41
36604976128694,10:10:04.976,46.6500,59
36605019979989,10:10:05.019,46.6600,100
36605025773306,10:10:05.025,46.6600,48
36605255776171,10:10:05.255,46.6600,100
36605255776171,10:10:05.255,46.6600,100
36605255776171,10:10:05.255,46.6600,100
36612583025866,10:10:12.583,46.6600,2
36612583025866,10:10:12.583,46.6600,98
36615477181703,10:10:15.477,46.6500,1
36615477181703,10:10:15.477,46.6500,1
36632251516950,10:10:32.251,46.6300,4
36632983053583,10:10:32.983,46.6300,100
36632983080449,10:10:32.983,46.6300,100
36632983241200,10:10:32.983,46.6300,100
36632983241200,10:10:32.983,46.6300,100
36637388983486,10:10:37.388,46.6300,47
36639411821915,10:10:39.411,46.6300,25
36639411821915,10:10:39.411,46.6300,100
36641544336434,10:10:41.544,46.6400,200
36664406242637,10:11:04.406,46.6000,100
36667183980011,10:11:07.183,46.6000,100
36667185046845,10:11:07.185,46.6100,100
36667185046845,10:11:07.185,46.6100,100
36669026099297,10:11:09.026,46.6200,100
36669026099297,10:11:09.026,46.6200,100
36669026145481,10:11:09.026,46.6200,9
36670019625633,10:11:10.019,46.6200,100
36670019720712,10:11:10.019,46.6200,3
36670020508784,10:11:10.020,46.6200,97
36670051052001,10:11:10.051,46.6200,100
36670051052001,10:11:10.051,46.6200,25
36673566734483,10:11:13.566,46.6100,99
36673566764393,10:11:13.566,46.6100,1
36673567418042,10:11:13.567,46.6000,98
36689207471257,10:11:29.207,46.6200,200
36690024322818,10:11:30.024,46.6100,100
36691248692094,10:11:31.248,46.6300,100
36691249893862,10:11:31.249,46.6300,100
36691251158911,10:11:31.251,46.6300,100
36691251158911,10:11:31.251,46.6300,100
36691270296353,10:11:31.270,46.6300,82
36695234328099,10:11:35.234,46.6300,18
36699513811728,10:11:39.513,46.6400,100
36708623030128,10:11:48.623,46.6400,100
36708623030128,10:11:48.623,46.6400,100
36708623030128,10:11:48.623,46.6400,25
36708689332402,10:11:48.689,46.6400,100
36708690263977,10:11:48.690,46.6600,200
36711333030453,10:11:51.333,46.6600,100
36726220086751,10:12:06.220,46.6700,100
36726220086751,10:12:06.220,46.6700,37
36726220115135,10:12:06.220,46.6700,63
36726220115135,10:12:06.220,46.6700,20
36726220115135,10:12:06.220,46.6700,200
36726220115135,10:12:06.220,46.6700,7
36726221148647,10:12:06.221,46.6800,100
36726222090279,10:12:06.222,46.6800,100
36726226220777,10:12:06.226,46.6800,100
36726226220777,10:12:06.226,46.6800,100
36726256263014,10:12:06.256,46.6800,100
36730024247599,10:12:10.024,46.6900,100
36730024247599,10:12:10.024,46.6900,200
36735029107857,10:12:15.029,46.6900,100
36735029107857,10:12:15.029,46.6900,100
36735029107857,10:12:15.029,46.6900,100
36736617441798,10:12:16.617,46.6800,100
36736617441798,10:12:16.617,46.6800,100
36742925885389,10:12:22.925,46.6800,67
36742925911411,10:12:22.925,46.6800,33
36742925911411,10:12:22.925,46.6800,100
36762329711729,10:12:42.329,46.6700,200
36762329711729,10:12:42.329,46.6700,5
36762331068733,10:12:42.331,46.6600,25
36762343280843,10:12:42.343,46.6600,100
36762343280843,10:12:42.343,46.6600,5
36762343304102,10:12:42.343,46.6600,95
36767016152788,10:12:47.016,46.6500,50
36767016166550,10:12:47.016,46.6500,50
36777466164593,10:12:57.466,46.6600,100
36777466164593,10:12:57.466,46.6600,100
36777466198514,10:12:57.466,46.6600,100
36778186618213,10:12:58.186,46.6500,100
36779117813371,10:12:59.117,46.6500,100
36779117813371,10:12:59.117,46.6500,200
36779931394056,10:12:59.931,46.6600,100
36779931394056,10:12:59.931,46.6600,127
36783510995188,10:13:03.510,46.6700,100
36783510995188,10:13:03.510,46.6700,26
36786306010476,10:13:06.306,46.6700,100
36800516984349,10:13:20.516,46.6900,100
36802103995357,10:13:22.103,46.6900,100
36802103996164,10:13:22.103,46.6900,100
36802716997140,10:13:22.716,46.6900,100
36803321992196,10:13:23.321,46.6900,100
36803926989102,10:13:23.926,46.6900,100
36807526344171,10:13:27.526,46.6800,100
36807526344171,10:13:27.526,46.6800,26
36807757827133,10:13:27.757,46.6900,100
36810024893279,10:13:30.024,46.7000,100
36810024893279,10:13:30.024,46.7000,100
36817956046717,10:13:37.956,46.6900,41
36817956071412,10:13:37.956,46.6900,59
36817956071412,10:13:37.956,46.6900,100
36825232682150,10:13:45.232,46.7000,100
36833051299136,10:13:53.051,46.7100,100
36850241202427,10:14:10.241,46.7100,3
36865338300451,10:14:25.338,46.7000,100
36865338300451,10:14:25.338,46.7000,100
36865338300451,10:14:25.338,46.7000,48
36865338339145,10:14:25.338,46.7000,52
36865338377594,10:14:25.338,46.7000,82
36865826373946,10:14:25.826,46.7100,100
36865826399556,10:14:25.826,46.7100,100
36869133122439,10:14:29.133,46.7100,100
36869139217687,10:14:29.139,46.7100,100
36869139890002,10:14:29.139,46.7100,1
36869139961520,10:14:29.139,46.7100,99
36885795361574,10:14:45.795,46.7200,100
36885795361574,10:14:45.795,46.7200,6
36885795361574,10:14:45.795,46.7200,100
36895263275038,10:14:55.263,46.7200,100
36895263275038,10:14:55.263,46.7200,100
36900284926517,10:15:00.284,46.7200,2
36908293660895,10:15:08.293,46.7100,100
36937941856412,10:15:37.941,46.6800,100
36937941856412,10:15:37.941,46.6800,8
36941521121843,10:15:41.521,46.7000,65
36941521445540,10:15:41.521,46.7000,35
36949396075317,10:15:49.396,46.7100,300
36970844107231,10:16:10.844,46.7200,100
36970844180342,10:16:10.844,46.7200,3
36970844206811,10:16:10.844,46.7200,2
36970847375892,10:16:10.847,46.7300,100
36978048164013,10:16:18.048,46.7500,100
36978050909947,10:16:18.050,46.7500,100
36978050909947,10:16:18.050,46.7500,100
36979341347953,10:16:19.341,46.7500,120
36979347690867,10:16:19.347,46.7500,100
36995000075595,10:16:35.000,46.7600,100
36995002667759,10:16:35.002,46.7700,100
37004325788564,10:16:44.325,46.7400,100
37004325826214,10:16:44.325,46.7400,50
37004325843235,10:16:44.325,46.7400,50
37004349581466,10:16:44.349,46.7300,98
37004349649284,10:16:44.349,46.7300,2
37031143487280,10:17:11.143,46.6900,100
37031143487280,10:17:11.143,46.6900,29
37031143527405,10:17:11.143,46.6900,71
37031159266015,10:17:11.159,46.6700,100
37050496908805,10:17:30.496,46.6600,66
37050496919811,10:17:30.496,46.6600,34
37064136235868,10:17:44.136,46.6500,100
37069199420241,10:17:49.199,46.6300,100
37069265449426,10:17:49.265,46.6300,100
37069265449426,10:17:49.265,46.6300,100
37088501518541,10:18:08.501,46.6000,100
37088501518541,10:18:08.501,46.6000,100
37088501518541,10:18:08.501,46.6000,27
37113503405489,10:18:33.503,46.6100,100
37113503405489,10:18:33.503,46.6100,100
37113504715216,10:18:33.504,46.6200,100
37127484117496,10:18:47.484,46.6300,200
37129395352174,10:18:49.395,46.6500,1
37129395352174,10:18:49.395,46.6500,100
37129400309843,10:18:49.400,46.6500,100
37129400309843,10:18:49.400,46.6500,100
37129400309843,10:18:49.400,46.6600,10
37129400309843,10:18:49.400,46.6600,100
37129400309843,10:18:49.400,46.6600,100
37129400309843,10:18:49.400,46.6600,100
37129400309843,10:18:49.400,46.6600,90
37130320684334,10:18:50.320,46.6600,100
37130320755683,10:18:50.320,46.6600,10
37130320755683,10:18:50.320,46.6600,100
37132596608610,10:18:52.596,46.6600,100
37132596608610,10:18:52.596,46.6600,5
37132596608610,10:18:52.596,46.6600,100
37136500575673,10:18:56.500,46.6700,100
37136660915764,10:18:56.660,46.6700,100
37136660915764,10:18:56.660,46.6700,100
37149704052140,10:19:09.704,46.6700,2
37149704052140,10:19:09.704,46.6700,100
37149704052140,10:19:09.704,46.6700,69
37149704079789,10:19:09.704,46.6700,31
37151698518034,10:19:11.698,46.6600,100
37151698518034,10:19:11.698,46.6600,50
37151698558304,10:19:11.698,46.6600,50
37151698558304,10:19:11.698,46.6600,100
37155674051556,10:19:15.674,46.6500,100
37156498457873,10:19:16.498,46.6300,100
37162398147915,10:19:22.398,46.6200,100
37173692219534,10:19:33.692,46.6400,100
37174809731308,10:19:34.809,46.6500,100
37174815548734,10:19:34.815,46.6600,100
37174815548734,10:19:34.815,46.6600,100
37174815548734,10:19:34.815,46.6600,100
37179190356962,10:19:39.190,46.6600,1
37187515539216,10:19:47.515,46.6500,100
37187519141555,10:19:47.519,46.6500,100
37191941065126,10:19:51.941,46.6500,100
37191941364026,10:19:51.941,46.6500,100
37191942352379,10:19:51.942,46.6500,100
37191942352379,10:19:51.942,46.6500,47
37201351781063,10:20:01.351,46.6600,70
37201351821929,10:20:01.351,46.6600,30
37201351840810,10:20:01.351,46.6600,82
37201351847303,10:20:01.351,46.6600,18
37207774834723,10:20:07.774,46.6500,5
37207779887951,10:20:07.779,46.6400,100
37207779887951,10:20:07.779,46.6400,100
37207779887951,10:20:07.779,46.6400,5
37207780404255,10:20:07.780,46.6400,95
37214941108869,10:20:14.941,46.6200,7
37214941110382,10:20:14.941,46.6200,43
37214941110382,10:20:14.941,46.6200,10
37221861669335,10:20:21.861,46.6400,9
37221861669335,10:20:21.861,46.6400,29
37221861700672,10:20:21.861,46.6400,23
37221862039237,10:20:21.862,46.6400,48
37221863712207,10:20:21.863,46.6400,100
37221863718148,10:20:21.863,46.6400,100
37221863789416,10:20:21.863,46.6400,23
37221863789416,10:20:21.863,46.6400,27
37238631544766,10:20:38.631,46.6500,200
37238633557151,10:20:38.633,46.6500,100
37238639313901,10:20:38.639,46.6500,100
37246084382400,10:20:46.084,46.6600,300
37264404257878,10:21:04.404,46.6500,100
37281659151397,10:21:21.659,46.6400,2
37289905489902,10:21:29.905,46.6500,100
37290564241404,10:21:30.564,46.6500,100
37297349139612,10:21:37.349,46.6300,100
37297349139612,10:21:37.349,46.6300,100
37311429556441,10:21:51.429,46.6500,100
37328104164865,10:22:08.104,46.6500,100
37331883885916,10:22:11.883,46.6600,100
37331883885916,10:22:11.883,46.6600,28
37331883898184,10:22:11.883,46.6600,31
37331883901183,10:22:11.883,46.6600,41
37331883901183,10:22:11.883,46.6600,5
37335473129006,10:22:15.473,46.6900,100
37336052871205,10:22:16.052,46.6900,100
37337823167158,10:22:17.823,46.6800,26
37337823167158,10:22:17.823,46.6800,100
37362174126099,10:22:42.174,46.6700,100
37362176685506,10:22:42.176,46.6600,1
37362176842881,10:22:42.176,46.6600,99
37362176842881,10:22:42.176,46.6600,1
37362177337650,10:22:42.177,46.6550,1
37362179080318,10:22:42.179,46.6550,3
37362180497815,10:22:42.180,46.6550,2
37362181552700,10:22:42.181,46.6550,1
37364743161159,10:22:44.743,46.6550,92
37366268047374,10:22:46.268,46.6500,100
37370621299869,10:22:50.621,46.6500,100
37370621299869,10:22:50.621,46.6500,100
37397825105430,10:23:17.825,46.6600,95
37399761260576,10:23:19.761,46.6600,5
37399761260576,10:23:19.761,46.6600,100
37404920991474,10:23:24.920,46.6600,95
37405157475988,10:23:25.157,46.6600,100
37406224721946,10:23:26.224,46.6600,100
37406423997405,10:23:26.423,46.6700,100
37406591804447,10:23:26.591,46.6700,100
37406779591824,10:23:26.779,46.6600,100
37406955270211,10:23:26.955,46.6600,100
37408029282552,10:23:28.029,46.6600,100
37408188949851,10:23:28.188,46.6600,100
37408189047650,10:23:28.189,46.6600,100
37408376603223,10:23:28.376,46.6500,100
37408543893608,10:23:28.543,46.6500,100
37409458177708,10:23:29.458,46.6500,100
37409811272640,10:23:29.811,46.6400,100
37409990604736,10:23:29.990,46.6400,100
37410541959543,10:23:30.541,46.6400,100
37412708964047,10:23:32.708,46.6500,100
37415216417611,10:23:35.216,46.6700,100
37415216417611,10:23:35.216,46.6700,100
37415217712537,10:23:35.217,46.6700,100
37422535254311,10:23:42.535,46.6700,100
37422565759715,10:23:42.565,46.6700,100
37422568981457,10:23:42.568,46.6900,100
37422693866791,10:23:42.693,46.6700,100
37424376274869,10:23:44.376,46.6700,100
37424547574709,10:23:44.547,46.6700,100
37425074281340,10:23:45.074,46.6600,100
37425417602290,10:23:45.417,46.6600,100
37425593083655,10:23:45.593,46.6600,100
37425770858464,10:23:45.770,46.6600,100
37425935740232,10:23:45.935,46.6500,100
37426074271535,10:23:46.074,46.6500,100
37427014168077,10:23:47.014,46.6400,100
37427202296694,10:23:47.202,46.6200,100
37427202296694,10:23:47.202,46.6200,100
37427202296694,10:23:47.202,46.6200,5
37434094473745,10:23:54.094,46.6400,5
37434094473745,10:23:54.094,46.6400,1
37434094473745,10:23:54.094,46.6500,94
37434506891594,10:23:54.506,46.6400,5
37434506901286,10:23:54.506,46.6400,2
37434506905522,10:23:54.506,46.6400,92
37434506922742,10:23:54.506,46.6400,1
37440062259767,10:24:00.062,46.6400,95
37443769901791,10:24:03.769,46.6300,100
37445741127864,10:24:05.741,46.6300,200
37445746769752,10:24:05.746,46.6300,12
37468597145614,10:24:28.597,46.6300,1
37468600722792,10:24:28.600,46.6200,100
37468600722792,10:24:28.600,46.6200,100
37503208365362,10:25:03.208,46.6400,5
37503208365362,10:25:03.208,46.6400,95
37508460691325,10:25:08.460,46.6500,100
37531083248928,10:25:31.083,46.6600,104
37531084682506,10:25:31.084,46.6500,100
37531085286620,10:25:31.085,46.6400,100
37531085286620,10:25:31.085,46.6400,100
37531085286620,10:25:31.085,46.6400,100
37531085286620,10:25:31.085,46.6400,100
37531085286620,10:25:31.085,46.6400,336
37531085840422,10:25:31.085,46.6400,1
37534095603088,10:25:34.095,46.6400,30
37535098288530,10:25:35.098,46.6400,100
37540032646135,10:25:40.032,46.6300,100
37541873527755,10:25:41.873,46.6200,100
37541873527755,10:25:41.873,46.6200,100
37542046111512,10:25:42.046,46.6200,100
37542046111512,10:25:42.046,46.6200,100
37543239141278,10:25:43.239,46.6200,100
37543239141278,10:25:43.239,46.6200,100
37543412163077,10:25:43.412,46.6100,100
37543579603254,10:25:43.579,46.6100,100
37543579603254,10:25:43.579,46.6100,100
37546132316255,10:25:46.132,46.6000,4
37555458378954,10:25:55.458,46.6100,26
37555929841396,10:25:55.929,46.6100,74
37556304078215,10:25:56.304,46.6300,25
37599231936902,10:26:39.231,46.6100,50
37599231954862,10:26:39.231,46.6100,50
37599231954862,10:26:39.231,46.6100,65
37599232249955,10:26:39.232,46.6100,35
37623845268377,10:27:03.845,46.6000,100
37623847411414,10:27:03.847,46.6000,100
37623847528378,10:27:03.847,46.6000,100
37625358535503,10:27:05.358,46.5900,99
37625733948929,10:27:05.733,46.5900,1
37625733948929,10:27:05.733,46.5900,100
37625733948929,10:27:05.733,46.5900,100
37625733948929,10:27:05.733,46.5900,100
37625734145778,10:27:05.734,46.5900,100
37632359158812,10:27:12.359,46.6000,4
37632363668964,10:27:12.363,46.6100,100
37632363668964,10:27:12.363,46.6100,100
37641330002580,10:27:21.330,46.6000,100
37671375430153,10:27:51.375,46.6300,100
37680433837587,10:28:00.433,46.6300,100
37685086928924,10:28:05.086,46.6300,5
37687866163075,10:28:07.866,46.6300,100
37708846337029,10:28:28.846,46.6300,50
37708846357617,10:28:28.846,46.6300,50
37708846357617,10:28:28.846,46.6300,150
37708846390854,10:28:28.846,46.6300,111
37708846409299,10:28:28.846,46.6300,139
37708846409299,10:28:28.846,46.6300,61
37708846445342,10:28:28.846,46.6300,39
37708846445342,10:28:28.846,46.6300,200
37723801527914,10:28:43.801,46.6200,100
37740982685048,10:29:00.982,46.6450,3
37740982685048,10:29:00.982,46.6450,4
37740982685048,10:29:00.982,46.6450,3
37740982685048,10:29:00.982,46.6450,3
37740982685048,10:29:00.982,46.6450,2
37746649350189,10:29:06.649,46.6500,54
37746649363188,10:29:06.649,46.6500,46
37746649363188,10:29:06.649,46.6500,104
37746649401238,10:29:06.649,46.6500,96
37747281052704,10:29:07.281,46.6400,4
37747281055525,10:29:07.281,46.6400,3
37747281056845,10:29:07.281,46.6400,2
37747281058935,10:29:07.281,46.6400,2
37755622047857,10:29:15.622,46.6400,10
37755673841878,10:29:15.673,46.6400,2
37776054216535,10:29:36.054,46.6500,100
37776054216535,10:29:36.054,46.6500,100
37776147276378,10:29:36.147,46.6600,100
37776147319036,10:29:36.147,46.6600,100
37776153201698,10:29:36.153,46.6700,2
37800069683598,10:30:00.069,46.7300,88
37800074231967,10:30:00.074,46.7400,29
37800074239374,10:30:00.074,46.7400,21
37800076555872,10:30:00.076,46.7500,29
37800076559337,10:30:00.076,46.7500,50
37800076570356,10:30:00.076,46.7500,21
37800080747655,10:30:00.080,46.7600,42
37800080747655,10:30:00.080,46.7600,26
37800081885856,10:30:00.081,46.7700,100
37800081885856,10:30:00.081,46.7700,100
37800084463069,10:30:00.084,46.7800,100
37800084463069,10:30:00.084,46.7800,21
37800084469742,10:30:00.084,46.7800,31
37800084471193,10:30:00.084,46.7800,48
37800084471193,10:30:00.084,46.7800,84
37800084483489,10:30:00.084,46.7800,16
37800084483489,10:30:00.084,46.7800,46
37800084493919,10:30:00.084,46.7800,66
37800084544908,10:30:00.084,46.7800,88
37800086014259,10:30:00.086,46.7900,31
37800086023125,10:30:00.086,46.7900,11
37800086023125,10:30:00.086,46.7900,54
37800086024744,10:30:00.086,46.7900,112
37800086043371,10:30:00.086,46.7900,34
37800087530925,10:30:00.087,46.8000,63
37800088917233,10:30:00.088,46.8000,37
37800090541303,10:30:00.090,46.8000,100
37800090869595,10:30:00.090,46.8000,100
37800090869595,10:30:00.090,46.8000,200
37800090998267,10:30:00.090,46.8000,100
37800097376568,10:30:00.097,46.8000,10
37800097407002,10:30:00.097,46.8100,10
37800104017331,10:30:00.104,46.8200,55
37800104029602,10:30:00.104,46.8200,45
37800465608204,10:30:00.465,46.8600,2
37800811750607,10:30:00.811,46.9400,142
37800811797750,10:30:00.811,46.9400,58
37800812198757,10:30:00.812,46.9500,200
37800812862395,10:30:00.812,46.9700,42
37801010171059,10:30:01.010,46.9400,44
37801010171059,10:30:01.010,46.9300,100
37801010171059,10:30:01.010,46.9300,10
37810345178487,10:30:10.345,46.9100,55
37812427520087,10:30:12.427,46.9000,100
37816771093603,10:30:16.771,46.8900,100
37816771093603,10:30:16.771,46.8900,100
37816771844456,10:30:16.771,46.8800,100
37816771855147,10:30:16.771,46.8700,100
37816771868952,10:30:16.771,46.8700,100
37816771868952,10:30:16.771,46.8700,100
37816771868952,10:30:16.771,46.8700,4
37816771871755,10:30:16.771,46.8700,22
37816771871755,10:30:16.771,46.8700,100
37816771871755,10:30:16.771,46.8700,100
37816772333781,10:30:16.772,46.8600,100
37816778317413,10:30:16.778,46.8500,100
37816780209618,10:30:16.780,46.8500,100
37816780335046,10:30:16.780,46.8500,100
37816780347430,10:30:16.780,46.8500,100
37816780347430,10:30:16.780,46.8500,237
37816780415775,10:30:16.780,46.8400,42
37816780415775,10:30:16.780,46.8300,58
37816798588882,10:30:16.798,46.8400,37
37816798595800,10:30:16.798,46.8400,13
37816798762509,10:30:16.798,46.8400,100
37816798834111,10:30:16.798,46.8400,100
37816799273358,10:30:16.799,46.8400,100
37816799696854,10:30:16.799,46.8400,100
37816874916851,10:30:16.874,46.8400,100
37817099494014,10:30:17.099,46.8400,26
37832410468982,10:30:32.410,46.8600,100
37832410468982,10:30:32.410,46.8600,50
37832410471489,10:30:32.410,46.8600,50
37832410471489,10:30:32.410,46.8600,26
37836699589061,10:30:36.699,46.8800,15
37842418589818,10:30:42.418,46.8800,14
37842418589818,10:30:42.418,46.8800,26
37842422872015,10:30:42.422,46.8900,58
37842423003353,10:30:42.423,46.8900,42
37842423003353,10:30:42.423,46.8900,44
37842431625319,10:30:42.431,46.8900,14
37842431625319,10:30:42.431,46.8900,42
37842436015124,10:30:42.436,46.8900,100
37842436112581,10:30:42.436,46.8900,100
37842458700535,10:30:42.458,46.8900,100
37843244782025,10:30:43.244,46.8900,100
37851475801672,10:30:51.475,46.9200,1
37854559230571,10:30:54.559,46.9300,3
37857616129373,10:30:57.616,46.9000,100
37857621878740,10:30:57.621,46.8900,45
37857634749086,10:30:57.634,46.8900,55
37857760298570,10:30:57.760,46.8900,45
37857761926492,10:30:57.761,46.9000,100
37857761974121,10:30:57.761,46.9000,26
37860469308161,10:31:00.469,46.9100,26
37860469502984,10:31:00.469,46.9200,26
37860469502984,10:31:00.469,46.9200,74
37860483201137,10:31:00.483,46.9300,23
37860483201137,10:31:00.483,46.9300,4
37860545373989,10:31:00.545,46.9100,23
37862507594655,10:31:02.507,46.9200,23
37879003784071,10:31:19.003,46.9300,100
37879003797489,10:31:19.003,46.9300,50
37879003801917,10:31:19.003,46.9300,50
37892027597321,10:31:32.027,46.9500,86
37892027616726,10:31:32.027,46.9500,14
37921201001398,10:32:01.201,46.9500,100
37921204000981,10:32:01.204,46.9300,100
37921204000981,10:32:01.204,46.9300,100
37921309083290,10:32:01.309,46.9300,100
37940427803478,10:32:20.427,46.9400,100
37950196314899,10:32:30.196,46.9500,100
37950196314899,10:32:30.196,46.9500,8
37950196314899,10:32:30.196,46.9500,96
37950196329459,10:32:30.196,46.9500,4
37953128860931,10:32:33.128,46.9600,100
37974180069332,10:32:54.180,46.9800,100
37994560287605,10:33:14.560,47.0100,39
37994560674337,10:33:14.560,47.0100,61
37996551314388,10:33:16.551,46.9900,97
37996551448535,10:33:16.551,46.9900,3
37996552605339,10:33:16.552,46.9900,100
37996552925397,10:33:16.552,46.9900,43
37996552963650,10:33:16.552,46.9900,57
37996836922024,10:33:16.836,46.9900,98
37996836972439,10:33:16.836,46.9900,2
37996836972439,10:33:16.836,46.9900,57
38016334938929,10:33:36.334,46.9700,100
38016337000149,10:33:36.337,46.9600,100
38016337518094,10:33:36.337,46.9600,100
38026476607406,10:33:46.476,46.9600,43
38026476607406,10:33:46.476,46.9600,58
38026476639325,10:33:46.476,46.9600,42
38045719752700,10:34:05.719,46.9800,12
38045719792771,10:34:05.719,46.9800,9
38045719792771,10:34:05.719,46.9800,9
38046179163233,10:34:06.179,46.9700,5
38047632853302,10:34:07.632,46.9600,100
38048055526807,10:34:08.055,46.9500,18
38048055535735,10:34:08.055,46.9500,82
38048055956358,10:34:08.055,46.9400,2
38048055957373,10:34:08.055,46.9400,1
38048055960218,10:34:08.055,46.9400,1
38048055970702,10:34:08.055,46.9400,2
38048057472202,10:34:08.057,46.9400,94
38048057937283,10:34:08.057,46.9400,100
38066105864325,10:34:26.105,46.9300,2
38066105864325,10:34:26.105,46.9300,100
38075754852660,10:34:35.754,46.9300,100
38083633405426,10:34:43.633,46.9500,252
38083633405426,10:34:43.633,46.9500,100
38083633405426,10:34:43.633,46.9500,97
38093702870566,10:34:53.702,47.0000,100
38093702870566,10:34:53.702,47.0000,151
38105371859627,10:35:05.371,47.0000,220
38105371867222,10:35:05.371,47.0000,150
38112234171244,10:35:12.234,46.9900,25
38112234177081,10:35:12.234,47.0000,5
38118418469640,10:35:18.418,47.0000,130
38118418503527,10:35:18.418,47.0000,70
38118418508096,10:35:18.418,47.0000,274
38144914477720,10:35:44.914,47.0100,98
38144914501420,10:35:44.914,47.0100,2
38144914923744,10:35:44.914,47.0100,2
38144914945588,10:35:44.914,47.0100,100
38144914985208,10:35:44.914,47.0100,98
38144916410105,10:35:44.916,47.0100,100
38145927189566,10:35:45.927,47.0100,1
38151132066078,10:35:51.132,47.0000,82
38151132101311,10:35:51.132,47.0000,18
38151132101311,10:35:51.132,47.0000,60
38151132106164,10:35:51.132,47.0000,40
38151132642057,10:35:51.132,47.0000,100
38151132642057,10:35:51.132,47.0000,100
38152559037293,10:35:52.559,46.9900,16
38152559080192,10:35:52.559,46.9900,84
38153133277808,10:35:53.133,46.9900,100
38155133194803,10:35:55.133,46.9900,100
38155133194803,10:35:55.133,47.0000,100
38161135409387,10:36:01.135,46.9750,1
38161135409387,10:36:01.135,46.9750,1
38161135409387,10:36:01.135,46.9750,2
38161135409387,10:36:01.135,46.9750,3
38161135409387,10:36:01.135,46.9750,1
38161135409387,10:36:01.135,46.9750,1
38161135409387,10:36:01.135,46.9750,1
38161135409387,10:36:01.135,46.9750,1
38161135409387,10:36:01.135,46.9750,1
38161135409387,10:36:01.135,46.9750,1
38161135409387,10:36:01.135,46.9750,1
38171925270027,10:36:11.925,46.9900,2
38171925270027,10:36:11.925,46.9900,9
38171925273483,10:36:11.925,47.0000,25
38180777392560,10:36:20.777,47.0100,100
38211652699123,10:36:51.652,47.0100,36
38211652874449,10:36:51.652,47.0100,64
38211653315670,10:36:51.653,47.0100,100
38211653359361,10:36:51.653,47.0100,100
38218149970205,10:36:58.149,47.0100,100
38218150616969,10:36:58.150,47.0100,100
38218150784473,10:36:58.150,47.0100,100
38221790269579,10:37:01.790,47.0100,2
38222015519663,10:37:02.015,47.0000,44
38228676274807,10:37:08.676,47.0000,100
38239255808464,10:37:19.255,46.9800,100
38239255844160,10:37:19.255,46.9800,100
38239757570012,10:37:19.757,46.9600,100
38255560150149,10:37:35.560,46.9000,10
38255560520658,10:37:35.560,46.9000,100
38255560520658,10:37:35.560,46.9000,83
38255585241847,10:37:35.585,46.9000,15
38263187461219,10:37:43.187,46.8900,100
38263187466138,10:37:43.187,46.9000,30
38263188498812,10:37:43.188,46.9000,70
38289739740352,10:38:09.739,46.9100,8
38320916394024,10:38:40.916,46.9200,100
38320917199139,10:38:40.917,46.9200,37
38321005129920,10:38:41.005,46.9200,3
38321759607654,10:38:41.759,46.9200,60
38339783572674,10:38:59.783,46.9000,100
38340838776724,10:39:00.838,46.9000,100
38340839649254,10:39:00.839,46.9100,100
38340840058313,10:39:00.840,46.9100,100
38342136119423,10:39:02.136,46.9100,100
38356866919969,10:39:16.866,46.9200,100
38356866919969,10:39:16.866,46.9200,100
38358047677328,10:39:18.047,46.8900,100
38358047677328,10:39:18.047,46.8900,100
38358047677328,10:39:18.047,46.8900,200
38358121055815,10:39:18.121,46.8800,200
38358121055815,10:39:18.121,46.8800,100
38358121055815,10:39:18.121,46.8800,100
38358124389932,10:39:18.124,46.8700,100
38358126775710,10:39:18.126,46.8600,4
38358173755636,10:39:18.173,46.8600,100
38358173755636,10:39:18.173,46.8600,100
38358173755636,10:39:18.173,46.8600,100
38358174581970,10:39:18.174,46.8600,100
38358174581970,10:39:18.174,46.8600,100
38358174581970,10:39:18.174,46.8600,100
38358175244180,10:39:18.175,46.8600,100
38365608226329,10:39:25.608,46.9000,100
38365608263129,10:39:25.608,46.9000,100
38372412696836,10:39:32.412,46.9000,100
38392616876637,10:39:52.616,46.8600,100
38394809036586,10:39:54.809,46.8600,100
38406652961840,10:40:06.652,46.8600,100
38407675992513,10:40:07.675,46.8600,100
38407675992513,10:40:07.675,46.8600,24
38409511613107,10:40:09.511,46.8600,100
38409513540846,10:40:09.513,46.8500,7
38409513540846,10:40:09.513,46.8500,100
38409513540846,10:40:09.513,46.8500,28
38409513775004,10:40:09.513,46.8500,72
38409934773861,10:40:09.934,46.8500,100
38411696203864,10:40:11.696,46.8500,10
38426440358042,10:40:26.440,46.8600,100
38466539716073,10:41:06.539,46.8600,1
38466973198892,10:41:06.973,46.8500,25
38471508795749,10:41:11.508,46.8400,100
38471508795749,10:41:11.508,46.8400,100
38471822028490,10:41:11.822,46.8300,2
38471822057496,10:41:11.822,46.8300,23
38472911886530,10:41:12.911,46.8400,100
38505761969450,10:41:45.761,46.8400,100
38505761969450,10:41:45.761,46.8400,5
38513803355666,10:41:53.803,46.8400,100
38513803355666,10:41:53.803,46.8400,100
38513803355666,10:41:53.803,46.8400,100
38513811163141,10:41:53.811,46.8400,20
38514648816908,10:41:54.648,46.8300,20
38514784261705,10:41:54.784,46.8400,100
38543822259852,10:42:23.822,46.8600,49
38543822270672,10:42:23.822,46.8600,37
38543822296002,10:42:23.822,46.8600,50
38543822304610,10:42:23.822,46.8600,50
38543822321926,10:42:23.822,46.8600,114
38543844704098,10:42:23.844,46.8500,100
38550527613246,10:42:30.527,46.8600,100
38551249890055,10:42:31.249,46.8700,9
38556192268601,10:42:36.192,46.8700,100
38556192268601,10:42:36.192,46.8700,95
38556192284702,10:42:36.192,46.8700,5
38581992770008,10:43:01.992,46.8600,100
38591672256459,10:43:11.672,46.8400,100
38595874250523,10:43:15.874,46.8400,2
38602628922739,10:43:22.628,46.8500,2
38602628922739,10:43:22.628,46.8500,48
38602628931504,10:43:22.628,46.8500,52
38618732000584,10:43:38.732,46.8600,100
38619312999059,10:43:39.312,46.8600,100
38619919999764,10:43:39.919,46.8600,100
38642135072742,10:44:02.135,46.8700,100
38642135072742,10:44:02.135,46.8700,8
38642135105044,10:44:02.135,46.8700,92
38652459512630,10:44:12.459,46.8900,100
38652459512630,10:44:12.459,46.8900,11
38661151204182,10:44:21.151,46.9300,50
38661151229137,10:44:21.151,46.9300,1
38661151244761,10:44:21.151,46.9300,49
38682955243282,10:44:42.955,46.9300,1
38682960561036,10:44:42.960,46.9200,100
38682960561036,10:44:42.960,46.9200,5
38682960561036,10:44:42.960,46.9200,100
38682961078700,10:44:42.961,46.9200,2
38682961084940,10:44:42.961,46.9200,2
38682962726550,10:44:42.962,46.9200,2
38686184062852,10:44:46.184,46.9200,100
38713505945802,10:45:13.505,46.9100,1
38713506446548,10:45:13.506,46.9000,2
38713506713236,10:45:13.506,46.9000,1
38713506832567,10:45:13.506,46.9000,3
38713506865781,10:45:13.506,46.9000,1
38713506871164,10:45:13.506,46.9000,1
38713506871631,10:45:13.506,46.9000,1
38713506872121,10:45:13.506,46.9000,3
38713506872544,10:45:13.506,46.9000,2
38713506874656,10:45:13.506,46.9000,1
38713506886042,10:45:13.506,46.9000,1
38713506887332,10:45:13.506,46.9000,3
38713506887804,10:45:13.506,46.9000,3
38713506889221,10:45:13.506,46.9000,2
38713506897011,10:45:13.506,46.9000,2
38713520669609,10:45:13.520,46.9000,74
38713520669609,10:45:13.520,46.9000,24
38714705802507,10:45:14.705,46.9100,24
38724824553706,10:45:24.824,46.9100,76
38724824553706,10:45:24.824,46.9000,24
38724824586893,10:45:24.824,46.9000,76
38734471020955,10:45:34.471,46.8800,100
38734471187020,10:45:34.471,46.8800,100
38743738025208,10:45:43.738,46.8900,32
38743738062721,10:45:43.738,46.8900,68
38743738062721,10:45:43.738,46.8900,100
38743738062721,10:45:43.738,46.8900,100
38743741973318,10:45:43.741,46.9000,100
38743741973318,10:45:43.741,46.9000,100
38763663483096,10:46:03.663,46.9100,1
38763663483096,10:46:03.663,46.9100,75
38763663530979,10:46:03.663,46.9100,25
38783246491757,10:46:23.246,46.9200,1
38783246491757,10:46:23.246,46.9200,4
38783246491757,10:46:23.246,46.9200,3
38783246491757,10:46:23.246,46.9200,3
38783246491757,10:46:23.246,46.9200,2
38783246491757,10:46:23.246,46.9200,2
38783246491757,10:46:23.246,46.9300,131
38783246538420,10:46:23.246,46.9300,26
38783246542730,10:46:23.246,46.9300,171
38783246548978,10:46:23.246,46.9300,72
38783246548978,10:46:23.246,46.9300,11
38794978388814,10:46:34.978,46.9300,87
38794978409306,10:46:34.978,46.9300,13
38822301224457,10:47:02.301,46.9100,11
38822301424485,10:47:02.301,46.9100,2
38822301433086,10:47:02.301,46.9100,50
38822301593360,10:47:02.301,46.9100,437
38825750868810,10:47:05.750,46.8900,100
38825751308042,10:47:05.751,46.8800,1
38825761431368,10:47:05.761,46.8800,9
38825761514842,10:47:05.761,46.8800,90
38826842698912,10:47:06.842,46.8700,100
38850452925267,10:47:30.452,46.8500,5
38850452925267,10:47:30.452,46.8500,100
38879145819788,10:47:59.145,46.8000,13
38894839975271,10:48:14.839,46.8000,100
38895547690105,10:48:15.547,46.8000,100
38895548441269,10:48:15.548,46.8100,200
38907103830810,10:48:27.103,46.7800,100
38912348336928,10:48:32.348,46.7900,9
38913670766803,10:48:33.670,46.7900,91
38914380723102,10:48:34.380,46.7900,9
38931648517858,10:48:51.648,46.7700,1
38939054762458,10:48:59.054,46.7800,400
38949972116616,10:49:09.972,46.7600,100
38960775388829,10:49:20.775,46.7600,8
38966432733650,10:49:26.432,46.7600,100
38989848799914,10:49:49.848,46.7450,3
38989848799914,10:49:49.848,46.7450,1
38989848799914,10:49:49.848,46.7500,196
39000007465067,10:50:00.007,46.7500,100
39000011756965,10:50:00.011,46.7600,100
39000043976603,10:50:00.043,46.7600,100
39000044101440,10:50:00.044,46.7600,100
39000044199140,10:50:00.044,46.7600,100
39000210818223,10:50:00.210,46.7600,100
39007355429235,10:50:07.355,46.7400,100
39007355959863,10:50:07.355,46.7400,100
39018823154792,10:50:18.823,46.7300,100
39018823154792,10:50:18.823,46.7300,2
39018823174633,10:50:18.823,46.7300,98
39018823174633,10:50:18.823,46.7300,13
39018823180963,10:50:18.823,46.7300,65
39018823192636,10:50:18.823,46.7300,22
39018823199171,10:50:18.823,46.7300,100
39031231109496,10:50:31.231,46.7200,300
39031232149696,10:50:31.232,46.7200,100
39031232149696,10:50:31.232,46.7300,50
39036470760620,10:50:36.470,46.7200,100
39036481361931,10:50:36.481,46.7200,100
39048052895401,10:50:48.052,46.7100,100
39048052895401,10:50:48.052,46.7100,50
39048052908886,10:50:48.052,46.7100,50
39048052908886,10:50:48.052,46.7100,200
39049994773745,10:50:49.994,46.7100,50
39049994773745,10:50:49.994,46.7100,100
39060834695055,10:51:00.834,46.7200,8
39060834695055,10:51:00.834,46.7200,200
39060834695055,10:51:00.834,46.7200,100
39060834695055,10:51:00.834,46.7200,3
39060834705222,10:51:00.834,46.7200,97
39060837803573,10:51:00.837,46.7300,100
39060838134584,10:51:00.838,46.7300,100
39060839758385,10:51:00.839,46.7300,100
39060894042576,10:51:00.894,46.7300,100
39060894042576,10:51:00.894,46.7300,100
39061021712100,10:51:01.021,46.7200,100
39063145554177,10:51:03.145,46.7300,100
39068455388670,10:51:08.455,46.7500,100
39072958348383,10:51:12.958,46.7500,58
39073383761742,10:51:13.383,46.7500,100
39080746709928,10:51:20.746,46.7600,100
39093380615323,10:51:33.380,46.7600,1
39108822716582,10:51:48.822,46.7600,100
39110066676543,10:51:50.066,46.7600,1
39110066676543,10:51:50.066,46.7600,100
39110067172878,10:51:50.067,46.7600,100
39150451235587,10:52:30.451,46.7600,2
39150451235587,10:52:30.451,46.7600,100
39150716560039,10:52:30.716,46.7600,100
39153761052966,10:52:33.761,46.7500,50
39153761087929,10:52:33.761,46.7500,50
39153761087929,10:52:33.761,46.7500,50
39153761101312,10:52:33.761,46.7500,250
39154634471735,10:52:34.634,46.7500,8
39155268101573,10:52:35.268,46.7600,100
39155314453344,10:52:35.314,46.7600,100
39161101259752,10:52:41.101,46.7500,100
39164381518943,10:52:44.381,46.7400,100
39164381564911,10:52:44.381,46.7400,100
39164381821249,10:52:44.381,46.7400,21
39164382376113,10:52:44.382,46.7400,79
39164384138044,10:52:44.384,46.7300,7
39164675371885,10:52:44.675,46.7300,93
39187292263839,10:53:07.292,46.7200,100
39187292263839,10:53:07.292,46.7200,8
39187292282052,10:53:07.292,46.7200,92
39187294925766,10:53:07.294,46.7000,2
39187294954233,10:53:07.294,46.7000,2
39187295089673,10:53:07.295,46.7000,2
39187295212680,10:53:07.295,46.7000,3
39187295214003,10:53:07.295,46.7000,2
39196108431195,10:53:16.108,46.7200,100
39210953238030,10:53:30.953,46.7100,100
39210953254834,10:53:30.953,46.7100,100
39212656225773,10:53:32.656,46.7100,100
39243364345578,10:54:03.364,46.7200,7
39253098390167,10:54:13.098,46.7200,100
39253098390167,10:54:13.098,46.7200,100
39253144930230,10:54:13.144,46.7100,1
39253144968099,10:54:13.144,46.7100,99
39253144968099,10:54:13.144,46.7100,23
39258828040181,10:54:18.828,46.7100,65
39258828086442,10:54:18.828,46.7100,35
39260358312596,10:54:20.358,46.7200,2
39260358315446,10:54:20.358,46.7200,3
39260358315952,10:54:20.358,46.7200,5
39260358316565,10:54:20.358,46.7200,2
39263316584303,10:54:23.316,46.7300,300
39284258096240,10:54:44.258,46.7500,100
39304623447014,10:55:04.623,46.7600,1
39304623447014,10:55:04.623,46.7600,100
39304623470655,10:55:04.623,46.7500,23
39305126071505,10:55:05.126,46.7500,117
39305126077837,10:55:05.126,46.7500,2
39305126087257,10:55:05.126,46.7500,23
39305443077141,10:55:05.443,46.7500,25
39305443077141,10:55:05.443,46.7500,100
39311434189029,10:55:11.434,46.7600,15
39311434306352,10:55:11.434,46.7600,85
39311434306352,10:55:11.434,46.7600,15
39311434414714,10:55:11.434,46.7600,9
39311889108134,10:55:11.889,46.7600,100
39311891081618,10:55:11.891,46.7700,100
39312672385090,10:55:12.672,46.7800,200
39313336804621,10:55:13.336,46.7800,100
39323653726989,10:55:23.653,46.8000,182
39323654283874,10:55:23.654,46.8000,118
39340828577151,10:55:40.828,46.7900,47
39340830707207,10:55:40.830,46.7800,100
39340830739936,10:55:40.830,46.7800,53
39340830741245,10:55:40.830,46.7800,47
39353782514537,10:55:53.782,46.7600,3
39353782541246,10:55:53.782,46.7600,4
39353782541246,10:55:53.782,46.7600,1
39353782557187,10:55:53.782,46.7600,5
39353782564045,10:55:53.782,46.7600,5
39355374930160,10:55:55.374,46.7600,1
39355374939679,10:55:55.374,46.7600,1
39355374940196,10:55:55.374,46.7600,1
39355374942937,10:55:55.374,46.7600,1
39355374949304,10:55:55.374,46.7600,1
39355375021092,10:55:55.375,46.7600,2
39355375029892,10:55:55.375,46.7600,1
39364858175778,10:56:04.858,46.7600,100
39370857221415,10:56:10.857,46.7600,100
39371049579616,10:56:11.049,46.7700,100
39376341838658,10:56:16.341,46.7700,100
39380467764119,10:56:20.467,46.7600,100
39380467764119,10:56:20.467,46.7600,100
39380467764119,10:56:20.467,46.7600,100
39381656273912,10:56:21.656,46.7700,6
39381657349734,10:56:21.657,46.7700,100
39383177814849,10:56:23.177,46.7700,100
39396470759482,10:56:36.470,46.7800,50
39396470784571,10:56:36.470,46.7800,50
39408569220126,10:56:48.569,46.8000,100
39420083240322,10:57:00.083,46.8200,100
39420083250387,10:57:00.083,46.8200,100
39420083268783,10:57:00.083,46.8200,100
39427670864755,10:57:07.670,46.8200,100
39435745070881,10:57:15.745,46.8300,100
39435996253860,10:57:15.996,46.8200,100
39435996253860,10:57:15.996,46.8200,15
39435996253860,10:57:15.996,46.8200,100
39435996492142,10:57:15.996,46.8200,100
39443656404547,10:57:23.656,46.8100,100
39443667393397,10:57:23.667,46.8000,200
39448584921798,10:57:28.584,46.8100,100
39462172566247,10:57:42.172,46.8100,100
39462174281027,10:57:42.174,46.8100,2
39462174289239,10:57:42.174,46.8100,98
39462174289239,10:57:42.174,46.8100,2
39462174488903,10:57:42.174,46.8100,50
39462178284511,10:57:42.178,46.8100,50
39462178288003,10:57:42.178,46.8100,150
39462360024545,10:57:42.360,46.8100,49
39462360770025,10:57:42.360,46.8100,100
39462671528617,10:57:42.671,46.8100,50
39462671535606,10:57:42.671,46.8100,149
39462671535606,10:57:42.671,46.8000,1
39462671673883,10:57:42.671,46.8000,82
39462671700860,10:57:42.671,46.8000,17
39464575701343,10:57:44.575,46.8000,17
39464575701343,10:57:44.575,46.8000,83
39466520938045,10:57:46.520,46.7900,100
39466910145104,10:57:46.910,46.7800,100
39466910145104,10:57:46.910,46.7800,40
39480633441392,10:58:00.633,46.7600,100
39480639612498,10:58:00.639,46.7500,100
39480639666043,10:58:00.639,46.7500,17
39485000409955,10:58:05.000,46.7400,100
39485000409955,10:58:05.000,46.7400,100
39485000409955,10:58:05.000,46.7400,100
39489820789225,10:58:09.820,46.7400,5
39499118325249,10:58:19.118,46.7600,100
39499536266759,10:58:19.536,46.7600,24
39499536266759,10:58:19.536,46.7600,100
39501797740911,10:58:21.797,46.7400,100
39518222758049,10:58:38.222,46.7300,24
39535438670393,10:58:55.438,46.7700,100
39535438670393,10:58:55.438,46.7700,24
39535438805134,10:58:55.438,46.7700,99
39535438889795,10:58:55.438,46.7700,63
39535439752435,10:58:55.439,46.7700,200
39535439993260,10:58:55.439,46.7700,14
39535440135939,10:58:55.440,46.7700,14
39535440195528,10:58:55.440,46.7700,291
39535833226459,10:58:55.833,46.7700,95
39535833226459,10:58:55.833,46.7700,305
39535833285734,10:58:55.833,46.7700,95
39535833301633,10:58:55.833,46.7700,182
39535833325182,10:58:55.833,46.7700,95
39535834823964,10:58:55.834,46.7700,23
39545762352434,10:59:05.762,46.7800,3
39545762352434,10:59:05.762,46.7800,97
39545762381340,10:59:05.762,46.7800,3
39545799741461,10:59:05.799,46.7700,25
39554736882044,10:59:14.736,46.7700,100
39554736882044,10:59:14.736,46.7700,100
39569498525876,10:59:29.498,46.7600,100
39584231219372,10:59:44.231,46.7600,97
39584231220277,10:59:44.231,46.7600,197
39584231245809,10:59:44.231,46.7600,6
39584231245809,10:59:44.231,46.7600,100
39588649202044,10:59:48.649,46.7700,200
39591825132482,10:59:51.825,46.7800,3
39592054811966,10:59:52.054,46.7800,13
39592054822559,10:59:52.054,46.7800,12
39592054822559,10:59:52.054,46.7800,100
39596291941281,10:59:56.291,46.7800,1
39596291992385,10:59:56.291,46.7800,4
39597590536029,10:59:57.590,46.7800,100
39600337166185,11:00:00.337,46.7900,48
39600337190271,11:00:00.337,46.7900,1
39600338232095,11:00:00.338,46.7900,51
39600338232095,11:00:00.338,46.7900,149
39600338269853,11:00:00.338,46.7900,100
39600338290353,11:00:00.338,46.7900,51
39601654918132,11:00:01.654,46.8000,100
39605316068664,11:00:05.316,46.8100,14
39605316068664,11:00:05.316,46.8100,86
39605316161153,11:00:05.316,46.8100,14
39605316161153,11:00:05.316,46.8100,3
39612456220765,11:00:12.456,46.8200,100
39612456239041,11:00:12.456,46.8100,100
39625611398670,11:00:25.611,46.8500,97
39625611409406,11:00:25.611,46.8500,3
39629396747965,11:00:29.396,46.8700,14
39629397159622,11:00:29.397,46.8700,37
39629708323606,11:00:29.708,46.8700,49
39633088762227,11:00:33.088,46.8600,100
39633088762227,11:00:33.088,46.8600,100
39635024668051,11:00:35.024,46.8600,100
39648168349946,11:00:48.168,46.9000,200
39651441892287,11:00:51.441,46.9000,100
39651441922055,11:00:51.441,46.9000,100
39652522596151,11:00:52.522,46.9000,100
39653759685452,11:00:53.759,46.9000,100
39662807475437,11:01:02.807,46.9200,100
39662825289547,11:01:02.825,46.9300,100
39662911629053,11:01:02.911,46.9300,100
39663044037622,11:01:03.044,46.9400,36
39663044087064,11:01:03.044,46.9400,64
39663134210162,11:01:03.134,46.9400,100
39663134210162,11:01:03.134,46.9400,100
39663214584946,11:01:03.214,46.9400,100
39663390153313,11:01:03.390,46.9500,100
39663390153313,11:01:03.390,46.9500,100
39663390508912,11:01:03.390,46.9500,13
39663399455607,11:01:03.399,46.9500,100
39663459043356,11:01:03.459,46.9500,200
39663459450397,11:01:03.459,46.9500,87
39663459450397,11:01:03.459,46.9500,100
39663459450397,11:01:03.459,46.9500,13
39663460106863,11:01:03.460,46.9500,87
39663462418012,11:01:03.462,46.9600,100
39663462418012,11:01:03.462,46.9600,100
39663474882789,11:01:03.474,46.9600,100
39663477580383,11:01:03.477,46.9600,100
39663497610431,11:01:03.497,46.9600,23
39663501317943,11:01:03.501,46.9700,100
39664143190023,11:01:04.143,46.9700,1
39664450253812,11:01:04.450,46.9600,100
39666133356268,11:01:06.133,46.9700,100
39666133356268,11:01:06.133,46.9700,100
39666133356268,11:01:06.133,46.9700,26
39666308644632,11:01:06.308,46.9600,100
39666850110921,11:01:06.850,46.9600,100
39666913995554,11:01:06.913,46.9400,1
39666914085392,11:01:06.914,46.9400,99
39668547367568,11:01:08.547,46.9500,63
39668547376616,11:01:08.547,46.9500,60
39668547893828,11:01:08.547,46.9500,177
39684620525351,11:01:24.620,46.9500,35
39684620560790,11:01:24.620,46.9500,33
39685000416803,11:01:25.000,46.9400,100
39685000416803,11:01:25.000,46.9400,100
39685000416803,11:01:25.000,46.9400,25
39685000436047,11:01:25.000,46.9400,1
39685000458537,11:01:25.000,46.9400,2
39685000469918,11:01:25.000,46.9400,1
39685000502748,11:01:25.000,46.9400,82
39685068963322,11:01:25.068,46.9300,6
39693449908733,11:01:33.449,46.9100,100
39703101458640,11:01:43.101,46.9100,100
39703639122643,11:01:43.639,46.9100,100
39703639122643,11:01:43.639,46.9100,100
39703639938065,11:01:43.639,46.9100,100
39703639938065,11:01:43.639,46.9100,100
39703641206780,11:01:43.641,46.9100,100
39703647133670,11:01:43.647,46.9200,100
39703647133670,11:01:43.647,46.9200,3
39703647176877,11:01:43.647,46.9200,97
39703882765989,11:01:43.882,46.9200,100
39703882765989,11:01:43.882,46.9200,26
39703882765989,11:01:43.882,46.9200,74
39711778102448,11:01:51.778,46.9200,390
39711778145306,11:01:51.778,46.9200,10
39714724537754,11:01:54.724,46.9200,100
39714724537754,11:01:54.724,46.9200,100
39714779355165,11:01:54.779,46.9100,100
39714779355165,11:01:54.779,46.9100,100
39714779355165,11:01:54.779,46.9100,100
39714781605640,11:01:54.781,46.9000,100
39714859656827,11:01:54.859,46.9000,100
39714860069394,11:01:54.860,46.9000,100
39714860242432,11:01:54.860,46.9000,100
39714863589874,11:01:54.863,46.9000,100
39714863589874,11:01:54.863,46.9000,100
39714863589874,11:01:54.863,46.9000,100
39715881757579,11:01:55.881,46.8900,100
39715881757579,11:01:55.881,46.8900,100
39715881757579,11:01:55.881,46.8900,100
39719406058161,11:01:59.406,46.8900,400
39719927050376,11:01:59.927,46.9000,200
39719927070637,11:01:59.927,46.9000,26
39719927070637,11:01:59.927,46.9000,100
39719927070637,11:01:59.927,46.9000,100
39719927103185,11:01:59.927,46.8900,150
39719927339792,11:01:59.927,46.8900,100
39719927606734,11:01:59.927,46.8900,100
39719927705621,11:01:59.927,46.8900,100
39719927759243,11:01:59.927,46.8900,100
39719927852179,11:01:59.927,46.8900,100
39719928063628,11:01:59.928,46.8900,100
39719928088068,11:01:59.928,46.8900,100
39719928088068,11:01:59.928,46.8900,100
39719930195871,11:01:59.930,46.8800,100
39719931209203,11:01:59.931,46.8800,100
39719931209203,11:01:59.931,46.8800,100
39719931209203,11:01:59.931,46.8800,100
39719931512486,11:01:59.931,46.8800,100
39719931592012,11:01:59.931,46.8800,100
39719931592012,11:01:59.931,46.8800,100
39720010077776,11:02:00.010,46.8800,2
39720010117279,11:02:00.010,46.8800,24
39721261848732,11:02:01.261,46.8800,100
39721261848732,11:02:01.261,46.8800,100
39722188616554,11:02:02.188,46.8800,100
39722188616554,11:02:02.188,46.8800,100
39722188616554,11:02:02.188,46.8800,100
39722188616554,11:02:02.188,46.8800,100
39722188616554,11:02:02.188,46.8800,100
39722188616554,11:02:02.188,46.8800,200
39722194067186,11:02:02.194,46.8800,100
39722367652866,11:02:02.367,46.8800,100
39722367652866,11:02:02.367,46.8800,100
39722367652866,11:02:02.367,46.8800,26
39722367652866,11:02:02.367,46.8800,26
39722367722862,11:02:02.367,46.8900,100
39722631282275,11:02:02.631,46.9000,26
39722844541649,11:02:02.844,46.8900,100
39722844541649,11:02:02.844,46.8900,100
39722845130991,11:02:02.845,46.8900,100
39722846864111,11:02:02.846,46.8800,74
39722846864111,11:02:02.846,46.8800,26
39723489823562,11:02:03.489,46.9000,100
39725067306554,11:02:05.067,46.9000,10
39725331559930,11:02:05.331,46.9000,90
39725958875292,11:02:05.958,46.9000,10
39725958875292,11:02:05.958,46.9000,100
39725958875292,11:02:05.958,46.9000,30
39725958892767,11:02:05.958,46.9000,170
39725959255356,11:02:05.959,46.9000,26
39726259952228,11:02:06.259,46.9000,30
39726646877230,11:02:06.646,46.9000,100
39726646877230,11:02:06.646,46.9000,100
39726646941593,11:02:06.646,46.9000,100
39726818814204,11:02:06.818,46.8800,74
39727941986783,11:02:07.941,46.9000,200
39730773199389,11:02:10.773,46.9100,100
39730773199389,11:02:10.773,46.9100,100
39730778307948,11:02:10.778,46.9200,100
39730784262269,11:02:10.784,46.9300,100
39730784328989,11:02:10.784,46.9300,100
39730784328989,11:02:10.784,46.9300,100
39730784328989,11:02:10.784,46.9300,100
39730784328989,11:02:10.784,46.9300,100
39730784328989,11:02:10.784,46.9300,100
39730787350114,11:02:10.787,46.9400,100
39730788967224,11:02:10.788,46.9400,26
39730847742987,11:02:10.847,46.9550,100
39731108947288,11:02:11.108,46.9650,200
39731109850067,11:02:11.109,46.9700,100
39731109908712,11:02:11.109,46.9700,100
39742541240437,11:02:22.541,46.9900,100
39742541240437,11:02:22.541,46.9900,100
39749560309006,11:02:29.560,46.9900,100
39749564607660,11:02:29.564,46.9900,100
39762487287784,11:02:42.487,47.0100,100
39762487287784,11:02:42.487,47.0100,100
39762962134918,11:02:42.962,47.0000,50
39762962142147,11:02:42.962,47.0000,150
39762963398425,11:02:42.963,46.9900,100
39779591552041,11:02:59.591,47.0000,100
39785153207075,11:03:05.153,47.0100,2
39785153207075,11:03:05.153,47.0100,64
39788737689568,11:03:08.737,47.0000,14
39799248250120,11:03:19.248,47.0200,1
39799264907810,11:03:19.264,47.0000,100
39800649880185,11:03:20.649,47.0100,100
39800763926927,11:03:20.763,47.0100,100
39800778992587,11:03:20.778,47.0000,100
39800778992587,11:03:20.778,47.0000,100
39801322415454,11:03:21.322,46.9700,2
39801323133397,11:03:21.323,46.9800,100
39804185023403,11:03:24.185,47.0100,100
39804185023403,11:03:24.185,47.0100,100
39807807008179,11:03:27.807,47.0200,100
39807807008179,11:03:27.807,47.0200,72
39811811846049,11:03:31.811,47.0200,100
39812167098985,11:03:32.167,47.0200,19
39819012611837,11:03:39.012,47.0100,1
39820031799617,11:03:40.031,47.0100,26
39836281938365,11:03:56.281,47.0200,100
39836281938365,11:03:56.281,47.0200,26
39842452218157,11:04:02.452,47.0300,79
39842452222122,11:04:02.452,47.0300,21
39842452222122,11:04:02.452,47.0300,79
39842452222969,11:04:02.452,47.0300,21
39851590057745,11:04:11.590,47.0400,1
39851590057745,11:04:11.590,47.0400,5
39851590057745,11:04:11.590,47.0500,3
39851590396785,11:04:11.590,47.0500,6
39852397942952,11:04:12.397,47.0700,20
39859118018628,11:04:19.118,47.0400,100
39859118018628,11:04:19.118,47.0400,100
39859118216914,11:04:19.118,47.0400,40
39859118242730,11:04:19.118,47.0400,60
39859118812744,11:04:19.118,47.0400,60
39859118860630,11:04:19.118,47.0400,40
39859119021760,11:04:19.119,47.0400,100
39859119407979,11:04:19.119,47.0400,100
39859119913309,11:04:19.119,47.0300,3
39859119929363,11:04:19.119,47.0300,2
39859120407148,11:04:19.120,47.0300,1
39859120425049,11:04:19.120,47.0300,1
39859120428208,11:04:19.120,47.0300,1
39859120432445,11:04:19.120,47.0300,1
39859120471387,11:04:19.120,47.0300,1
39859120481213,11:04:19.120,47.0300,2
39859120481756,11:04:19.120,47.0300,1
39859120482968,11:04:19.120,47.0300,1
39859120484334,11:04:19.120,47.0300,2
39859120484830,11:04:19.120,47.0300,1
39859120487635,11:04:19.120,47.0300,1
39859120497605,11:04:19.120,47.0300,1
39859122039797,11:04:19.122,47.0300,1
39860750360299,11:04:20.750,47.0300,26
39884521368427,11:04:44.521,47.0700,80
39884521368427,11:04:44.521,47.0700,50
39884521385518,11:04:44.521,47.0700,50
39884521385518,11:04:44.521,47.0700,100
39884521396376,11:04:44.521,47.0700,100
39888673752688,11:04:48.673,47.0900,1
39888673804781,11:04:48.673,47.0900,100
39897379885184,11:04:57.379,47.1100,1
39897379919002,11:04:57.379,47.1000,100
39900236001373,11:05:00.236,47.1000,100
39900798997597,11:05:00.798,47.1000,100
39928028302786,11:05:28.028,47.1000,3
39928028307481,11:05:28.028,47.1100,50
39928028308299,11:05:28.028,47.1100,47
39928028326495,11:05:28.028,47.1100,3
39928029546753,11:05:28.029,47.1100,100
39928030050900,11:05:28.030,47.1100,100
39928060444511,11:05:28.060,47.1100,100
39959172683571,11:05:59.172,47.0900,92
39959172697457,11:05:59.172,47.0900,8
39959172697457,11:05:59.172,47.0900,100
39959172697457,11:05:59.172,47.0900,26
39959172729151,11:05:59.172,47.0900,74
39959172729151,11:05:59.172,47.0900,5
39959172735883,11:05:59.172,47.0900,95
39959172735883,11:05:59.172,47.0900,55
39959172742639,11:05:59.172,47.0900,45
39959172742639,11:05:59.172,47.0900,5
39959172744123,11:05:59.172,47.0900,95
39959172744123,11:05:59.172,47.0900,200
39959673453289,11:05:59.673,47.0800,100
39959673453289,11:05:59.673,47.0800,100
39959673453289,11:05:59.673,47.0800,100
39965527239538,11:06:05.527,47.0800,81
39965527328616,11:06:05.527,47.0800,19
39965527328616,11:06:05.527,47.0800,100
39965527439514,11:06:05.527,47.0800,100
39965527439514,11:06:05.527,47.0800,100
39965527554976,11:06:05.527,47.0800,100
39995627558369,11:06:35.627,47.0500,44
39995627638357,11:06:35.627,47.0500,56
39996585630783,11:06:36.585,47.0400,5
39996603263672,11:06:36.603,47.0400,27
39999576340207,11:06:39.576,47.0500,27
39999576340207,11:06:39.576,47.0500,10
39999846978603,11:06:39.846,47.0600,100
40023552750815,11:07:03.552,47.0700,100
40023554516961,11:07:03.554,47.0800,100
40025355206590,11:07:05.355,47.1000,50
40025355232215,11:07:05.355,47.1000,50
40025355232215,11:07:05.355,47.1000,89
40025355267901,11:07:05.355,47.1000,11
40027937942800,11:07:07.937,47.1100,2
40049295384769,11:07:29.295,47.1000,100
40049297024453,11:07:29.297,47.1100,26
40049298710069,11:07:29.298,47.1100,100
40049299137531,11:07:29.299,47.1100,100
40056085851680,11:07:36.085,47.1000,82
40056085955158,11:07:36.085,47.1000,18
40056085955158,11:07:36.085,47.1000,100
40071505365165,11:07:51.505,47.0900,51
40071505378487,11:07:51.505,47.0900,49
40079317564344,11:07:59.317,47.0900,100
40079317564344,11:07:59.317,47.0900,20
40079317575284,11:07:59.317,47.0900,80
40123250908286,11:08:43.250,47.0800,11
40146264435904,11:09:06.264,47.1000,100
40146472586869,11:09:06.472,47.0900,44
40147998107496,11:09:07.998,47.0900,56
40157307027647,11:09:17.307,47.1000,100
40157334784473,11:09:17.334,47.1000,100
40170256078231,11:09:30.256,47.0900,1
40170256078231,11:09:30.256,47.0900,7
40170256089615,11:09:30.256,47.0900,93
40170256089615,11:09:30.256,47.0900,57
40170256119861,11:09:30.256,47.0900,43
40170256119861,11:09:30.256,47.0900,57
40170256130087,11:09:30.256,47.0900,100
40170256461918,11:09:30.256,47.0900,100
40170256629358,11:09:30.256,47.0900,43
40177637407667,11:09:37.637,47.0900,100
40181749219149,11:09:41.749,47.0900,100
40224393655879,11:10:24.393,47.1300,20
40224393681382,11:10:24.393,47.1300,25
40224393694257,11:10:24.393,47.1300,20
40225057039867,11:10:25.057,47.1300,13
40225057071364,11:10:25.057,47.1300,22
40225057071364,11:10:25.057,47.1300,10
40225668204663,11:10:25.668,47.1400,13
40225668761508,11:10:25.668,47.1400,87
40225668761508,11:10:25.668,47.1400,22
40225668901690,11:10:25.668,47.1400,78
40225668901690,11:10:25.668,47.1400,31
40225668916602,11:10:25.668,47.1400,18
40225669185412,11:10:25.669,47.1400,51
40225669185412,11:10:25.669,47.1400,8
40231291045289,11:10:31.291,47.1400,100
40231291045289,11:10:31.291,47.1400,50
40231291072384,11:10:31.291,47.1400,50
40231291072384,11:10:31.291,47.1400,100
40231292119688,11:10:31.292,47.1300,100
40232166945855,11:10:32.166,47.1200,100
40241803735828,11:10:41.803,47.1200,80
40241803749838,11:10:41.803,47.1200,20
40242454600718,11:10:42.454,47.1200,100
40244327036787,11:10:44.327,47.1100,100
40246160106068,11:10:46.160,47.0900,1
40246160108242,11:10:46.160,47.0900,2
40246160112613,11:10:46.160,47.0900,2
40246160113971,11:10:46.160,47.0900,1
40246160116543,11:10:46.160,47.0900,1
40246160117083,11:10:46.160,47.0900,3
40246160118824,11:10:46.160,47.0900,1
40247287048564,11:10:47.287,47.1000,52
40247287064182,11:10:47.287,47.1000,48
40247287064182,11:10:47.287,47.1000,27
40247287064182,11:10:47.287,47.1000,100
40247287064182,11:10:47.287,47.1000,100
40251465942432,11:10:51.465,47.0900,76
40254307139121,11:10:54.307,47.1000,100
40254514332953,11:10:54.514,47.1000,100
40270456624275,11:11:10.456,47.1000,100
40272794357707,11:11:12.794,47.0900,100
40281059843225,11:11:21.059,47.0900,3
40281059843225,11:11:21.059,47.0900,100
40281059843225,11:11:21.059,47.0900,100
40319405796815,11:11:59.405,47.0900,83
40319405842199,11:11:59.405,47.0900,3
40319405844667,11:11:59.405,47.0900,14
40327095946042,11:12:07.095,47.1000,2
40327095946042,11:12:07.095,47.1000,9
40336990940659,11:12:16.990,47.1100,1
40362566072065,11:12:42.566,47.1000,59
40362566086617,11:12:42.566,47.1000,41
40362566086617,11:12:42.566,47.1000,100
40362566086617,11:12:42.566,47.1000,100
40386314537017,11:13:06.314,47.0700,1
40386314537017,11:13:06.314,47.0700,100
40386314537017,11:13:06.314,47.0700,23
40386314548518,11:13:06.314,47.0700,77
40386563442991,11:13:06.563,47.0600,100
40386563442991,11:13:06.563,47.0600,30
40387049207686,11:13:07.049,47.0500,100
40391203570055,11:13:11.203,47.0500,15
40408797960706,11:13:28.797,47.0400,3
40408798127962,11:13:28.798,47.0500,100
40423274459457,11:13:43.274,47.0500,1
40426603048128,11:13:46.603,47.0500,100
40426604540419,11:13:46.604,47.0600,100
40442519918541,11:14:02.519,47.0900,100
40442519918541,11:14:02.519,47.0900,100
40443017292775,11:14:03.017,47.0900,3
40443045881020,11:14:03.045,47.0900,2
40449865111034,11:14:09.865,47.0800,23
40449865174578,11:14:09.865,47.0800,77
40449865174578,11:14:09.865,47.0800,23
40449865251037,11:14:09.865,47.0800,77
40473720956126,11:14:33.720,47.0800,11
40473720956126,11:14:33.720,47.0800,8
40485082163333,11:14:45.082,47.0800,1
40485220268439,11:14:45.220,47.0800,99
40485270761969,11:14:45.270,47.0700,1
40485271852873,11:14:45.271,47.0700,99
40485272193903,11:14:45.272,47.0800,45
40501843080829,11:15:01.843,47.0900,2
40512405948051,11:15:12.405,47.1100,18
40512407133021,11:15:12.407,47.1100,100
40512407189388,11:15:12.407,47.1100,100
40512407215347,11:15:12.407,47.1100,25
40516091249508,11:15:16.091,47.1000,25
40530450538927,11:15:30.450,47.1000,79
40530450558760,11:15:30.450,47.1000,21
40530450558760,11:15:30.450,47.1000,38
40530451137070,11:15:30.451,47.1000,62
40530451137070,11:15:30.451,47.1000,63
40530451381415,11:15:30.451,47.1000,37
40530451381415,11:15:30.451,47.1000,100
40547778833786,11:15:47.778,47.1000,100
40547778833786,11:15:47.778,47.1000,75
40547778850141,11:15:47.778,47.1000,25
40547778850141,11:15:47.778,47.1000,100
40547778869799,11:15:47.778,47.0900,25
40564535654799,11:16:04.535,47.1000,100
40571069385275,11:16:11.069,47.0900,1
40571069385275,11:16:11.069,47.0900,100
40572387659790,11:16:12.387,47.0800,100
40590877014740,11:16:30.877,47.0800,82
40600209689412,11:16:40.209,47.0850,3
40600209689412,11:16:40.209,47.0900,8
40600209689412,11:16:40.209,47.0900,17
40600209698230,11:16:40.209,47.0900,83
40600209698230,11:16:40.209,47.0900,2
40600209698230,11:16:40.209,47.0900,65
40600209726756,11:16:40.209,47.0900,12
40600209779417,11:16:40.209,47.0900,23
40633023380954,11:17:13.023,47.1000,21
40633023423089,11:17:13.023,47.1000,79
40637150412717,11:17:17.150,47.1000,61
40637150464885,11:17:17.150,47.1000,39
40637150631682,11:17:17.150,47.1000,100
40637150632462,11:17:17.150,47.1000,100
40639922899337,11:17:19.922,47.1000,39
40643633858813,11:17:23.633,47.0900,74
40643634372679,11:17:23.634,47.0900,26
40643634372679,11:17:23.634,47.0900,100
40643634372679,11:17:23.634,47.0900,24
40643634400831,11:17:23.634,47.0900,76
40643635413981,11:17:23.635,47.0800,3
40644816208750,11:17:24.816,47.0800,97
40660566641724,11:17:40.566,47.0750,1
40660566641724,11:17:40.566,47.0750,1
40660566641724,11:17:40.566,47.0750,1
40660566641724,11:17:40.566,47.0750,2
40660566641724,11:17:40.566,47.0750,2
40660566641724,11:17:40.566,47.0750,1
40660566641724,11:17:40.566,47.0750,2
40660566641724,11:17:40.566,47.0800,90
40660566692410,11:17:40.566,47.0800,10
40660610385966,11:17:40.610,47.0900,100
40664848632374,11:17:44.848,47.0900,100
40665381509122,11:17:45.381,47.1000,100
40665381509122,11:17:45.381,47.1000,50
40665381537977,11:17:45.381,47.1000,50
40665381537977,11:17:45.381,47.1000,10
40665381537977,11:17:45.381,47.1000,100
40665381537977,11:17:45.381,47.1000,22
40665381541847,11:17:45.381,47.1000,60
40665381555465,11:17:45.381,47.1000,18
40674187787809,11:17:54.187,47.1100,100
40717499243143,11:18:37.499,47.0700,1
40717499368689,11:18:37.499,47.0700,1
40717499547533,11:18:37.499,47.0700,98
40717499547533,11:18:37.499,47.0700,100
40717500406404,11:18:37.500,47.0600,3
40717503521837,11:18:37.503,47.0600,97
40719150780619,11:18:39.150,47.0400,1
40719150780619,11:18:39.150,47.0400,15
40719151905314,11:18:39.151,47.0400,85
40719155167330,11:18:39.155,47.0400,4
40719158948895,11:18:39.158,47.0400,38
40729794286008,11:18:49.794,47.0600,8
40733012547951,11:18:53.012,47.0800,4
40733013122581,11:18:53.013,47.0700,100
40733013122581,11:18:53.013,47.0700,100
40733013122581,11:18:53.013,47.0700,25
40733013122581,11:18:53.013,47.0700,100
40733013122581,11:18:53.013,47.0700,100
40747813450620,11:19:07.813,47.0800,100
40747813450620,11:19:07.813,47.0800,2
40747813490908,11:19:07.813,47.0800,23
40747813490908,11:19:07.813,47.0800,100
40747813490908,11:19:07.813,47.0800,100
40747813876889,11:19:07.813,47.0800,100
40759443181384,11:19:19.443,47.0800,1
40771357761983,11:19:31.357,47.0900,100
40771357761983,11:19:31.357,47.0900,100
40771388739791,11:19:31.388,47.0900,89
40786021195312,11:19:46.021,47.0700,100
40786021237474,11:19:46.021,47.0700,5
40791606797918,11:19:51.606,47.0600,100
40801374247568,11:20:01.374,47.0300,11
40802267609029,11:20:02.267,47.0300,25
40802267609029,11:20:02.267,47.0300,100
40806174891237,11:20:06.174,47.0300,1
40806178703064,11:20:06.178,47.0300,1
40806178703064,11:20:06.178,47.0300,99
40806178755661,11:20:06.178,47.0300,1
40807722634801,11:20:07.722,47.0200,50
40811358845432,11:20:11.358,47.0300,32
40811679034518,11:20:11.679,47.0300,68
40815024226702,11:20:15.024,47.0400,22
40818267100488,11:20:18.267,47.0300,100
40818267100488,11:20:18.267,47.0300,50
40818267131719,11:20:18.267,47.0300,50
40818267176879,11:20:18.267,47.0200,48
40823479669990,11:20:23.479,47.0200,2
40823479669990,11:20:23.479,47.0200,100
40824821794343,11:20:24.821,47.0200,100
40830130419623,11:20:30.130,47.0100,2
40830130422076,11:20:30.130,47.0100,2
40830130422579,11:20:30.130,47.0100,2
40830130424134,11:20:30.130,47.0100,1
40830130424605,11:20:30.130,47.0100,4
40830130427517,11:20:30.130,47.0100,1
40832333128560,11:20:32.333,47.0200,70
40836902078812,11:20:36.902,47.0100,88
40836902078812,11:20:36.902,47.0100,100
40836902078812,11:20:36.902,47.0100,32
40836902091226,11:20:36.902,47.0100,68
40846711793064,11:20:46.711,47.0000,100
40855419806981,11:20:55.419,47.0000,4
40855419819886,11:20:55.419,47.0000,96
40855419819886,11:20:55.419,47.0000,1
40856156080305,11:20:56.156,47.0000,25
40869553421976,11:21:09.553,47.0000,12
40869553485420,11:21:09.553,47.0000,82
40869553520618,11:21:09.553,47.0000,6
40881012709001,11:21:21.012,46.9900,100
40881012709001,11:21:21.012,46.9900,32
40881012721341,11:21:21.012,46.9900,40
40881012752255,11:21:21.012,46.9900,28
40881013145699,11:21:21.013,46.9800,1
40881013175309,11:21:21.013,46.9800,99
40881013175309,11:21:21.013,46.9800,100
40886886309554,11:21:26.886,46.9700,100
40886886309554,11:21:26.886,46.9700,100
40889151073772,11:21:29.151,46.9900,30
40889151100119,11:21:29.151,46.9900,70
40889736556073,11:21:29.736,47.0000,22
40896740256368,11:21:36.740,47.0000,98
40896740265705,11:21:36.740,47.0000,2
40896740265705,11:21:36.740,47.0000,77
40905815493855,11:21:45.815,46.9900,100
40914127895305,11:21:54.127,47.0100,100
40924830328537,11:22:04.830,47.0100,2
40924830447897,11:22:04.830,47.0100,69
40924830593233,11:22:04.830,47.0100,29
40937469128170,11:22:17.469,46.9900,31
40937469161026,11:22:17.469,46.9900,69
40956440781213,11:22:36.440,46.9900,14
40956454536258,11:22:36.454,46.9900,15
40956454603815,11:22:36.454,46.9900,71
40956458640438,11:22:36.458,46.9800,100
40956485080261,11:22:36.485,46.9800,100
40956485080261,11:22:36.485,46.9800,100
40989928558290,11:23:09.928,46.9900,100
40989928558290,11:23:09.928,46.9900,100
40992034226375,11:23:12.034,47.0000,100
41037841082317,11:23:57.841,47.0150,5
41037841082317,11:23:57.841,47.0200,95
41037841124263,11:23:57.841,47.0200,5
41037841183052,11:23:57.841,47.0300,22
41045734729970,11:24:05.734,47.0200,5
41045734729970,11:24:05.734,47.0200,25
41045734729970,11:24:05.734,47.0200,70
41045734857195,11:24:05.734,47.0200,30
41058515774964,11:24:18.515,47.0300,61
41058515805895,11:24:18.515,47.0300,39
41058515805895,11:24:18.515,47.0300,2
41058523085764,11:24:18.523,47.0300,100
41058523145922,11:24:18.523,47.0300,41
41059870029873,11:24:19.870,47.0200,3
41076466073512,11:24:36.466,47.0400,100
41076466073512,11:24:36.466,47.0400,42
41076466085295,11:24:36.466,47.0400,58
41076466085295,11:24:36.466,47.0400,92
41076466092228,11:24:36.466,47.0400,8
41089295640761,11:24:49.295,47.0600,2
41089295684392,11:24:49.295,47.0600,98
41101098645011,11:25:01.098,47.0900,2
41101098645011,11:25:01.098,47.0900,56
41101098656678,11:25:01.098,47.0900,44
41105217510900,11:25:05.217,47.1000,100
41105217510900,11:25:05.217,47.1000,100
41105217510900,11:25:05.217,47.1000,100
41115652707188,11:25:15.652,47.0900,1
41117192611041,11:25:17.192,47.0900,47
41135354685658,11:25:35.354,47.0900,46
41135354685658,11:25:35.354,47.0900,11
41136224288779,11:25:36.224,47.0800,100
41136224288779,11:25:36.224,47.0800,100
41138440550960,11:25:38.440,47.0700,100
41138443699029,11:25:38.443,47.0700,4
41142151883421,11:25:42.151,47.0500,100
41142804200183,11:25:42.804,47.0300,100
41149337468831,11:25:49.337,47.0300,100
41149343883850,11:25:49.343,47.0300,100
41149541524464,11:25:49.541,47.0300,100
41155642741180,11:25:55.642,47.0200,100
41158713542538,11:25:58.713,47.0300,5
41176133101212,11:26:16.133,47.0300,2
41178119652427,11:26:18.119,47.0300,25
41179562640880,11:26:19.562,47.0300,100
41191925902685,11:26:31.925,47.0300,4
41225684869314,11:27:05.684,47.0300,100
41225684869314,11:27:05.684,47.0300,57
41225684916571,11:27:05.684,47.0300,43
41232530662034,11:27:12.530,47.0200,87
41236000628915,11:27:16.000,47.0100,100
41236000628915,11:27:16.000,47.0100,51
41236000653715,11:27:16.000,47.0100,49
41250020355989,11:27:30.020,47.0000,7
41252117204918,11:27:32.117,46.9900,100
41282343059136,11:28:02.343,46.9800,100
41282343059136,11:28:02.343,46.9800,2
41282343068564,11:28:02.343,46.9800,98
41282561061266,11:28:02.561,46.9900,100
41282561087777,11:28:02.561,46.9900,33
41282561100516,11:28:02.561,46.9900,100
41282561103043,11:28:02.561,46.9900,410
41282561130141,11:28:02.561,46.9900,1357
41290647462357,11:28:10.647,47.0200,71
41290647466572,11:28:10.647,47.0200,11
41290647468607,11:28:10.647,47.0200,18
41290647468607,11:28:10.647,47.0200,4
41294904271065,11:28:14.904,47.0100,100
41340579259853,11:29:00.579,47.0100,100
41340579259853,11:29:00.579,47.0100,100
41340582664265,11:29:00.582,47.0000,100
41344447681904,11:29:04.447,46.9900,100
41357950501339,11:29:17.950,46.9900,80
41372202165205,11:29:32.202,47.0000,20
41372202185305,11:29:32.202,47.0000,80
41413026210072,11:30:13.026,47.0400,100
41413026210072,11:30:13.026,47.0400,4
41432391899695,11:30:32.391,47.0700,1
41471059144984,11:31:11.059,47.0750,100
41471059144984,11:31:11.059,47.0700,100
41471059172884,11:31:11.059,47.0700,100
41471059769741,11:31:11.059,47.0600,200
41476432622515,11:31:16.432,47.0500,98
41476432647611,11:31:16.432,47.0500,2
41522550228339,11:32:02.550,47.0800,98
41522550256399,11:32:02.550,47.0800,2
41522550256399,11:32:02.550,47.0800,50
41522550280373,11:32:02.550,47.0800,50
41522550280373,11:32:02.550,47.0800,100
41523138018821,11:32:03.138,47.0900,100
41523138044065,11:32:03.138,47.0900,23
41523138080080,11:32:03.138,47.0900,77
41524418767064,11:32:04.418,47.0900,100
41538331218266,11:32:18.331,47.0800,100
41539048406150,11:32:19.048,47.0700,100
41570672205465,11:32:50.672,47.0600,1
41574949008488,11:32:54.949,47.0700,100
41590066675435,11:33:10.066,47.0900,100
41590142901831,11:33:10.142,47.0900,100
41592274114571,11:33:12.274,47.0900,100
41592274114571,11:33:12.274,47.0900,100
41592275298994,11:33:12.275,47.0800,100
41624988063827,11:33:44.988,47.0600,100
41624988063827,11:33:44.988,47.0600,1
41632037837686,11:33:52.037,47.0400,200
41655082055508,11:34:15.082,47.0500,100
41655082061112,11:34:15.082,47.0500,4
41674153080372,11:34:34.153,47.0600,10
41732815729683,11:35:32.815,47.1000,100
41732815729683,11:35:32.815,47.1000,26
41732815729683,11:35:32.815,47.1000,100
41732816209911,11:35:32.816,47.0900,26
41732816957180,11:35:32.816,47.1000,100
41732817460582,11:35:32.817,47.0900,100
41733028631530,11:35:33.028,47.1000,14
41733028631530,11:35:33.028,47.1000,86
41771166037139,11:36:11.166,47.1000,100
41771166038467,11:36:11.166,47.1000,100
41771166039063,11:36:11.166,47.1000,100
41771166066948,11:36:11.166,47.1000,14
41784654696025,11:36:24.654,47.1000,100
41784661414507,11:36:24.661,47.0900,100
41791511127909,11:36:31.511,47.0700,100
41791511127909,11:36:31.511,47.0700,12
41791511157177,11:36:31.511,47.0700,88
41791511159636,11:36:31.511,47.0700,88
41791511179106,11:36:31.511,47.0700,12
41793830769007,11:36:33.830,47.0600,100
41808703254183,11:36:48.703,47.0600,100
41810663033284,11:36:50.663,47.0600,100
41810663034892,11:36:50.663,47.0600,100
41810663062299,11:36:50.663,47.0600,6
41828752496397,11:37:08.752,47.0700,100
41831264026356,11:37:11.264,47.0800,100
41873422384159,11:37:53.422,47.1000,48
41876745937082,11:37:56.745,47.0900,1
41884603973374,11:38:04.603,47.1050,2
41884603973374,11:38:04.603,47.1050,1
41884603973374,11:38:04.603,47.1050,2
41884603973374,11:38:04.603,47.1050,2
41884603973374,11:38:04.603,47.1050,2
41884603973374,11:38:04.603,47.1100,2
41884603973374,11:38:04.603,47.1100,89
41888049026012,11:38:08.049,47.1000,75
41888049026012,11:38:08.049,47.1000,100
41891968429846,11:38:11.968,47.0900,100
41901149225527,11:38:21.149,47.0900,100
41901149261555,11:38:21.149,47.0900,6
41945733207934,11:39:05.733,47.1000,1
41948574951631,11:39:08.574,47.0900,1
41948574951631,11:39:08.574,47.0900,100
41948657620034,11:39:08.657,47.0800,100
41956279579252,11:39:16.279,47.0600,2
41956279582784,11:39:16.279,47.0600,1
41956279584703,11:39:16.279,47.0600,1
41956279590964,11:39:16.279,47.0600,5
41956279595507,11:39:16.279,47.0600,4
41956279597698,11:39:16.279,47.0600,2
42017418320289,11:40:17.418,47.0800,2
42017418320289,11:40:17.418,47.0800,6
42017418320289,11:40:17.418,47.0800,92
42017418352782,11:40:17.418,47.0800,8
42017418352782,11:40:17.418,47.0800,100
42017419840762,11:40:17.419,47.0900,100
42017419843292,11:40:17.419,47.0900,100
42021198870910,11:40:21.198,47.1000,5
42021198901329,11:40:21.198,47.1000,95
42021198901329,11:40:21.198,47.1000,100
42054392841477,11:40:54.392,47.1100,100
42054691893463,11:40:54.691,47.1100,30
42076142403035,11:41:16.142,47.1100,100
42076142403035,11:41:16.142,47.1100,100
42098227687547,11:41:38.227,47.0900,2
42113645975703,11:41:53.645,47.1000,12
42117453224973,11:41:57.453,47.1000,100
42117453224973,11:41:57.453,47.1000,100
42117453224973,11:41:57.453,47.1000,70
42120027269108,11:42:00.027,47.1300,25
42120576435500,11:42:00.576,47.1300,75
42121454228224,11:42:01.454,47.1400,100
42121454228224,11:42:01.454,47.1400,100
42121454228224,11:42:01.454,47.1400,100
42121561703002,11:42:01.561,47.1200,15
42121561880890,11:42:01.561,47.1200,15
42121561906382,11:42:01.561,47.1200,70
42124087256504,11:42:04.087,47.1500,200
42124087256504,11:42:04.087,47.1500,6
42124087304245,11:42:04.087,47.1500,6
42124087363853,11:42:04.087,47.1500,94
42127517864320,11:42:07.517,47.1600,200
42127517864320,11:42:07.517,47.1600,23
42127517864320,11:42:07.517,47.1600,107
42131491894750,11:42:11.491,47.1700,100
42131491894750,11:42:11.491,47.1700,7
42134657648062,11:42:14.657,47.1800,200
42134657648062,11:42:14.657,47.1800,23
42142685651794,11:42:22.685,47.1700,1
42142685651794,11:42:22.685,47.1700,100
42142685651794,11:42:22.685,47.1700,99
42142685680348,11:42:22.685,47.1700,1
42142685680348,11:42:22.685,47.1700,1
42142715172060,11:42:22.715,47.1500,4
42142715172060,11:42:22.715,47.1500,100
42142715614024,11:42:22.715,47.1500,100
42142715614024,11:42:22.715,47.1500,162
42142715666068,11:42:22.715,47.1500,28
42142715666068,11:42:22.715,47.1500,23
42142716306042,11:42:22.716,47.1500,100
42142716306042,11:42:22.716,47.1500,51
42142716306042,11:42:22.716,47.1500,45
42142716333745,11:42:22.716,47.1500,55
42142716333745,11:42:22.716,47.1500,100
42142720482237,11:42:22.720,47.1500,190
42142720482237,11:42:22.720,47.1500,10
42142720523531,11:42:22.720,47.1500,13
42142731120114,11:42:22.731,47.1500,13
42142731120114,11:42:22.731,47.1500,100
42142746935374,11:42:22.746,47.1400,100
42142746935374,11:42:22.746,47.1400,100
42142747345559,11:42:22.747,47.1400,100
42142747380610,11:42:22.747,47.1400,23
42142748133967,11:42:22.748,47.1400,100
42142748133967,11:42:22.748,47.1400,100
42142748133967,11:42:22.748,47.1400,87
42142750450236,11:42:22.750,47.1400,100
42162538108499,11:42:42.538,47.1200,52
42164673734818,11:42:44.673,47.1200,100
42164673734818,11:42:44.673,47.1200,7
42195259310622,11:43:15.259,47.1400,3
42195259310622,11:43:15.259,47.1400,100
42199336223952,11:43:19.336,47.1600,99
42199336236905,11:43:19.336,47.1600,1
42218690891759,11:43:38.690,47.1800,100
42230104939776,11:43:50.104,47.2100,100
42251405767475,11:44:11.405,47.2000,5
42263876001032,11:44:23.876,47.2000,200
42264627897641,11:44:24.627,47.2000,100
42264627897641,11:44:24.627,47.2000,100
42264627897641,11:44:24.627,47.2000,100
42270232952331,11:44:30.232,47.2000,100
42275436934834,11:44:35.436,47.2000,100
42275438055081,11:44:35.438,47.2000,100
42275438118126,11:44:35.438,47.2000,100
42277790374195,11:44:37.790,47.1900,100
42277791028602,11:44:37.791,47.1900,100
42277791062472,11:44:37.791,47.1900,82
42277791704127,11:44:37.791,47.1900,100
42277791704127,11:44:37.791,47.1900,18
42277791751824,11:44:37.791,47.1900,5
42277792039917,11:44:37.792,47.1900,100
42280610672515,11:44:40.610,47.1700,100
42292495424574,11:44:52.495,47.1700,7
42293830915562,11:44:53.830,47.1800,100
42293830915562,11:44:53.830,47.1800,100
42305122676207,11:45:05.122,47.2000,300
42308353197001,11:45:08.353,47.2000,100
42308353197001,11:45:08.353,47.2000,51
42308353229988,11:45:08.353,47.2000,49
42323241337474,11:45:23.241,47.1800,100
42323241337474,11:45:23.241,47.1800,100
42331096740814,11:45:31.096,47.1800,50
42339616950921,11:45:39.616,47.1600,100
42345286368830,11:45:45.286,47.1200,14
42345287259159,11:45:45.287,47.1200,16
42345287812734,11:45:45.287,47.1100,5
42361629842608,11:46:01.629,47.1400,100
42393846855702,11:46:33.846,47.1500,100
42422452072398,11:47:02.452,47.1600,100
42422452072398,11:47:02.452,47.1600,14
42422452084518,11:47:02.452,47.1600,86
42441901586126,11:47:21.901,47.1800,100
42441901586126,11:47:21.901,47.1800,9
42441916768320,11:47:21.916,47.1900,100
42476503748950,11:47:56.503,47.1800,100
42476504844460,11:47:56.504,47.1700,1
42476504871215,11:47:56.504,47.1700,99
42476504871215,11:47:56.504,47.1700,100
42476504871215,11:47:56.504,47.1700,100
42476504871215,11:47:56.504,47.1700,100
42480006545964,11:48:00.006,47.1700,1
42491154056902,11:48:11.154,47.1600,100
42498117337820,11:48:18.117,47.1400,5
42498117337820,11:48:18.117,47.1400,95
42498117372719,11:48:18.117,47.1400,5
42508118804459,11:48:28.118,47.1400,100
42508118804459,11:48:28.118,47.1400,13
42524454715504,11:48:44.454,47.1600,100
42531782283972,11:48:51.782,47.1650,100
42531782603696,11:48:51.782,47.1700,100
42542235504281,11:49:02.235,47.2000,98
42559510906280,11:49:19.510,47.2200,1
42559510906280,11:49:19.510,47.2200,1
42559511178230,11:49:19.511,47.2100,100
42559511178230,11:49:19.511,47.2100,100
42559511178230,11:49:19.511,47.2100,100
42562506401042,11:49:22.506,47.2000,34
42569600188104,11:49:29.600,47.2100,108
42597710609169,11:49:57.710,47.2300,100
42609565132092,11:50:09.565,47.2300,95
42609565157750,11:50:09.565,47.2300,5
42609565157750,11:50:09.565,47.2300,100
42609565157750,11:50:09.565,47.2300,100
42609565573810,11:50:09.565,47.2200,100
42609565573810,11:50:09.565,47.2200,100
42609565573810,11:50:09.565,47.2200,100
42612885003165,11:50:12.885,47.2100,100
42612887470246,11:50:12.887,47.2000,44
42612887494046,11:50:12.887,47.2000,56
42612887494046,11:50:12.887,47.2000,100
42628665027384,11:50:28.665,47.1650,100
42629275018008,11:50:29.275,47.1650,100
42629310119864,11:50:29.310,47.1700,2
42629310119864,11:50:29.310,47.1700,100
42631362326747,11:50:31.362,47.1700,1
42631362326747,11:50:31.362,47.1700,1
42663291307671,11:51:03.291,47.1700,2
42672815281121,11:51:12.815,47.1700,7
42672815281121,11:51:12.815,47.1700,100
42672815281121,11:51:12.815,47.1700,100
42674584635044,11:51:14.584,47.1600,6
42674584662080,11:51:14.584,47.1600,94
42674584662080,11:51:14.584,47.1600,100
42677784768429,11:51:17.784,47.1400,100
42677784768429,11:51:17.784,47.1400,100
42684362152704,11:51:24.362,47.1500,14
42692556381153,11:51:32.556,47.1600,100
42697078739869,11:51:37.078,47.1700,100
42729492374298,11:52:09.492,47.1600,100
42729492374298,11:52:09.492,47.1600,9
42729492374298,11:52:09.492,47.1600,100
42729492375944,11:52:09.492,47.1600,5
42729492933376,11:52:09.492,47.1600,3
42729497253080,11:52:09.497,47.1400,4
42729497278830,11:52:09.497,47.1400,96
42729497782853,11:52:09.497,47.1350,3
42729514576973,11:52:09.514,47.1400,97
42729514576973,11:52:09.514,47.1300,703
42729514649856,11:52:09.514,47.1300,97
42729517176496,11:52:09.517,47.1200,42
42729539687210,11:52:09.539,47.1200,100
42729539687210,11:52:09.539,47.1200,100
42748030500196,11:52:28.030,47.1000,100
42748030500196,11:52:28.030,47.1000,47
42749029605581,11:52:29.029,47.0900,3
42750458814269,11:52:30.458,47.0900,200
42773160196680,11:52:53.160,47.1000,12
42773160196680,11:52:53.160,47.1000,100
42773160196680,11:52:53.160,47.1000,88
42773160242408,11:52:53.160,47.1000,12
42773160242408,11:52:53.160,47.1000,100
42778600050287,11:52:58.600,47.1200,100
42793515013494,11:53:13.515,47.1600,2
42802024289397,11:53:22.024,47.1600,1
42803839333855,11:53:23.839,47.1600,100
42808373023952,11:53:28.373,47.1600,100
42848137681946,11:54:08.137,47.1900,1
42850416497618,11:54:10.416,47.1800,100
42883997628614,11:54:43.997,47.1800,100
42886827102155,11:54:46.827,47.1700,100
42890107012753,11:54:50.107,47.1600,100
42890107012753,11:54:50.107,47.1600,100
42890107012753,11:54:50.107,47.1600,100
42900498885695,11:55:00.498,47.1400,9
42900498885695,11:55:00.498,47.1400,100
42900502858546,11:55:00.502,47.1500,100
42900502858546,11:55:00.502,47.1500,9
42900502858546,11:55:00.502,47.1500,11
42901498964431,11:55:01.498,47.1500,107
42901498964431,11:55:01.498,47.1500,100
42902500685957,11:55:02.500,47.1600,77
42906602447334,11:55:06.602,47.1500,100
42906602488952,11:55:06.602,47.1500,7
42912075436768,11:55:12.075,47.1500,1
42912547884682,11:55:12.547,47.1300,100
42925223308240,11:55:25.223,47.1300,1
42925223323403,11:55:25.223,47.1300,2
42928823294206,11:55:28.823,47.1300,120
42934411375529,11:55:34.411,47.1200,100
42934411375529,11:55:34.411,47.1200,100
42934912847099,11:55:34.912,47.1100,100
42934912875044,11:55:34.912,47.1100,120
42939874197951,11:55:39.874,47.1100,5
42950796456694,11:55:50.796,47.1300,120
42955295721599,11:55:55.295,47.1300,100
42976070208795,11:56:16.070,47.1300,7
42976070208795,11:56:16.070,47.1300,120
42976124578960,11:56:16.124,47.1400,3
42976124581589,11:56:16.124,47.1400,2
42976124584297,11:56:16.124,47.1400,2
42976124584800,11:56:16.124,47.1400,3
42976124586030,11:56:16.124,47.1400,2
42976124587450,11:56:16.124,47.1400,3
42977909533771,11:56:17.909,47.1400,98
42977909561201,11:56:17.909,47.1400,2
42977933319179,11:56:17.933,47.1400,100
42978236114119,11:56:18.236,47.1600,100
