timestamp,time,price,volume
33277492180502,09:14:37.492,76.9400,100
34080003485474,09:28:00.003,76.9200,200
34080058871949,09:28:00.058,76.9200,200
34081001804086,09:28:01.001,76.9700,200
34200195249711,09:30:00.195,0.0000,0
34201238586469,09:30:01.238,76.9200,100
34219055765059,09:30:19.055,76.7900,100
34219056633138,09:30:19.056,76.7900,19
34221466835548,09:30:21.466,76.7400,100
34221467078851,09:30:21.467,76.6900,100
34222557475377,09:30:22.557,76.6300,100
34222557552814,09:30:22.557,76.6600,100
34230738982193,09:30:30.738,76.6800,100
34230739400753,09:30:30.739,76.6800,100
34230739400753,09:30:30.739,76.6800,100
34230739455595,09:30:30.739,76.6700,200
34230739825880,09:30:30.739,76.6700,19
34230739850516,09:30:30.739,76.6700,263
34230767827650,09:30:30.767,76.6700,100
34230767915188,09:30:30.767,76.6700,100
34231079732357,09:30:31.079,76.6700,100
34233113327196,09:30:33.113,76.6200,100
34244967418261,09:30:44.967,76.5600,100
34244967418261,09:30:44.967,76.5600,100
34244973247075,09:30:44.973,76.5700,100
34244973257804,09:30:44.973,76.5700,100
34244973552881,09:30:44.973,76.5700,100
34244973555526,09:30:44.973,76.5700,100
34244973578624,09:30:44.973,76.5700,100
34244978955177,09:30:44.978,76.5700,100
34244979055660,09:30:44.979,76.5700,50
34244979654648,09:30:44.979,76.5700,50
34244979654648,09:30:44.979,76.5700,100
34244979654648,09:30:44.979,76.5700,300
34261684349895,09:31:01.684,76.4600,100
34261685632662,09:31:01.685,76.4600,100
34261686736416,09:31:01.686,76.4600,10
34278009528472,09:31:18.009,76.4000,100
34278010524807,09:31:18.010,76.4000,100
34282112995346,09:31:22.112,76.4300,66
34286470965936,09:31:26.470,76.4400,100
34286471649504,09:31:26.471,76.4400,100
34286471996159,09:31:26.471,76.4400,100
34286473744966,09:31:26.473,76.4400,100
34286475493027,09:31:26.475,76.4400,100
34286477372401,09:31:26.477,76.4400,66
34286477382156,09:31:26.477,76.4400,34
34286479205526,09:31:26.479,76.4400,34
34286743239793,09:31:26.743,76.4400,100
34286744215773,09:31:26.744,76.4400,66
34286744215773,09:31:26.744,76.4400,34
34291513562804,09:31:31.513,76.4800,66
34291513562804,09:31:31.513,76.4800,34
34291514566840,09:31:31.514,76.4800,34
34291514566840,09:31:31.514,76.4800,66
34291516305464,09:31:31.516,76.4800,66
34291516396171,09:31:31.516,76.4800,34
34291555526647,09:31:31.555,76.4600,19
34291555552314,09:31:31.555,76.4600,47
34298030788889,09:31:38.030,76.4000,66
34320176646448,09:32:00.176,76.4400,100
34320176646448,09:32:00.176,76.4400,10
34320177689812,09:32:00.177,76.4400,100
34320217526686,09:32:00.217,76.4400,100
34326822216707,09:32:06.822,76.4400,100
34326823235251,09:32:06.823,76.4400,100
34327250013296,09:32:07.250,76.4400,100
34334293246476,09:32:14.293,76.3000,100
34334295125356,09:32:14.295,76.3100,33
34334315146951,09:32:14.315,76.2600,200
34334315324559,09:32:14.315,76.2600,100
34348014440753,09:32:28.014,76.3200,100
34348015471061,09:32:28.015,76.3200,100
34348015599465,09:32:28.015,76.3600,100
34348016106164,09:32:28.016,76.3700,100
34348016462296,09:32:28.016,76.3700,100
34348017308788,09:32:28.017,76.3200,100
34400476356135,09:33:20.476,76.2900,100
34400476356135,09:33:20.476,76.3100,100
34400476356135,09:33:20.476,76.3100,100
34400476356135,09:33:20.476,76.3200,100
34400476356135,09:33:20.476,76.3200,100
34400476356135,09:33:20.476,76.3200,400
34400476356135,09:33:20.476,76.3200,600
34400476418340,09:33:20.476,76.2700,100
34400476446361,09:33:20.476,76.2900,100
34400479293881,09:33:20.479,76.3200,100
34400479293881,09:33:20.479,76.3200,100
34400479293881,09:33:20.479,76.3200,100
34400519439026,09:33:20.519,76.2600,22
34400519463728,09:33:20.519,76.2600,78
34400519578212,09:33:20.519,76.2600,100
34400565491697,09:33:20.565,76.2800,100
34400566466166,09:33:20.566,76.2800,100
34400568110599,09:33:20.568,76.2800,100
34400570029112,09:33:20.570,76.2800,66
34400570032204,09:33:20.570,76.2800,34
34400571732852,09:33:20.571,76.2800,34
34400571923019,09:33:20.571,76.2800,31
34400571930585,09:33:20.571,76.2800,3
34400572131025,09:33:20.572,76.2800,32
34436530202159,09:33:56.530,76.1400,100
34441875209081,09:34:01.875,76.0500,40
34441876291360,09:34:01.876,76.0500,26
34450128076885,09:34:10.128,76.1100,100
34450128103648,09:34:10.128,76.1100,100
34450561252105,09:34:10.561,76.1200,66
34450561252105,09:34:10.561,76.1200,34
34450562319938,09:34:10.562,76.1200,34
34450563175839,09:34:10.563,76.1200,66
34451528617499,09:34:11.528,76.1500,200
34451528637915,09:34:11.528,76.1500,100
34451528640191,09:34:11.528,76.1500,100
34451529025434,09:34:11.529,76.1600,34
34451529025434,09:34:11.529,76.1600,31
34451529025434,09:34:11.529,76.1600,35
34451529444222,09:34:11.529,76.1800,100
34451529460900,09:34:11.529,76.1800,100
34451529891661,09:34:11.529,76.2000,100
34451530845718,09:34:11.530,76.1700,3
34451659172906,09:34:11.659,76.2200,100
34451659275590,09:34:11.659,76.2200,100
34451659309114,09:34:11.659,76.2200,100
34451660268172,09:34:11.660,76.2000,100
34451696044310,09:34:11.696,76.2200,100
34453030352823,09:34:13.030,76.2900,100
34453091416683,09:34:13.091,76.2900,66
34453091440420,09:34:13.091,76.2900,34
34466270210629,09:34:26.270,76.3550,100
34471732465209,09:34:31.732,76.4900,100
34472667765880,09:34:32.667,76.4100,68
34472667882927,09:34:32.667,76.4100,30
34493042804229,09:34:53.042,76.5200,100
34517140515905,09:35:17.140,76.5200,100
34517141131706,09:35:17.141,76.5200,19
34566123628305,09:36:06.123,76.5400,75
34573368163482,09:36:13.368,76.6000,100
34583624934032,09:36:23.624,76.6000,100
34633489734812,09:37:13.489,76.6100,100
34633493735865,09:37:13.493,76.6400,100
34633493735865,09:37:13.493,76.6500,100
34633586824587,09:37:13.586,76.6900,100
34633586849455,09:37:13.586,76.6900,100
34633649196589,09:37:13.649,76.6700,100
34641317819703,09:37:21.317,76.7800,100
34641319353092,09:37:21.319,76.8000,66
34678710634891,09:37:58.710,76.8000,5
34678710634891,09:37:58.710,76.8000,95
34678710836336,09:37:58.710,76.8000,5
34678710859474,09:37:58.710,76.8000,5
34691566588305,09:38:11.566,76.8100,100
34728326052612,09:38:48.326,76.9900,65
34728326518846,09:38:48.326,77.0000,65
34739541712267,09:38:59.541,76.9700,100
34756302103480,09:39:16.302,76.9700,140
34756302519878,09:39:16.302,76.9700,60
34756302570615,09:39:16.302,76.9400,100
34756302570615,09:39:16.302,76.9200,10
34756304711356,09:39:16.304,76.9300,99
34756356658664,09:39:16.356,76.9300,1
34756356658664,09:39:16.356,76.9300,99
34756461744533,09:39:16.461,76.9400,100
34760710866210,09:39:20.710,76.8600,6
34762008552208,09:39:22.008,76.8600,94
34767039884221,09:39:27.039,76.7800,100
34767039884221,09:39:27.039,76.7700,100
34767039884221,09:39:27.039,76.7600,100
34767039884221,09:39:27.039,76.7600,100
34767039884221,09:39:27.039,76.7600,100
34767041340249,09:39:27.041,76.7700,100
34767041402562,09:39:27.041,76.7700,100
34781043991320,09:39:41.043,76.6800,100
34781043991320,09:39:41.043,76.6700,100
34781043991320,09:39:41.043,76.6700,200
34781044085123,09:39:41.044,76.7100,100
34797278494805,09:39:57.278,76.8600,100
34797278523465,09:39:57.278,76.8600,100
34797278742252,09:39:57.278,76.8700,100
34797278772395,09:39:57.278,76.8700,100
34797278774290,09:39:57.278,76.8700,100
34797278774802,09:39:57.278,76.8700,100
34797279341006,09:39:57.279,76.8700,93
34797279365148,09:39:57.279,76.8700,107
34800150095804,09:40:00.150,77.0700,100
34800150116489,09:40:00.150,77.0700,100
34800151649856,09:40:00.151,77.0500,44
34800151673899,09:40:00.151,77.0500,56
34800152002640,09:40:00.152,77.0700,100
34800152952597,09:40:00.152,77.0700,100
34800174755073,09:40:00.174,77.0500,66
34800854051279,09:40:00.854,77.0700,100
34803665992939,09:40:03.665,77.0700,100
34803666436397,09:40:03.666,77.0700,100
34803666533985,09:40:03.666,77.0700,100
34803667315118,09:40:03.667,77.0600,100
34811978882095,09:40:11.978,77.0300,100
34818948538363,09:40:18.948,77.0000,400
34818948576452,09:40:18.948,77.0000,100
34818951419453,09:40:18.951,77.0000,200
34830886625255,09:40:30.886,77.0200,100
34852915670578,09:40:52.915,77.0000,100
34852915670578,09:40:52.915,76.9500,100
34861261479218,09:41:01.261,76.9400,200
34861261897228,09:41:01.261,76.9200,89
34861261915633,09:41:01.261,76.9200,73
34861261917586,09:41:01.261,76.9200,38
34864684629539,09:41:04.684,76.8900,200
34864684653699,09:41:04.684,76.8900,80
34892942472815,09:41:32.942,76.8800,100
34892963382124,09:41:32.963,76.8200,60
34985945769795,09:43:05.945,76.7800,100
35034850308081,09:43:54.850,76.7900,100
35084871090896,09:44:44.871,76.6500,100
35084871090896,09:44:44.871,76.6800,100
35092487215124,09:44:52.487,76.7000,100
35092488227012,09:44:52.488,76.7300,100
35092606076555,09:44:52.606,76.6800,100
35117229902868,09:45:17.229,76.7700,100
35117230097250,09:45:17.230,76.7800,100
35117230578568,09:45:17.230,76.7800,70
35136616245169,09:45:36.616,76.7500,30
35185533372262,09:46:25.533,76.7000,200
35185533481492,09:46:25.533,76.6800,100
35189901927944,09:46:29.901,76.7000,100
35231919362276,09:47:11.919,76.6500,100
35243309118937,09:47:23.309,76.6100,100
35243309813511,09:47:23.309,76.6100,73
35243309827804,09:47:23.309,76.6100,27
35243309838955,09:47:23.309,76.6100,27
35243309840178,09:47:23.309,76.6100,27
35243309842833,09:47:23.309,76.6100,27
35243310055177,09:47:23.310,76.6100,19
35303117718212,09:48:23.117,76.5600,82
35334169468478,09:48:54.169,76.5200,100
35349196583744,09:49:09.196,76.5200,100
35349197542615,09:49:09.197,76.5400,30
35349198111541,09:49:09.198,76.5400,10
35352377125501,09:49:12.377,76.5200,100
35352377220183,09:49:12.377,76.5200,50
35352377232860,09:49:12.377,76.5200,50
35352377232860,09:49:12.377,76.5200,50
35352377249387,09:49:12.377,76.5200,50
35352377253083,09:49:12.377,76.5200,100
35352377270337,09:49:12.377,76.5200,50
35352377406375,09:49:12.377,76.5200,100
35353171723754,09:49:13.171,76.5200,100
35353316656069,09:49:13.316,76.5200,100
35353316761203,09:49:13.316,76.5200,50
35353320683543,09:49:13.320,76.5600,50
35353321587049,09:49:13.321,76.5700,50
35353357775965,09:49:13.357,76.5100,100
35379999279855,09:49:39.999,76.5000,30
35379999279855,09:49:39.999,76.4800,100
35379999279855,09:49:39.999,76.4800,70
35379999306048,09:49:39.999,76.4800,30
35379999754151,09:49:39.999,76.4800,100
35384818919994,09:49:44.818,76.4100,100
35384818919994,09:49:44.818,76.4100,100
35469217998333,09:51:09.217,76.6300,100
35469218251685,09:51:09.218,76.6300,100
35469219723331,09:51:09.219,76.6200,5
35469227535370,09:51:09.227,76.6700,100
35469322028042,09:51:09.322,76.6800,100
35479466734531,09:51:19.466,76.7000,100
35533784526578,09:52:13.784,76.6800,100
35624386455965,09:53:44.386,76.7500,100
35624651183448,09:53:44.651,76.7800,100
35624651319991,09:53:44.651,76.7400,100
35624651651285,09:53:44.651,76.7800,100
35624651651285,09:53:44.651,76.7800,100
35624652204148,09:53:44.652,76.7900,200
35625327189564,09:53:45.327,76.8000,100
35668831907549,09:54:28.831,76.8800,13
35700024499747,09:55:00.024,76.9000,100
35703839056169,09:55:03.839,76.9600,100
35703839612366,09:55:03.839,76.9300,100
35703839612366,09:55:03.839,76.9300,100
35704325225543,09:55:04.325,76.9600,100
35715020007726,09:55:15.020,76.9300,100
35747641313725,09:55:47.641,76.8600,91
35747641323441,09:55:47.641,76.8600,9
35747641324094,09:55:47.641,76.8600,9
35747641824878,09:55:47.641,76.8600,91
35756304048710,09:55:56.304,76.8500,100
35787220301492,09:56:27.220,76.7300,100
35787220301492,09:56:27.220,76.7200,100
35787220327499,09:56:27.220,76.7200,100
35787222438501,09:56:27.222,76.7100,100
35787222438501,09:56:27.222,76.7100,100
35830127315672,09:57:10.127,76.7600,100
35830127315672,09:57:10.127,76.7600,100
35890633255153,09:58:10.633,76.7200,16
35890633501276,09:58:10.633,76.7200,84
35914007606194,09:58:34.007,76.6600,100
35914007606194,09:58:34.007,76.6600,100
35915914569977,09:58:35.914,76.6500,100
35915914569977,09:58:35.914,76.6500,100
35977325250097,09:59:37.325,76.6400,200
35977325250097,09:59:37.325,76.6500,60
35977325278094,09:59:37.325,76.6500,100
35977325278094,09:59:37.325,76.6500,100
35977325846389,09:59:37.325,76.6700,100
35977326119487,09:59:37.326,76.6700,100
35977326583337,09:59:37.326,76.6700,100
35977330563435,09:59:37.330,76.6700,100
35977330679015,09:59:37.330,76.6700,60
35977330725254,09:59:37.330,76.6700,40
35977537722270,09:59:37.537,76.6700,100
36091107128873,10:01:31.107,76.7400,100
36091107128873,10:01:31.107,76.7400,500
36091109270417,10:01:31.109,76.7800,100
36091109914218,10:01:31.109,76.7900,100
36091109914218,10:01:31.109,76.7900,100
36091112264264,10:01:31.112,76.7900,100
36091112264264,10:01:31.112,76.7900,100
36091595007175,10:01:31.595,76.8200,100
36091595007175,10:01:31.595,76.8200,100
36091595007175,10:01:31.595,76.8200,100
36091596130604,10:01:31.596,76.8500,75
36091596130604,10:01:31.596,76.8500,25
36093062800596,10:01:33.062,76.8500,100
36127755045008,10:02:07.755,76.8400,100
36127755045008,10:02:07.755,76.8300,100
36127755071956,10:02:07.755,76.8300,100
36127755071956,10:02:07.755,76.8300,7
36127755512303,10:02:07.755,76.8200,25
36127755675413,10:02:07.755,76.8200,53
36129019768385,10:02:09.019,76.8200,100
36129030030202,10:02:09.030,76.8200,100
36138356656463,10:02:18.356,76.8100,100
36138357088484,10:02:18.357,76.8200,10
36154635502183,10:02:34.635,76.8200,27
36154635518850,10:02:34.635,76.8200,43
36162330091743,10:02:42.330,76.8000,90
36162330115942,10:02:42.330,76.8000,10
36166695546197,10:02:46.695,76.7700,100
36173255916615,10:02:53.255,76.7600,200
36173256021399,10:02:53.256,76.7600,100
36195441960873,10:03:15.441,76.7600,100
36195594390073,10:03:15.594,76.7800,100
36195594390073,10:03:15.594,76.7800,400
36195598085781,10:03:15.598,76.8000,1
36195598777247,10:03:15.598,76.8200,100
36195598777247,10:03:15.598,76.8200,200
36195599098479,10:03:15.599,76.8200,100
36196590387411,10:03:16.590,76.8200,100
36196590438536,10:03:16.590,76.8200,100
36196590907642,10:03:16.590,76.8200,100
36196591219324,10:03:16.591,76.8200,100
36196827035147,10:03:16.827,76.9000,200
36198156196745,10:03:18.156,76.9200,100
36198156302878,10:03:18.156,76.9000,100
36198156302878,10:03:18.156,76.9000,27
36198156659352,10:03:18.156,76.9200,100
36198156667444,10:03:18.156,76.9200,100
36198156695341,10:03:18.156,76.9000,2
36198156720241,10:03:18.156,76.9000,13
36198157314486,10:03:18.157,76.9100,100
36209352278471,10:03:29.352,76.9200,100
36209352317932,10:03:29.352,76.9200,100
36209352363139,10:03:29.352,76.9200,100
36209352644656,10:03:29.352,76.9200,100
36209353492922,10:03:29.353,76.9300,100
36241305023513,10:04:01.305,77.0000,200
36241305053196,10:04:01.305,77.0000,812
36241305056927,10:04:01.305,77.0000,488
36241306346534,10:04:01.306,77.0400,100
36241595820081,10:04:01.595,77.0800,2
36241600027469,10:04:01.600,77.1200,98
36244916928219,10:04:04.916,77.1500,100
36244917299535,10:04:04.917,77.1500,100
36275105197437,10:04:35.105,77.1200,100
36275105508890,10:04:35.105,77.1100,6
36275105508890,10:04:35.105,77.1100,100
36275144982986,10:04:35.144,77.0800,100
36275145464138,10:04:35.145,77.0600,100
36275145464138,10:04:35.145,77.0600,100
36275145885805,10:04:35.145,77.0600,100
36275145909607,10:04:35.145,77.0600,100
36275180840773,10:04:35.180,77.0400,98
36318382187286,10:05:18.382,77.0800,100
36318383991504,10:05:18.383,77.1100,5
36318383991504,10:05:18.383,77.1100,95
36318384066976,10:05:18.384,77.1100,5
36318384089720,10:05:18.384,77.1100,5
36318384823782,10:05:18.384,77.1100,95
36318384823782,10:05:18.384,77.1200,5
36318384826835,10:05:18.384,77.1200,100
36318387070854,10:05:18.387,77.1300,100
36354237159906,10:05:54.237,77.0900,100
36356946125017,10:05:56.946,77.0700,100
36356946175576,10:05:56.946,77.0700,88
36356946203793,10:05:56.946,77.0700,100
36356947272399,10:05:56.947,77.0600,100
36358427847786,10:05:58.427,77.0800,100
36379082124014,10:06:19.082,77.0600,60
36394422247648,10:06:34.422,77.0600,40
36394422247648,10:06:34.422,77.0600,6
36394422247648,10:06:34.422,77.0600,100
36394422605033,10:06:34.422,77.0600,100
36435407670977,10:07:15.407,77.0000,100
36462200608466,10:07:42.200,76.9800,93
36462218284406,10:07:42.218,76.9300,100
36494825356765,10:08:14.825,76.9500,100
36517493936059,10:08:37.493,76.8900,6
36517493936059,10:08:37.493,76.8800,77
36517494788538,10:08:37.494,76.8800,23
36556456027458,10:09:16.456,76.7900,100
36556456051779,10:09:16.456,76.8000,100
36579933947816,10:09:39.933,76.8700,100
36579934023957,10:09:39.934,76.8700,100
36579934523843,10:09:39.934,76.8600,100
36641229604517,10:10:41.229,76.8700,100
36641229604517,10:10:41.229,76.8700,100
36641229604517,10:10:41.229,76.8700,100
36641331527308,10:10:41.331,76.9100,48
36641563438762,10:10:41.563,76.9100,52
36641563438762,10:10:41.563,76.9100,100
36641563717490,10:10:41.563,76.9100,30
36651497220678,10:10:51.497,76.9100,70
36651497220678,10:10:51.497,76.9100,100
36651497317644,10:10:51.497,76.9100,100
36651497317644,10:10:51.497,76.9100,70
36651498047513,10:10:51.498,76.9100,100
36653887589330,10:10:53.887,76.9100,30
36653887589330,10:10:53.887,76.9200,70
36653887669781,10:10:53.887,76.9200,30
36674997106638,10:11:14.997,76.9300,50
36710823079727,10:11:50.823,77.1300,100
36710823391432,10:11:50.823,77.1300,100
36710823641533,10:11:50.823,77.1300,100
36710823731105,10:11:50.823,77.1300,100
36760066196145,10:12:40.066,77.1700,100
36760066367288,10:12:40.066,77.1400,100
36764188835814,10:12:44.188,77.1700,100
36764188860334,10:12:44.188,77.1700,10
36764188861575,10:12:44.188,77.1700,10
36766086379664,10:12:46.086,77.2000,100
36766086521917,10:12:46.086,77.1600,100
36766086690081,10:12:46.086,77.1900,100
36766086690081,10:12:46.086,77.2000,21
36766086700117,10:12:46.086,77.2000,79
36766086700117,10:12:46.086,77.2000,21
36766086700117,10:12:46.086,77.2000,21
36766086717580,10:12:46.086,77.2000,100
36766087384529,10:12:46.087,77.2000,31
36766087386130,10:12:46.087,77.2100,200
36766197076990,10:12:46.197,77.1800,100
36766197076990,10:12:46.197,77.1800,100
36766197076990,10:12:46.197,77.1800,28
36766197124929,10:12:46.197,77.1800,172
36766197124929,10:12:46.197,77.1700,100
36766197124929,10:12:46.197,77.1300,28
36766660843588,10:12:46.660,77.2300,100
36815554951200,10:13:35.554,77.2900,6
36815555018708,10:13:35.555,77.2900,94
36815555018708,10:13:35.555,77.2800,6
36815555079540,10:13:35.555,77.2800,94
36864277224216,10:14:24.277,77.2500,97
36864277250305,10:14:24.277,77.2500,3
36864277250305,10:14:24.277,77.2500,6
36864277259005,10:14:24.277,77.2500,9
36864277456730,10:14:24.277,77.2500,9
36864277530106,10:14:24.277,77.2500,82
36864277704720,10:14:24.277,77.2400,100
36864288727439,10:14:24.288,77.2500,100
36864300151370,10:14:24.300,77.2400,100
36865440397121,10:14:25.440,77.2200,100
36865440397121,10:14:25.440,77.2200,100
36865440397121,10:14:25.440,77.2200,42
36865440423479,10:14:25.440,77.2200,158
36865440423970,10:14:25.440,77.2200,158
36865441164598,10:14:25.441,77.2200,42
36865441210533,10:14:25.441,77.2100,100
36865445408123,10:14:25.445,77.2100,100
36865746348432,10:14:25.746,77.2300,37
36865746735620,10:14:25.746,77.2400,37
36909105247237,10:15:09.105,77.2100,100
36909105618059,10:15:09.105,77.2100,100
36909106582359,10:15:09.106,77.2100,100
36915025272546,10:15:15.025,77.1800,100
36927564195016,10:15:27.564,77.1900,22
36927564217405,10:15:27.564,77.1900,78
36934550565664,10:15:34.550,77.1400,20
36934550579811,10:15:34.550,77.1400,80
37036132676887,10:17:16.132,77.1500,6
37040578082524,10:17:20.578,77.1200,100
37040580979176,10:17:20.580,77.1200,35
37040625379436,10:17:20.625,77.1200,65
37040625379436,10:17:20.625,77.0900,35
37040625794675,10:17:20.625,77.1200,100
37089653709737,10:18:09.653,77.0600,100
37089653709737,10:18:09.653,77.0600,6
37096049243476,10:18:16.049,77.0600,7
37096049243476,10:18:16.049,77.0600,24
37096049479024,10:18:16.049,77.0600,42
37096049488264,10:18:16.049,77.0600,34
37170229907088,10:19:30.229,77.0200,25
37173865143269,10:19:33.865,77.0700,100
37173865143269,10:19:33.865,77.0700,100
37174032942488,10:19:34.032,77.0500,1
37180030908319,10:19:40.030,77.0500,1
37183016927803,10:19:43.016,77.0500,99
37183016927803,10:19:43.016,77.0500,1
37183017248287,10:19:43.017,77.0500,100
37183268854801,10:19:43.268,77.0800,54
37189650502328,10:19:49.650,77.0400,100
37200536417100,10:20:00.536,77.0300,1
37207145565939,10:20:07.145,77.0700,100
37230226631221,10:20:30.226,77.0700,100
37246096563389,10:20:46.096,77.0600,6
37251298454736,10:20:51.298,77.0600,26
37251298454736,10:20:51.298,77.0600,74
37251298911591,10:20:51.298,77.0800,100
37251300578637,10:20:51.300,77.0900,63
37251618676257,10:20:51.618,77.1000,100
37251618677801,10:20:51.618,77.1000,100
37251618719394,10:20:51.618,77.1000,100
37251618743357,10:20:51.618,77.1000,54
37251618887336,10:20:51.618,77.1000,100
37251699905013,10:20:51.699,77.0800,26
37251699905013,10:20:51.699,77.0800,50
37251716394961,10:20:51.716,77.0800,39
37251716394961,10:20:51.716,77.0800,100
37251783005696,10:20:51.783,77.0700,100
37251783118060,10:20:51.783,77.0600,100
37251783731237,10:20:51.783,77.0600,100
37251783731237,10:20:51.783,77.0600,241
37251803811734,10:20:51.803,77.0500,36
37253098982544,10:20:53.098,77.0700,100
37275331841985,10:21:15.331,77.1400,75
37308280850689,10:21:48.280,77.2100,1
37328164682466,10:22:08.164,77.2100,61
37328164712236,10:22:08.164,77.2100,38
37328165698622,10:22:08.165,77.2200,100
37337329492143,10:22:17.329,77.2900,100
37337329492143,10:22:17.329,77.2900,50
37337329492143,10:22:17.329,77.2900,400
37337330455277,10:22:17.330,77.3000,200
37337390327620,10:22:17.390,77.2600,11
37339108935043,10:22:19.108,77.3700,100
37361020529863,10:22:41.020,77.3500,100
37361020529863,10:22:41.020,77.3500,6
37361020559097,10:22:41.020,77.3500,100
37361020559097,10:22:41.020,77.3500,6
37361020559883,10:22:41.020,77.3500,94
37361137807737,10:22:41.137,77.3400,100
37371426829862,10:22:51.426,77.3200,100
37371426829862,10:22:51.426,77.3200,100
37380150896279,10:23:00.150,77.3200,100
37380150916276,10:23:00.150,77.3200,100
37380152002753,10:23:00.152,77.3000,100
37380152811783,10:23:00.152,77.2900,100
37412555180970,10:23:32.555,77.2800,100
37412555180970,10:23:32.555,77.2800,100
37412558629282,10:23:32.558,77.2700,100
37424539553997,10:23:44.539,77.2800,15
37424539553997,10:23:44.539,77.2800,10
37424541025782,10:23:44.541,77.3100,400
37425327395479,10:23:45.327,77.3500,20
37425327756875,10:23:45.327,77.3500,80
37425327756875,10:23:45.327,77.3500,20
37438393867796,10:23:58.393,77.3500,80
37438393867796,10:23:58.393,77.3500,20
37508330167201,10:25:08.330,77.3400,63
37508330190132,10:25:08.330,77.3400,37
37524769753543,10:25:24.769,77.4500,100
37529671851773,10:25:29.671,77.4100,100
37531663995048,10:25:31.663,77.4500,100
37531664085650,10:25:31.664,77.4500,100
37531664226594,10:25:31.664,77.4500,100
37531664605201,10:25:31.664,77.4500,100
37531664821960,10:25:31.664,77.4500,100
37531665133787,10:25:31.665,77.4500,100
37537712354617,10:25:37.712,77.4500,100
37539402585185,10:25:39.402,77.4800,100
37590341530176,10:26:30.341,77.4400,105
37590341569399,10:26:30.341,77.4400,95
37590341569399,10:26:30.341,77.4300,10
37590341584204,10:26:30.341,77.4300,90
37590341584204,10:26:30.341,77.4300,5
37590343071659,10:26:30.343,77.4200,100
37590817158166,10:26:30.817,77.4200,61
37590817289052,10:26:30.817,77.4000,100
37599026154495,10:26:39.026,77.3900,39
37599026167996,10:26:39.026,77.4050,100
37599026167996,10:26:39.026,77.3900,61
37599026167996,10:26:39.026,77.3900,39
37599026198867,10:26:39.026,77.3900,61
37599026232599,10:26:39.026,77.3900,100
37623332623488,10:27:03.332,77.3800,100
37623756788077,10:27:03.756,77.3800,100
37623757046685,10:27:03.757,77.3800,100
37623759157240,10:27:03.759,77.3700,76
37623759170301,10:27:03.759,77.3700,24
37623759181104,10:27:03.759,77.3700,24
37623760915807,10:27:03.760,77.3700,76
37697017827695,10:28:17.017,77.3300,100
37697017827695,10:28:17.017,77.3300,34
37697017855953,10:28:17.017,77.3300,36
37697017855953,10:28:17.017,77.3300,6
37697019569286,10:28:17.019,77.3100,33
37697019581956,10:28:17.019,77.3100,13
37697020045985,10:28:17.020,77.3100,54
37697020501455,10:28:17.020,77.2900,100
37738653003867,10:28:58.653,77.2500,7
37738653029672,10:28:58.653,77.2500,93
37738654226714,10:28:58.654,77.2400,100
37746491757096,10:29:06.491,77.2700,100
37836420015370,10:30:36.420,77.3800,10
37836420015370,10:30:36.420,77.3800,90
37904185605053,10:31:44.185,77.3900,100
37975182513322,10:32:55.182,77.5800,100
37975182814430,10:32:55.182,77.5800,100
37975183044508,10:32:55.183,77.5800,100
37975183136619,10:32:55.183,77.5800,100
38091158940940,10:34:51.158,77.6800,400
38105837480950,10:35:05.837,77.7600,100
38132546750338,10:35:32.546,77.7700,100
38132959056208,10:35:32.959,77.8200,100
38176037697397,10:36:16.037,77.8500,98
38214178056732,10:36:54.178,77.8600,100
38229655157828,10:37:09.655,77.8300,100
38229655157828,10:37:09.655,77.8200,6
38229655184320,10:37:09.655,77.8200,94
38229655184320,10:37:09.655,77.8200,6
38229656701772,10:37:09.656,77.8000,100
38229657179424,10:37:09.657,77.8000,100
38334662776838,10:38:54.662,78.0600,7
38429728005102,10:40:29.728,78.0850,100
38430266003860,10:40:30.266,78.0850,100
38430766004848,10:40:30.766,78.0850,100
38432251009018,10:40:32.251,78.0850,100
38432751011831,10:40:32.751,78.0850,100
38438086022239,10:40:38.086,78.0850,100
38451861128056,10:40:51.861,78.0600,93
38451861906276,10:40:51.861,78.0500,4
38451861906276,10:40:51.861,78.0500,100
38451861906276,10:40:51.861,78.0500,4
38451861906276,10:40:51.861,78.0500,100
38453871301070,10:40:53.871,78.0200,100
38453871344753,10:40:53.871,78.0200,100
38453871377122,10:40:53.871,78.0200,100
38457897704604,10:40:57.897,78.0000,72
38457897728705,10:40:57.897,78.0000,28
38457897729961,10:40:57.897,78.0000,28
38467491286708,10:41:07.491,78.0000,22
38467491350690,10:41:07.491,78.0000,78
38467491842201,10:41:07.491,78.0000,72
38467492055984,10:41:07.492,78.0000,100
38467492072588,10:41:07.492,77.9900,40
38467492081190,10:41:07.492,77.9900,60
38467492084340,10:41:07.492,77.9900,99
38467492097150,10:41:07.492,77.9900,60
38467492334260,10:41:07.492,77.9900,41
38467492334260,10:41:07.492,77.9900,59
38467494240622,10:41:07.494,77.9900,41
38467494755669,10:41:07.494,77.9800,100
38467494816213,10:41:07.494,77.9800,100
38467494890369,10:41:07.494,77.9800,47
38467494914622,10:41:07.494,77.9800,53
38467495251156,10:41:07.495,77.9800,47
38467495251156,10:41:07.495,77.9700,53
38467553753853,10:41:07.553,77.9700,47
38467989964671,10:41:07.989,78.0300,100
38467989964671,10:41:07.989,78.0500,200
38469664932594,10:41:09.664,78.0500,100
38469673013930,10:41:09.673,78.0600,41
38469673441235,10:41:09.673,78.0600,18
38469673472404,10:41:09.673,78.0600,23
38469674161326,10:41:09.674,78.0600,18
38469675277166,10:41:09.675,78.0600,100
38477845903421,10:41:17.845,78.0850,100
38477845955445,10:41:17.845,78.1100,100
38477845955445,10:41:17.845,78.1100,100
38477846940298,10:41:17.846,78.1200,100
38477847865645,10:41:17.847,78.1200,100
38477847925516,10:41:17.847,78.1200,100
38477847982523,10:41:17.847,78.1300,100
38539381186824,10:42:19.381,78.0900,11
38539381203744,10:42:19.381,78.0900,89
38539381203744,10:42:19.381,78.0900,4
38539381203744,10:42:19.381,78.0900,107
38539381213332,10:42:19.381,78.0900,93
38539381214074,10:42:19.381,78.0900,100
38539382095948,10:42:19.382,78.0800,100
38539382095948,10:42:19.382,78.0800,100
38539912777109,10:42:19.912,78.0800,100
38539912874341,10:42:19.912,78.0800,100
38539912933915,10:42:19.912,78.0700,100
38578623331394,10:42:58.623,78.1000,100
38590581770589,10:43:10.581,78.1700,40
38638072334385,10:43:58.072,78.1800,100
38682397705201,10:44:42.397,78.3600,100
38715066201957,10:45:15.066,78.3600,100
38751725413082,10:45:51.725,78.3600,100
38776610425588,10:46:16.610,78.4200,71
38776610448686,10:46:16.610,78.4200,29
38862749806477,10:47:42.749,78.4200,100
38901151596162,10:48:21.151,78.3700,3
38901151596162,10:48:21.151,78.3700,46
38901151597050,10:48:21.151,78.3700,14
38901151624203,10:48:21.151,78.3700,40
38901151896221,10:48:21.151,78.3600,41
38901151898225,10:48:21.151,78.3600,59
38901151898225,10:48:21.151,78.3600,4
38901152060670,10:48:21.152,78.3600,96
38901152060670,10:48:21.152,78.3600,4
38925035714761,10:48:45.035,78.3500,100
38929778581903,10:48:49.778,78.3200,100
39008872862507,10:50:08.872,78.2100,4
39036499255549,10:50:36.499,78.1900,50
39036499269213,10:50:36.499,78.1900,50
39107009533958,10:51:47.009,78.2000,100
39107009533958,10:51:47.009,78.2000,42
39107009559856,10:51:47.009,78.2000,58
39107009559856,10:51:47.009,78.2000,100
39142192863453,10:52:22.192,78.1800,17
39191220657147,10:53:11.220,78.1800,40
39191220658704,10:53:11.220,78.1800,60
39191232004031,10:53:11.232,78.1700,100
39200404270624,10:53:20.404,78.1400,4
39261703743029,10:54:21.703,78.1000,100
39261752154133,10:54:21.752,78.0900,4
39261752189466,10:54:21.752,78.0900,100
39261752642148,10:54:21.752,78.0900,10
39261834107870,10:54:21.834,78.0900,53
39261851236701,10:54:21.851,78.0900,47
39261851236701,10:54:21.851,78.0900,53
39261853995712,10:54:21.853,78.0800,31
39261854706505,10:54:21.854,78.0800,69
39261951694508,10:54:21.951,78.0600,100
39262001110101,10:54:22.001,78.0500,100
39262101818342,10:54:22.101,78.0100,100
39262150979922,10:54:22.150,78.0000,100
39308084368743,10:55:08.084,78.0100,68
39308084398598,10:55:08.084,78.0000,100
39308084398598,10:55:08.084,78.0100,32
39308084398598,10:55:08.084,78.0200,100
39308084398598,10:55:08.084,78.0200,68
39308084432456,10:55:08.084,78.0200,32
39308084432456,10:55:08.084,78.0200,100
39308084598190,10:55:08.084,78.0200,12
39308084625309,10:55:08.084,78.0200,88
39308084771401,10:55:08.084,78.0200,100
39308084791299,10:55:08.084,78.0200,155
39308114368449,10:55:08.114,78.0100,100
39332850631920,10:55:32.850,78.0000,100
39332850639482,10:55:32.850,78.0000,100
39332850641333,10:55:32.850,78.0200,100
39332850643079,10:55:32.850,78.0200,100
39332850664379,10:55:32.850,78.0200,100
39332850745499,10:55:32.850,78.0200,45
39332935336573,10:55:32.935,78.0200,7
39349529963839,10:55:49.529,77.9900,100
39349530500573,10:55:49.530,77.9900,100
39349530551648,10:55:49.530,77.9800,100
39349530571406,10:55:49.530,77.9800,100
39349531299481,10:55:49.531,77.9700,400
39349532823012,10:55:49.532,77.9600,34
39349533042126,10:55:49.533,77.9600,66
39349533042126,10:55:49.533,77.9600,100
39349533042126,10:55:49.533,77.9600,200
39349533042126,10:55:49.533,77.9600,34
39412550144941,10:56:52.550,77.9400,34
39412550144941,10:56:52.550,77.9400,6
39412550144941,10:56:52.550,77.9400,51
39412550171158,10:56:52.550,77.9400,9
39412550191396,10:56:52.550,77.9400,40
39412550191396,10:56:52.550,77.9400,9
39430631695380,10:57:10.631,77.9200,100
39430631777364,10:57:10.631,77.9100,100
39430633041922,10:57:10.633,77.8800,100
39435182895901,10:57:15.182,77.8600,100
39435182904466,10:57:15.182,77.8600,100
39466619457373,10:57:46.619,77.8100,19
39466619458170,10:57:46.619,77.8100,61
39466619470827,10:57:46.619,77.8100,20
39466619470827,10:57:46.619,77.8000,45
39466619496961,10:57:46.619,77.8000,67
39466619954975,10:57:46.619,77.8000,88
39466620081898,10:57:46.620,77.8000,10
39493892462599,10:58:13.892,77.8400,83
39493892468072,10:58:13.892,77.8400,17
39493892898793,10:58:13.892,77.8500,100
39493893921688,10:58:13.893,77.8700,100
39493893921688,10:58:13.893,77.8700,12
39493893971199,10:58:13.893,77.8700,88
39506852155147,10:58:26.852,77.9400,100
39511511745577,10:58:31.511,77.9300,100
39514006706729,10:58:34.006,77.8900,100
39514006706729,10:58:34.006,77.8900,5
39601233255652,11:00:01.233,77.9300,100
39603262327833,11:00:03.262,77.9700,100
39603262949287,11:00:03.262,77.9800,41
39610173288031,11:00:10.173,77.9600,100
39610173896186,11:00:10.173,77.9400,100
39664006623775,11:01:04.006,77.9800,59
39664006623775,11:01:04.006,77.9800,100
39664006623775,11:01:04.006,77.9800,100
39664006626432,11:01:04.006,77.9800,259
39664006669051,11:01:04.006,77.9800,54
39664006685102,11:01:04.006,77.9800,187
39664006856027,11:01:04.006,77.9900,11
39664006859814,11:01:04.006,77.9900,89
39664056539147,11:01:04.056,78.0100,100
39664076945311,11:01:04.076,78.0400,40
39857146122691,11:04:17.146,78.0550,137
39857146218458,11:04:17.146,78.0550,63
39857146218458,11:04:17.146,78.0900,37
39857146218458,11:04:17.146,78.0900,37
39857146266313,11:04:17.146,78.0900,42
39857146270909,11:04:17.146,78.0900,21
39857147806763,11:04:17.147,78.1000,40
39857149674468,11:04:17.149,78.1100,100
39861020381643,11:04:21.020,78.1700,100
39865145047033,11:04:25.145,78.1800,89
39865148200548,11:04:25.148,78.1800,11
40042961726844,11:07:22.961,78.2200,100
40042961726844,11:07:22.961,78.2200,5
40120878686491,11:08:40.878,78.1800,5
40120878686491,11:08:40.878,78.1800,100
40120878917546,11:08:40.878,78.1700,43
40126600174406,11:08:46.600,78.2100,5
40177007833859,11:09:37.007,78.2100,100
40177007833859,11:09:37.007,78.2100,100
40227020022437,11:10:27.020,78.2350,100
40227520019658,11:10:27.520,78.2350,100
40228020021332,11:10:28.020,78.2350,100
40228520036270,11:10:28.520,78.2350,100
40245492629791,11:10:45.492,78.1900,100
40245492629791,11:10:45.492,78.1900,100
40245492629791,11:10:45.492,78.1900,5
40245492657174,11:10:45.492,78.1900,143
40245492864102,11:10:45.492,78.1800,63
40245493088897,11:10:45.493,78.1800,33
40245493159296,11:10:45.493,78.1800,4
40245493280397,11:10:45.493,78.1700,57
40260062712338,11:11:00.062,78.1300,100
40300307079983,11:11:40.307,78.0700,100
40313406086506,11:11:53.406,78.0800,155
40313406150812,11:11:53.406,78.0800,391
40313406305590,11:11:53.406,78.0800,154
40313407091285,11:11:53.407,78.0900,100
40323437013342,11:12:03.437,78.1200,100
40324593162071,11:12:04.593,78.1600,100
40336096066892,11:12:16.096,78.1800,200
40336930564715,11:12:16.930,78.2200,200
40343213574685,11:12:23.213,78.1800,40
40481538315200,11:14:41.538,78.3000,100
40481538582478,11:14:41.538,78.3000,100
40481538910730,11:14:41.538,78.3000,100
40481538987013,11:14:41.538,78.3000,100
40481539064263,11:14:41.539,78.3000,100
40481539118059,11:14:41.539,78.3000,100
40481539520603,11:14:41.539,78.2900,100
40481539637430,11:14:41.539,78.2900,10
40589615066307,11:16:29.615,78.2300,100
40589615066307,11:16:29.615,78.2300,4
40633066828162,11:17:13.066,78.2400,100
40690506384489,11:18:10.506,78.2100,10
40690506396808,11:18:10.506,78.2100,59
40690506412612,11:18:10.506,78.2100,31
40690506412612,11:18:10.506,78.2100,100
40690506412612,11:18:10.506,78.2100,4
40690506412612,11:18:10.506,78.2100,59
40690506435231,11:18:10.506,78.2100,41
40690507140099,11:18:10.507,78.2000,100
40771246018038,11:19:31.246,78.1100,100
40771246108848,11:19:31.246,78.1100,100
40801158634751,11:20:01.158,78.0200,100
40808327402721,11:20:08.327,78.0300,5
40849796203839,11:20:49.796,78.0100,100
40849796203839,11:20:49.796,78.0100,100
40849796203839,11:20:49.796,78.0100,67
40858447626170,11:20:58.447,78.0300,100
40858447689317,11:20:58.447,78.0300,100
40858447922084,11:20:58.447,78.0300,100
40858448059805,11:20:58.448,78.0300,100
40858448109445,11:20:58.448,78.0300,100
40858448136465,11:20:58.448,78.0300,79
40863031292964,11:21:03.031,78.0300,100
40863031748331,11:21:03.031,78.0300,21
40863205406227,11:21:03.205,78.0300,100
40903550010687,11:21:43.550,78.0200,100
40903550010687,11:21:43.550,78.0200,29
40903550783609,11:21:43.550,78.0100,100
40903634401502,11:21:43.634,77.9500,100
40930177664501,11:22:10.177,77.9800,6
41007875952598,11:23:27.875,77.9200,4
41015901933734,11:23:35.901,77.9200,1
41015901963252,11:23:35.901,77.9200,95
41021049180456,11:23:41.049,77.9200,100
41035257984095,11:23:55.257,77.9500,100
41035264391508,11:23:55.264,77.9400,100
41045569361060,11:24:05.569,77.9500,100
41045582137488,11:24:05.582,77.9600,100
41056216204982,11:24:16.216,77.9000,26
41056216210075,11:24:16.216,77.9000,52
41056216215064,11:24:16.216,77.9000,22
41061592309182,11:24:21.592,77.8800,5
41061592309182,11:24:21.592,77.8800,66
41088200546534,11:24:48.200,77.8900,100
41116546991509,11:25:16.546,78.0000,100
41147232329612,11:25:47.232,77.9600,100
41147232329612,11:25:47.232,77.9600,100
41147232432144,11:25:47.232,77.9600,100
41147233552673,11:25:47.233,77.9500,100
41148404404266,11:25:48.404,77.9500,15
41157030926507,11:25:57.030,77.9500,200
41157030926507,11:25:57.030,77.9500,100
41168768569769,11:26:08.768,77.9000,6
41264090987483,11:27:44.090,77.8500,100
41283267786300,11:28:03.267,77.7950,100
41285805009059,11:28:05.805,77.8000,1
41287773016080,11:28:07.773,77.8000,16
41287773225199,11:28:07.773,77.8000,83
41287773225199,11:28:07.773,77.8100,17
41287773275745,11:28:07.773,77.8100,68
41287773280428,11:28:07.773,77.8100,15
41287775502498,11:28:07.775,77.8000,100
41294829736042,11:28:14.829,77.7800,6
41294830236142,11:28:14.830,77.7700,100
41294830236142,11:28:14.830,77.7700,100
41314156639837,11:28:34.156,77.8300,1
41318914466213,11:28:38.914,77.8300,4
41320582990250,11:28:40.582,77.8300,95
41320584102360,11:28:40.584,77.8400,100
41320584800796,11:28:40.584,77.8400,100
41321211171170,11:28:41.211,77.8400,100
41321212098849,11:28:41.212,77.8400,100
41325540168474,11:28:45.540,77.8400,1
41332576573198,11:28:52.576,77.8400,1
41335122129746,11:28:55.122,77.8400,98
41335122129746,11:28:55.122,77.8400,100
41335122129746,11:28:55.122,77.8400,100
41349542370938,11:29:09.542,77.8400,100
41349542601286,11:29:09.542,77.8300,49
41349542612021,11:29:09.542,77.8300,51
41366057939004,11:29:26.057,77.8700,100
41366058230972,11:29:26.058,77.8800,37
41386034696437,11:29:46.034,77.8800,50
41424649253525,11:30:24.649,77.9400,100
41466134325307,11:31:06.134,77.9100,100
41466134325307,11:31:06.134,77.9000,6
41466134618260,11:31:06.134,77.9000,100
41590107820857,11:33:10.107,77.8600,6
41590107820857,11:33:10.107,77.8600,100
41962283422326,11:39:22.283,77.8600,100
41962283422326,11:39:22.283,77.8600,100
41962283447376,11:39:22.283,77.8600,170
41962283577285,11:39:22.283,77.8600,100
41962284580426,11:39:22.284,77.8500,100
41962335402937,11:39:22.335,77.8500,100
42073005602661,11:41:13.005,77.8600,100
42073005926226,11:41:13.005,77.8600,100
42073006384108,11:41:13.006,77.8600,100
42073006384108,11:41:13.006,77.8600,100
42073006428321,11:41:13.006,77.8600,100
42073006671636,11:41:13.006,77.8600,100
42073008410360,11:41:13.008,77.8600,100
42074219124361,11:41:14.219,77.8900,100
42180824268728,11:43:00.824,77.9700,100
42180824295192,11:43:00.824,77.9700,50
42180825428462,11:43:00.825,77.9800,100
42180831493347,11:43:00.831,78.0000,15
42180831518773,11:43:00.831,78.0000,85
42180833247343,11:43:00.833,78.0100,100
42397510656039,11:46:37.510,78.1500,100
42397510656039,11:46:37.510,78.1500,2
42397510751915,11:46:37.510,78.1500,4
42431266803858,11:47:11.266,78.1500,100
42431267357676,11:47:11.267,78.1600,5
42463238902162,11:47:43.238,78.1900,100
42463238902162,11:47:43.238,78.1900,100
42474243034494,11:47:54.243,78.2200,100
42492154928180,11:48:12.154,78.2300,100
42492163285397,11:48:12.163,78.2000,100
42499513466648,11:48:19.513,78.2200,73
42549368508825,11:49:09.368,78.2300,100
42549368536338,11:49:09.368,78.2300,10
42549368536338,11:49:09.368,78.2300,100
42550138081227,11:49:10.138,78.2500,100
42550138133699,11:49:10.138,78.2500,28
42550138140933,11:49:10.138,78.2500,44
42550138159950,11:49:10.138,78.2500,16
42550138163786,11:49:10.138,78.2500,40
42550138163786,11:49:10.138,78.2500,60
42550138242469,11:49:10.138,78.2500,84
42550138289679,11:49:10.138,78.2500,16
42550138363757,11:49:10.138,78.2500,44
42550138668893,11:49:10.138,78.2500,56
42550139017101,11:49:10.139,78.2500,60
42561455373044,11:49:21.455,78.2500,40
42561455373044,11:49:21.455,78.2500,60
42568352360474,11:49:28.352,78.2500,40
42568352360474,11:49:28.352,78.2500,60
42579371976465,11:49:39.371,78.2200,100
42579371976465,11:49:39.371,78.2200,100
42579371976465,11:49:39.371,78.2200,6
42579371976465,11:49:39.371,78.2200,64
42579371976465,11:49:39.371,78.2200,30
42579372107945,11:49:39.372,78.2200,100
42579372132795,11:49:39.372,78.2200,25
42579372142563,11:49:39.372,78.2200,39
42579372935332,11:49:39.372,78.2200,6
42579372935332,11:49:39.372,78.2100,58
42579373558464,11:49:39.373,78.2100,6
42579373558464,11:49:39.373,78.2100,100
42594799611364,11:49:54.799,78.2200,100
42594799611364,11:49:54.799,78.2100,59
42594799611364,11:49:54.799,78.2100,41
42594799632453,11:49:54.799,78.2100,16
42594799851159,11:49:54.799,78.2100,59
42594802971097,11:49:54.802,78.1900,100
42594802971097,11:49:54.802,78.1900,100
42617740219943,11:50:17.740,78.1900,100
42617740258964,11:50:17.740,78.1800,6
42643473519390,11:50:43.473,78.1600,114
42643473544486,11:50:43.473,78.1600,4
42692062449882,11:51:32.062,78.1000,100
42692062476248,11:51:32.062,78.1000,15
42692062513858,11:51:32.062,78.1000,85
42692062513858,11:51:32.062,78.1000,15
42692062886727,11:51:32.062,78.1000,85
42840668173674,11:54:00.668,78.0300,100
42840668404978,11:54:00.668,78.0300,6
42840915147380,11:54:00.915,77.9900,100
42909335446685,11:55:09.335,78.0300,100
42909337127721,11:55:09.337,78.0000,100
42909337127721,11:55:09.337,78.0000,12
42909337127721,11:55:09.337,78.0000,88
42911395540160,11:55:11.395,77.9700,7
42912473285561,11:55:12.473,77.9300,1
42974362677817,11:56:14.362,78.0200,100
42974362677817,11:56:14.362,78.0200,100
42974362703397,11:56:14.362,78.0200,100
43027818869632,11:57:07.818,78.0000,58
43027818875692,11:57:07.818,78.0000,34
43027818888171,11:57:07.818,78.0000,8
43027818888171,11:57:07.818,78.0000,9
43027818888899,11:57:07.818,78.0000,56
43027819167463,11:57:07.819,77.9900,100
43154285230243,11:59:14.285,77.9300,7
43154285230243,11:59:14.285,77.9300,100
43154287168559,11:59:14.287,77.8900,100
43154287172746,11:59:14.287,77.8900,100
43154287192976,11:59:14.287,77.8900,100
43205874298516,12:00:05.874,77.9400,100
43205874301519,12:00:05.874,77.9400,100
43205874367484,12:00:05.874,77.9400,100
43205874525167,12:00:05.874,77.9400,100
43205874604698,12:00:05.874,77.9400,100
43205874612287,12:00:05.874,77.9400,100
43207462684286,12:00:07.462,77.9400,100
43208627954810,12:00:08.627,77.9800,100
43296547850645,12:01:36.547,78.0000,100
43296547850645,12:01:36.547,78.0000,8
43296551585806,12:01:36.551,77.9600,17
43296551611489,12:01:36.551,77.9600,83
43382163723505,12:03:02.163,78.0600,50
43516288855075,12:05:16.288,78.0100,7
43516288855075,12:05:16.288,78.0100,26
43516288856443,12:05:16.288,78.0100,74
43516288856443,12:05:16.288,78.0100,100
43516289176826,12:05:16.289,78.0100,100
43516289528244,12:05:16.289,78.0000,100
43521287823866,12:05:21.287,77.9300,1
43525249884103,12:05:25.249,77.9300,1
43525249907702,12:05:25.249,77.9300,1
43596061046673,12:06:36.061,77.8700,8
43596061046673,12:06:36.061,77.8700,56
43596061065439,12:06:36.061,77.8700,44
43596061065439,12:06:36.061,77.8700,65
43616124587165,12:06:56.124,77.8600,5
43625025140494,12:07:05.025,77.8700,100
43682920393680,12:08:02.920,77.9200,100
43682920416788,12:08:02.920,77.9200,67
43682920573476,12:08:02.920,77.9200,100
43685009778011,12:08:05.009,77.9200,100
43685009778011,12:08:05.009,77.9200,33
43714913461136,12:08:34.913,77.9000,100
43714913461136,12:08:34.913,77.9000,28
44013259878721,12:13:33.259,77.9400,192
44013260385796,12:13:33.260,77.9500,9
44013260405886,12:13:33.260,77.9500,54
44013260414210,12:13:33.260,77.9500,37
44055972811909,12:14:15.972,77.9700,200
44055974770646,12:14:15.974,77.9800,100
44055975598170,12:14:15.975,77.9900,10
44055975755233,12:14:15.975,78.0000,10
44152435311678,12:15:52.435,78.0000,100
44227145075786,12:17:07.145,78.0000,71
44227146245981,12:17:07.146,78.0100,5
44227146272047,12:17:07.146,78.0100,5
44228276163780,12:17:08.276,78.0000,37
44228277300277,12:17:08.277,78.0000,100
44320771418419,12:18:40.771,77.9700,8
44320771418419,12:18:40.771,77.9700,27
44320771446229,12:18:40.771,77.9700,38
44320772343947,12:18:40.772,77.9700,9
44320773294979,12:18:40.773,77.9600,100
44320773349205,12:18:40.773,77.9500,100
44320773385842,12:18:40.773,77.9500,50
44320773406571,12:18:40.773,77.9600,100
44320774836759,12:18:40.774,77.9700,73
44320775183582,12:18:40.775,77.9700,3
44541302425209,12:22:21.302,78.0200,10
44541302425209,12:22:21.302,78.0200,60
44541303232514,12:22:21.303,78.0400,100
44541303720346,12:22:21.303,78.0500,10
44541307009149,12:22:21.307,78.0000,84
44562643366133,12:22:42.643,78.0500,16
44562643510722,12:22:42.643,78.0600,10
44562643510722,12:22:42.643,78.0600,100
44562643887811,12:22:42.643,78.0700,1
44562643887811,12:22:42.643,78.0700,19
44562970225345,12:22:42.970,78.0800,10
44562970225345,12:22:42.970,78.0800,100
44562970956266,12:22:42.970,78.0900,10
44562970982485,12:22:42.970,78.0900,100
44562971043986,12:22:42.971,78.1000,4
44562982525061,12:22:42.982,78.1000,6
44563858876821,12:22:43.858,78.1400,10
44563859447855,12:22:43.859,78.1000,100
44563859517618,12:22:43.859,78.1000,100
44579479096536,12:22:59.479,78.1100,100
44579482756485,12:22:59.482,78.1100,15
44587406921384,12:23:07.406,78.0800,100
44587406921384,12:23:07.406,78.0800,87
44587406953421,12:23:07.406,78.0800,13
44587407741430,12:23:07.407,78.0700,30
44587407841714,12:23:07.407,78.0800,30
44587407841714,12:23:07.407,78.0700,70
44589482773422,12:23:09.482,78.0800,70
44589482773422,12:23:09.482,78.0800,30
44589482773422,12:23:09.482,78.0600,100
44599418469908,12:23:19.418,78.0600,8
44599418469908,12:23:19.418,78.0600,92
44599418533819,12:23:19.418,78.0600,8
44866327038724,12:27:46.327,78.0900,100
44866327038724,12:27:46.327,78.0900,100
44866327038724,12:27:46.327,78.1000,100
44866327120486,12:27:46.327,78.1000,100
44866327885043,12:27:46.327,78.1100,100
44866329226858,12:27:46.329,78.1200,20
44866329741292,12:27:46.329,78.1400,95
44866329792113,12:27:46.329,78.1400,5
44866329792113,12:27:46.329,78.1400,10
44866513284864,12:27:46.513,78.1000,55
44866513513632,12:27:46.513,78.0900,100
44866513586481,12:27:46.513,78.0900,100
44890031272153,12:28:10.031,78.1500,100
44890031820172,12:28:10.031,78.1600,20
44890061676591,12:28:10.061,78.1700,10
44995027655676,12:29:55.027,78.1800,10
44995027655676,12:29:55.027,78.1900,10
44995027655676,12:29:55.027,78.2000,80
45047352174526,12:30:47.352,78.1800,20
45050646724788,12:30:50.646,78.2100,10
45093666116869,12:31:33.666,78.2300,10
45093666116869,12:31:33.666,78.2300,10
45099341491959,12:31:39.341,78.2000,8
45099341491959,12:31:39.341,78.2000,87
45099341491959,12:31:39.341,78.2000,100
45115605319532,12:31:55.605,78.2300,100
45129943329294,12:32:09.943,78.1800,100
45129943395140,12:32:09.943,78.1700,100
45129943395140,12:32:09.943,78.1700,7
45145688996516,12:32:25.688,78.1400,14
45145689076753,12:32:25.689,78.1400,7
45145689196305,12:32:25.689,78.1400,79
45216920116992,12:33:36.920,78.1400,51
45216920132865,12:33:36.920,78.1400,49
45216923657393,12:33:36.923,78.1100,100
45237456504730,12:33:57.456,78.0300,100
45245362440341,12:34:05.362,77.9700,100
45356784570637,12:35:56.784,77.9600,9
45356784570637,12:35:56.784,77.9600,14
45356784570637,12:35:56.784,77.9600,77
45356784658242,12:35:56.784,77.9600,23
45356784684135,12:35:56.784,77.9600,8
45356784684561,12:35:56.784,77.9600,50
45356784689558,12:35:56.784,77.9600,19
45356798746919,12:35:56.798,77.9400,100
45356798746919,12:35:56.798,77.9400,100
45356799649555,12:35:56.799,77.9400,100
45358162692887,12:35:58.162,77.9600,100
45372295163144,12:36:12.295,78.0000,1
45600025222154,12:40:00.025,78.0200,100
45600025222154,12:40:00.025,78.0200,10
45600025246393,12:40:00.025,78.0200,110
45600746789587,12:40:00.746,78.0200,91
45600746865222,12:40:00.746,78.0200,9
45608178447996,12:40:08.178,78.0200,100
45608178603924,12:40:08.178,78.0200,100
45614675739830,12:40:14.675,78.0200,90
45616901376433,12:40:16.901,78.0500,20
45703847034869,12:41:43.847,78.0000,8
45703847034869,12:41:43.847,78.0000,92
45703847063148,12:41:43.847,78.0000,8
45703847063148,12:41:43.847,78.0000,100
45703847063148,12:41:43.847,78.0000,65
45703847537749,12:41:43.847,78.0000,100
45703847537749,12:41:43.847,78.0000,50
45703847541044,12:41:43.847,78.0000,100
45710911669115,12:41:50.911,77.9500,51
45710911695628,12:41:50.911,77.9500,49
45710913060036,12:41:50.913,77.9400,100
45755585888973,12:42:35.585,77.9300,8
45755585888973,12:42:35.585,77.9300,92
45755585915839,12:42:35.585,77.9300,8
45755585915839,12:42:35.585,77.9300,100
45911013827160,12:45:11.013,77.9500,100
45911014294562,12:45:11.014,77.9600,100
45911014294562,12:45:11.014,77.9600,2
45911014301104,12:45:11.014,77.9600,5
45911014324600,12:45:11.014,77.9600,53
45912064038997,12:45:12.064,78.0200,10
45915234946728,12:45:15.234,78.0300,10
45993693215608,12:46:33.693,78.0000,7
45993693864331,12:46:33.693,77.9900,46
45993693891522,12:46:33.693,77.9900,7
45993693891999,12:46:33.693,77.9900,7
45993721463051,12:46:33.721,77.9900,40
46144330819591,12:49:04.330,77.9500,8
46535020483028,12:55:35.020,77.9000,35
46535020492117,12:55:35.020,77.9000,51
46535020519623,12:55:35.020,77.9000,14
46535020519623,12:55:35.020,77.9000,8
46535020519623,12:55:35.020,77.9000,28
46535020565214,12:55:35.020,77.9000,37
46535020565214,12:55:35.020,77.9000,14
46535020565978,12:55:35.020,77.9000,51
46535020889629,12:55:35.020,77.9000,100
46535025375508,12:55:35.025,77.8800,100
46536011397321,12:55:36.011,77.8400,13
46537119181284,12:55:37.119,77.8600,100
46537119670997,12:55:37.119,77.8600,100
46538428673730,12:55:38.428,77.8700,5
46569124320733,12:56:09.124,77.8900,100
46569124345687,12:56:09.124,77.8900,100
46569124402817,12:56:09.124,77.8900,100
46569124824070,12:56:09.124,77.8900,100
46569124907276,12:56:09.124,77.8900,85
46569124995327,12:56:09.124,77.8900,15
46569125032191,12:56:09.125,77.8900,70
46569125164756,12:56:09.125,77.8900,30
46569125191675,12:56:09.125,77.8900,100
46569127318187,12:56:09.127,77.9200,10
46571437791008,12:56:11.437,77.9300,10
46571437791008,12:56:11.437,77.9300,70
46736193315022,12:58:56.193,77.8900,8
46736193747632,12:58:56.193,77.8800,51
46816667292854,13:00:16.667,77.9100,100
46843488762273,13:00:43.488,77.8800,9
46843488762273,13:00:43.488,77.8800,27
46843488788423,13:00:43.488,77.8800,39
46843488788423,13:00:43.488,77.8800,100
46884857589170,13:01:24.857,77.8800,100
47041008301783,13:04:01.008,77.8700,98
47041008307515,13:04:01.008,77.8700,2
47066422807060,13:04:26.422,77.8500,100
47066422833577,13:04:26.422,77.8500,8
47066423148361,13:04:26.423,77.8500,8
47066623764845,13:04:26.623,77.8300,4
47066623791489,13:04:26.623,77.8300,96
47107919678054,13:05:07.919,77.8400,10
47109046717347,13:05:09.046,77.8500,100
47113436471024,13:05:13.436,77.8400,100
47113436662321,13:05:13.436,77.8500,100
47116639110340,13:05:16.639,77.8500,65
47160027546374,13:06:00.027,77.8500,35
47160027546374,13:06:00.027,77.8500,65
47160027580562,13:06:00.027,77.8500,35
47160027688138,13:06:00.027,77.8500,35
47165189001191,13:06:05.189,77.8500,65
47165189001191,13:06:05.189,77.8500,35
47165189091033,13:06:05.189,77.8500,65
47184843239836,13:06:24.843,77.8600,100
47184854144261,13:06:24.854,77.8800,100
47194140663660,13:06:34.140,77.9000,39
47194140891773,13:06:34.140,77.9000,61
47235797838575,13:07:15.797,77.9200,100
47235797838575,13:07:15.797,77.9200,10
47281353587664,13:08:01.353,77.9500,8
47314245978924,13:08:34.245,77.9300,100
47314246003170,13:08:34.246,77.9300,8
47374266469045,13:09:34.266,77.9300,30
47379792852877,13:09:39.792,77.9600,1
47539113191906,13:12:19.113,77.8900,100
47539113437256,13:12:19.113,77.8900,8
47548499025071,13:12:28.499,77.9400,100
47785384585448,13:16:25.384,77.9100,100
47785384585448,13:16:25.384,77.9100,57
47785384618877,13:16:25.384,77.9100,43
47785384618877,13:16:25.384,77.9100,8
47785385899976,13:16:25.385,77.8900,100
47826984110060,13:17:06.984,77.9200,93
47826984822029,13:17:06.984,77.9300,100
47826984822029,13:17:06.984,77.9300,10
47830270599273,13:17:10.270,77.9300,100
47830270723501,13:17:10.270,77.9300,100
47898661969829,13:18:18.661,77.8900,1
47911325515789,13:18:31.325,77.8900,100
47916081984627,13:18:36.081,77.8900,1
47916082009736,13:18:36.082,77.8900,3
47920218642969,13:18:40.218,77.8900,4
47923968007258,13:18:43.968,77.8800,1
47923968691637,13:18:43.968,77.8800,99
47927562339649,13:18:47.562,77.9200,100
47961933885207,13:19:21.933,77.9600,100
47961935122671,13:19:21.935,77.9900,10
47961935122671,13:19:21.935,77.9900,90
47961935150555,13:19:21.935,77.9900,10
48006274188820,13:20:06.274,77.9900,100
48006274636759,13:20:06.274,77.9900,100
48006274873168,13:20:06.274,77.9900,100
48006276050947,13:20:06.276,77.9900,100
48006276299645,13:20:06.276,77.9900,100
48087890180352,13:21:27.890,78.0300,200
48087891156135,13:21:27.891,78.0400,100
48087891156135,13:21:27.891,78.0400,10
48087893528232,13:21:27.893,78.0500,100
48087893827981,13:21:27.893,78.0600,10
48087894496114,13:21:27.894,78.0700,10
48094339837604,13:21:34.339,78.0800,10
48106594948676,13:21:46.594,78.1000,1
48117265809052,13:21:57.265,78.1100,10
48117265809052,13:21:57.265,78.1200,10
48117265809052,13:21:57.265,78.1300,10
48117265809052,13:21:57.265,78.1400,10
48118714920001,13:21:58.714,78.1000,100
48118716511603,13:21:58.716,78.0900,100
48118732603462,13:21:58.732,78.0700,100
48120847041993,13:22:00.847,78.0500,100
48120847869647,13:22:00.847,78.0400,100
48142592345973,13:22:22.592,78.0600,6
48142592663702,13:22:22.592,78.0600,6
48142592749838,13:22:22.592,78.0600,1
48142592868297,13:22:22.592,78.0600,6
48142593214698,13:22:22.593,78.0600,6
48142593560182,13:22:22.593,78.0600,6
48142593905883,13:22:22.593,78.0600,6
48142594250598,13:22:22.594,78.0600,6
48142594595817,13:22:22.594,78.0600,6
48142594941091,13:22:22.594,78.0600,6
48142595287550,13:22:22.595,78.0600,6
48142595633567,13:22:22.595,78.0600,6
48142595997879,13:22:22.595,78.0600,6
48142596344597,13:22:22.596,78.0400,6
48408062894832,13:26:48.062,77.9400,100
48408069007365,13:26:48.069,77.9500,100
48415583005977,13:26:55.583,78.0300,10
48415583459281,13:26:55.583,78.0400,10
48442951436365,13:27:22.951,78.0500,10
48442952163628,13:27:22.952,78.0600,10
48443517888866,13:27:23.517,78.0700,10
48443517888866,13:27:23.517,78.0700,100
48443517888866,13:27:23.517,78.0700,90
48443517969253,13:27:23.517,78.0700,10
48443517969253,13:27:23.517,78.0700,90
48443518457621,13:27:23.518,78.0700,10
48443518457621,13:27:23.518,78.0700,100
48443523385488,13:27:23.523,78.0500,100
48443523385488,13:27:23.523,78.0500,100
48444796596872,13:27:24.796,78.0300,7
48454968875264,13:27:34.968,78.0000,100
48454979991332,13:27:34.979,77.9700,300
48534378116909,13:28:54.378,78.0000,66
48534378145619,13:28:54.378,78.0000,34
48534378145619,13:28:54.378,78.0000,100
48601684498460,13:30:01.684,78.0200,100
48601684576376,13:30:01.684,78.0200,56
48601684925854,13:30:01.684,78.0200,44
48670993288407,13:31:10.993,78.0500,20
48670993288407,13:31:10.993,78.0600,10
48670993288407,13:31:10.993,78.0700,10
48670993288407,13:31:10.993,78.0800,10
48670993288407,13:31:10.993,78.0800,10
48697971879648,13:31:37.971,78.1100,10
48697971879648,13:31:37.971,78.1100,10
48714236956336,13:31:54.236,78.1200,1
48714236956336,13:31:54.236,78.1200,9
48714236956336,13:31:54.236,78.1200,100
48714237718482,13:31:54.237,78.1300,10
48714237718482,13:31:54.237,78.1300,90
48714237786651,13:31:54.237,78.1300,10
48714238491371,13:31:54.238,78.1400,10
48730814068785,13:32:10.814,78.1500,10
48730814068785,13:32:10.814,78.1500,10
48730814127355,13:32:10.814,78.1600,10
48730814790243,13:32:10.814,78.1700,2
48741027183503,13:32:21.027,78.1800,1
48741027183503,13:32:21.027,78.1800,1
48741027183503,13:32:21.027,78.1800,8
48741028280748,13:32:21.028,78.1900,10
48775856914872,13:32:55.856,78.2000,50
48785040855226,13:33:05.040,78.1600,50
48785041561968,13:33:05.041,78.1600,50
48785041561968,13:33:05.041,78.1600,100
48785042435591,13:33:05.042,78.1300,100
48789516246471,13:33:09.516,78.1300,14
48789516455561,13:33:09.516,78.1300,50
48863932746573,13:34:23.932,78.1400,100
48886063491913,13:34:46.063,78.1400,48
48913764966859,13:35:13.764,78.1300,33
49053654255001,13:37:33.654,78.1400,100
49053654255001,13:37:33.654,78.1400,100
49053654255001,13:37:33.654,78.1400,100
49053654422507,13:37:33.654,78.1400,100
49053655562067,13:37:33.655,78.1100,23
49053655641687,13:37:33.655,78.1100,77
49058773823714,13:37:38.773,78.0900,34
49058773823714,13:37:38.773,78.0900,5
49091225241554,13:38:11.225,78.0700,6
49091225376835,13:38:11.225,78.1000,100
49091225492074,13:38:11.225,78.1100,100
49091225713073,13:38:11.225,78.0700,100
49093523625931,13:38:13.523,78.1200,5
49147126318138,13:39:07.126,78.1000,39
49147126347840,13:39:07.126,78.0900,52
49147126420637,13:39:07.126,78.0900,19
49147126576965,13:39:07.126,78.0900,29
49213287697925,13:40:13.287,78.1200,100
49213287720485,13:40:13.287,78.1200,100
49213288199106,13:40:13.288,78.1200,100
49213288384474,13:40:13.288,78.1200,34
49213288445522,13:40:13.288,78.1200,66
49221988777646,13:40:21.988,78.1200,100
49272551976543,13:41:12.551,78.1000,100
49291133916928,13:41:31.133,78.0900,100
49291133916928,13:41:31.133,78.0900,6
49514659411097,13:45:14.659,78.0400,100
49514659411097,13:45:14.659,78.0400,6
49514659411097,13:45:14.659,78.0400,94
49514659442901,13:45:14.659,78.0400,6
49529014181291,13:45:29.014,78.0700,100
49530283988318,13:45:30.283,78.0600,100
49562950848467,13:46:02.950,78.0600,100
49562951693952,13:46:02.951,78.0800,100
49572977091546,13:46:12.977,78.0700,44
49572977105430,13:46:12.977,78.0700,45
49572977141309,13:46:12.977,78.0700,11
49572977170639,13:46:12.977,78.0700,11
49572977344599,13:46:12.977,78.0700,11
49573021578414,13:46:13.021,78.0700,66
49630149952328,13:47:10.149,78.0800,100
49698863881786,13:48:18.863,78.0800,100
49698864012492,13:48:18.864,78.0800,100
49698864155462,13:48:18.864,78.0800,100
49698864197144,13:48:18.864,78.0800,100
49836334234287,13:50:36.334,78.0800,61
49836334293001,13:50:36.334,78.0800,39
49988100707385,13:53:08.100,78.0900,4
50041696553295,13:54:01.696,78.0900,100
50041696553295,13:54:01.696,78.1000,100
50041696553295,13:54:01.696,78.1000,100
50041696553295,13:54:01.696,78.1000,100
50041697012989,13:54:01.697,78.1000,100
50041697699546,13:54:01.697,78.1000,100
50045412840813,13:54:05.412,78.1000,100
50148932429103,13:55:48.932,78.1200,100
50148937183044,13:55:48.937,78.1300,100
50148937183044,13:55:48.937,78.1300,100
50223524931838,13:57:03.524,78.2200,1
50223524931838,13:57:03.524,78.2200,99
50223525058680,13:57:03.525,78.2200,1
50224248422111,13:57:04.248,78.2300,1
50246744963551,13:57:26.744,78.2500,10
50246745559414,13:57:26.745,78.2350,100
50248258591820,13:57:28.258,78.2500,10
50248258614875,13:57:28.258,78.2500,10
50273031635635,13:57:53.031,78.2600,10
50273031635635,13:57:53.031,78.2700,1
50273031652087,13:57:53.031,78.2800,10
50273031827986,13:57:53.031,78.3000,10
50273031827986,13:57:53.031,78.3000,100
50273032828016,13:57:53.032,78.3200,10
50273048938789,13:57:53.048,78.3200,10
50281518120527,13:58:01.518,78.3200,15
50331237825742,13:58:51.237,78.2800,15
50331237854469,13:58:51.237,78.2800,85
50331237854469,13:58:51.237,78.2800,7
50331237854469,13:58:51.237,78.2800,3
50331238513067,13:58:51.238,78.2700,3
50331239920135,13:58:51.239,78.2700,7
50331239985877,13:58:51.239,78.2700,3
50331240009243,13:58:51.240,78.2700,3
50331240095882,13:58:51.240,78.2700,84
50331248361866,13:58:51.248,78.2600,100
50331248416062,13:58:51.248,78.2600,100
50331248416062,13:58:51.248,78.2600,100
50331248416062,13:58:51.248,78.2600,100
50331248416062,13:58:51.248,78.2600,100
50331248416062,13:58:51.248,78.2600,100
50331249483346,13:58:51.249,78.2300,300
50331254826139,13:58:51.254,78.2200,49
50331254829563,13:58:51.254,78.2200,51
50331254875160,13:58:51.254,78.2200,1
50331458228204,13:58:51.458,78.2100,100
50331461240571,13:58:51.461,78.2000,5
50331462806958,13:58:51.462,78.2100,100
50332075924707,13:58:52.075,78.2000,71
50332076359274,13:58:52.076,78.2000,29
50333690265660,13:58:53.690,78.1800,100
50340055453963,13:59:00.055,78.1400,100
50402688059077,14:00:02.688,78.1300,100
50402689231658,14:00:02.689,78.1300,9
50406789377125,14:00:06.789,78.1900,3
50406789457574,14:00:06.789,78.1900,3
50407341963731,14:00:07.341,78.1900,26
50413028691370,14:00:13.028,78.2800,100
50413028691370,14:00:13.028,78.2800,100
50422384022543,14:00:22.384,78.2950,100
50422884026926,14:00:22.884,78.2950,100
50443735638810,14:00:43.735,78.2300,1
50446512077691,14:00:46.512,78.2200,64
50446512077691,14:00:46.512,78.2200,100
50446512077691,14:00:46.512,78.2200,10
50446512095514,14:00:46.512,78.2200,54
50446512549138,14:00:46.512,78.2100,48
50446512576819,14:00:46.512,78.2100,52
50446805132937,14:00:46.805,78.2200,100
50447061097672,14:00:47.061,78.2000,100
50447168438179,14:00:47.168,78.2000,4
50451469514788,14:00:51.469,78.3100,32
50462239619033,14:01:02.239,78.2400,100
50465670543483,14:01:05.670,78.3000,100
50466756026946,14:01:06.756,78.2600,100
50466756104960,14:01:06.756,78.2600,59
50466756560538,14:01:06.756,78.2800,95
50537830871657,14:02:17.830,78.3100,5
50537830871657,14:02:17.830,78.2900,6
50537832044439,14:02:17.832,78.3000,43
50537834014889,14:02:17.834,78.3000,15
50537834014889,14:02:17.834,78.2800,85
50537834027405,14:02:17.834,78.2800,15
50537834027405,14:02:17.834,78.2800,1
50576241310081,14:02:56.241,78.3700,1
50578812944631,14:02:58.812,78.3700,99
50578812944631,14:02:58.812,78.3700,74
50578812952178,14:02:58.812,78.3700,26
50578813180734,14:02:58.813,78.3800,26
50578813222986,14:02:58.813,78.3800,26
50578813582529,14:02:58.813,78.3800,38
50578813588785,14:02:58.813,78.3800,10
50578813689623,14:02:58.813,78.3900,10
50592685020474,14:03:12.685,78.4000,10
50592685158055,14:03:12.685,78.4100,1
50592685158055,14:03:12.685,78.4100,9
50594724454356,14:03:14.724,78.4200,10
50594724564517,14:03:14.724,78.4300,2
50594743280276,14:03:14.743,78.4400,10
50594743349207,14:03:14.743,78.4500,10
50610204313553,14:03:30.204,78.4400,5
50610204313553,14:03:30.204,78.4600,5
50610204409626,14:03:30.204,78.4600,5
50638178886836,14:03:58.178,78.4700,100
50638179041554,14:03:58.179,78.4700,100
50638179065517,14:03:58.179,78.4700,100
50638179207554,14:03:58.179,78.4700,100
50638179249476,14:03:58.179,78.4700,100
50638672260500,14:03:58.672,78.4800,10
50638673506043,14:03:58.673,78.4900,10
50639247063745,14:03:59.247,78.5000,10
50639247063745,14:03:59.247,78.5000,90
50639247132183,14:03:59.247,78.5100,8
50752351747168,14:05:52.351,78.7100,70
50752352492095,14:05:52.352,78.7200,300
50752362639019,14:05:52.362,78.7200,61
50752362639019,14:05:52.362,78.7200,38
50759295380593,14:05:59.295,78.6800,5
50759296371912,14:05:59.296,78.6500,5
50759296394764,14:05:59.296,78.6500,100
50759296399872,14:05:59.296,78.6500,55
50759296421814,14:05:59.296,78.6500,24
50759308139626,14:05:59.308,78.6500,100
50759308164434,14:05:59.308,78.6500,16
50828233242969,14:07:08.233,78.6200,5
50984497475621,14:09:44.497,78.6100,5
50984497475621,14:09:44.497,78.6100,95
50984497500712,14:09:44.497,78.6100,5
50984497500712,14:09:44.497,78.6100,71
50984497723590,14:09:44.497,78.5900,60
50984497731788,14:09:44.497,78.5900,129
50984497732310,14:09:44.497,78.5900,76
50984497732767,14:09:44.497,78.5900,35
50984498034226,14:09:44.498,78.5800,10
50984498148930,14:09:44.498,78.6100,70
50984500118776,14:09:44.500,78.5900,100
50984500675841,14:09:44.500,78.5900,3
50986917461969,14:09:46.917,78.6300,90
50986917560850,14:09:46.917,78.6300,10
50986917560850,14:09:46.917,78.6300,68
50986919540254,14:09:46.919,78.6300,67
50986920099880,14:09:46.920,78.6100,10
50986920146774,14:09:46.920,78.6800,100
51060965519714,14:11:00.965,78.6900,15
51170452203228,14:12:50.452,78.7700,1
51170452203228,14:12:50.452,78.7700,1
51170452203228,14:12:50.452,78.7700,1
51170455788499,14:12:50.455,78.7600,100
51170456936738,14:12:50.456,78.7400,300
51264485230227,14:14:24.485,78.7100,10
51301163241728,14:15:01.163,78.7000,2
51301163241728,14:15:01.163,78.7000,5
51301163418718,14:15:01.163,78.6800,28
51301163424685,14:15:01.163,78.6800,43
51308620020505,14:15:08.620,78.7900,98
51348158256226,14:15:48.158,78.7800,8
51348158706137,14:15:48.158,78.7900,5
51348158706137,14:15:48.158,78.7900,100
51348160414002,14:15:48.160,78.7900,85
51348160448784,14:15:48.160,78.7900,15
51348160448784,14:15:48.160,78.7900,85
51348160507278,14:15:48.160,78.7900,15
51445929141426,14:17:25.929,78.9100,20
51480744555952,14:18:00.744,78.8200,4
51660219042913,14:21:00.219,78.8700,100
51660219042913,14:21:00.219,78.8900,100
51660219068488,14:21:00.219,78.8900,100
51660219085681,14:21:00.219,78.8900,100
51660246134455,14:21:00.246,78.9000,10
51716318609085,14:21:56.318,78.9300,100
51871632697960,14:24:31.632,78.9100,100
51871632697960,14:24:31.632,78.9100,3
51871633156674,14:24:31.633,78.9000,48
51871633219930,14:24:31.633,78.9000,52
51871633219930,14:24:31.633,78.9000,31
51871633240911,14:24:31.633,78.9000,2
51871633302393,14:24:31.633,78.9000,67
51871633302393,14:24:31.633,78.9000,5
51871633456399,14:24:31.633,78.9000,25
51871633784195,14:24:31.633,78.9000,75
51871633784195,14:24:31.633,78.8800,38
51871634639670,14:24:31.634,78.8600,100
51871634639670,14:24:31.634,78.8500,100
51871634639670,14:24:31.634,78.8500,100
51892453833031,14:24:52.453,78.8600,90
51962313192192,14:26:02.313,78.8700,94
51971830250290,14:26:11.830,78.8700,2
51971831004084,14:26:11.831,78.8600,73
51971831040193,14:26:11.831,78.8600,27
51971831040193,14:26:11.831,78.8600,100
51971833409778,14:26:11.833,78.8600,48
51971833414032,14:26:11.833,78.8600,40
51971833417718,14:26:11.833,78.8600,12
51971867238359,14:26:11.867,78.8300,100
52006251756264,14:26:46.251,78.8500,100
52006251779652,14:26:46.251,78.8500,74
52006251897291,14:26:46.251,78.8500,100
52006251899873,14:26:46.251,78.8500,26
52006251899873,14:26:46.251,78.8500,74
52006251916010,14:26:46.251,78.8500,22
52006251955771,14:26:46.251,78.8500,50
52006252052285,14:26:46.252,78.8500,22
52006252234701,14:26:46.252,78.8500,2
52052631649203,14:27:32.631,78.7700,24
52052631649203,14:27:32.631,78.7600,64
52052631768218,14:27:32.631,78.7500,12
52217912970782,14:30:17.912,78.7400,4
52232085634358,14:30:32.085,78.8100,100
52232085634358,14:30:32.085,78.8100,100
52232085704706,14:30:32.085,78.8100,3
52232085708360,14:30:32.085,78.8100,97
52232085708360,14:30:32.085,78.8100,3
52232085715136,14:30:32.085,78.8100,3
52232085723309,14:30:32.085,78.8100,83
52232085732260,14:30:32.085,78.8100,11
52232086280815,14:30:32.086,78.8100,65
52232086280815,14:30:32.086,78.8200,35
52232086504453,14:30:32.086,78.8200,65
52232087163262,14:30:32.087,78.8300,100
52232087163262,14:30:32.087,78.8400,10
52232087163262,14:30:32.087,78.8400,13
52232087807419,14:30:32.087,78.8400,67
52232088220858,14:30:32.088,78.8400,20
52237574758616,14:30:37.574,78.8700,100
52239226119947,14:30:39.226,78.9100,100
52306263319435,14:31:46.263,78.8700,2
52306263321079,14:31:46.263,78.8700,100
52306263321079,14:31:46.263,78.8700,100
52306263321079,14:31:46.263,78.8700,100
52306593767298,14:31:46.593,78.8600,100
52306593883506,14:31:46.593,78.8600,100
52306594497409,14:31:46.594,78.8500,100
52306898414269,14:31:46.898,78.8300,2
52306900515527,14:31:46.900,78.8300,8
52306900540404,14:31:46.900,78.8300,290
52307063039040,14:31:47.063,78.8200,100
52307761480747,14:31:47.761,78.8300,100
52307761480747,14:31:47.761,78.8300,100
52307761480747,14:31:47.761,78.8300,300
52307761511969,14:31:47.761,78.8300,50
52307762063724,14:31:47.762,78.8400,350
52307762063724,14:31:47.762,78.8400,100
52314013308255,14:31:54.013,78.8200,49
52314013555522,14:31:54.013,78.8200,46
52314013568559,14:31:54.013,78.8200,5
52314013568559,14:31:54.013,78.8200,51
52314013636862,14:31:54.013,78.8200,149
52314013636862,14:31:54.013,78.8200,100
52388841891411,14:33:08.841,78.7700,76
52422123543745,14:33:42.123,78.8100,2
52422123543745,14:33:42.123,78.8100,100
52422123543745,14:33:42.123,78.8100,100
52422123790512,14:33:42.123,78.8100,100
52422124042989,14:33:42.124,78.8100,100
52422124045399,14:33:42.124,78.8100,100
52422129508643,14:33:42.129,78.8200,47
52422338488621,14:33:42.338,78.8200,33
52433897210722,14:33:53.897,78.8200,40
52433897221941,14:33:53.897,78.8200,60
52449133406573,14:34:09.133,78.8600,37
52493324787186,14:34:53.324,78.8900,100
52493325253762,14:34:53.325,78.8900,30
52493329245810,14:34:53.329,78.9000,100
52558085982793,14:35:58.085,78.8600,69
52558086004401,14:35:58.086,78.8600,25
52558086009052,14:35:58.086,78.8600,6
52558086009052,14:35:58.086,78.8600,25
52558086009941,14:35:58.086,78.8600,25
52558086011572,14:35:58.086,78.8600,50
52566064286735,14:36:06.064,78.8100,73
52570045546605,14:36:10.045,78.8400,30
52578946707059,14:36:18.946,78.8600,100
52578946730146,14:36:18.946,78.8600,100
52644186130352,14:37:24.186,78.9000,1
52644186130352,14:37:24.186,78.9000,28
52644187213449,14:37:24.187,78.9200,1
52644187213449,14:37:24.187,78.9200,100
52644188882790,14:37:24.188,78.9300,1
52644698398434,14:37:24.698,78.9500,1
52646408293668,14:37:26.408,78.9100,100
52731821870704,14:38:51.821,78.9300,100
52731821912920,14:38:51.821,78.9300,18
52731821938288,14:38:51.821,78.9300,27
52731822116197,14:38:51.822,78.9300,55
52763310172836,14:39:23.310,78.8900,100
52763310207642,14:39:23.310,78.8800,100
52763310213476,14:39:23.310,78.8800,19
52763310214809,14:39:23.310,78.8800,49
52763310225899,14:39:23.310,78.8800,24
52763310227330,14:39:23.310,78.8800,32
52763310230550,14:39:23.310,78.8800,32
52763312350375,14:39:23.312,78.8600,100
52801325406107,14:40:01.325,78.9000,21
52801326042489,14:40:01.326,78.9100,100
52854378773101,14:40:54.378,78.8600,1
52873751549620,14:41:13.751,78.8600,100
52906731413394,14:41:46.731,78.8800,64
52906731413394,14:41:46.731,78.8800,100
52906731883099,14:41:46.731,78.8800,15
52906732650294,14:41:46.732,78.8900,85
52910731007935,14:41:50.731,78.9000,6
52910731014853,14:41:50.731,78.9000,10
52910731014853,14:41:50.731,78.9000,28
52910731017889,14:41:50.731,78.9000,11
52995074992326,14:43:15.074,78.8700,100
52995080026758,14:43:15.080,78.8600,32
52995080070068,14:43:15.080,78.8600,268
52995080070068,14:43:15.080,78.8600,100
53055298506200,14:44:15.298,78.8600,100
53055298506200,14:44:15.298,78.8600,5
53057423604701,14:44:17.423,78.8900,100
53057423717661,14:44:17.423,78.8900,100
53057423717661,14:44:17.423,78.8900,100
53057480644289,14:44:17.480,78.8900,100
53082689499375,14:44:42.689,78.8700,100
53082697612919,14:44:42.697,78.8500,83
53172602831694,14:46:12.602,78.9000,100
53172602831694,14:46:12.602,78.9100,100
53172602893058,14:46:12.602,78.9100,99
53172602923113,14:46:12.602,78.9100,1
53172602923774,14:46:12.602,78.9100,9
53172602946167,14:46:12.602,78.9100,42
53172602977700,14:46:12.602,78.9100,1
53172603011848,14:46:12.603,78.9100,57
53172603011848,14:46:12.603,78.9100,1
53172603027856,14:46:12.603,78.9100,1
53172603499118,14:46:12.603,78.9100,89
53172603753626,14:46:12.603,78.9200,100
53172603753626,14:46:12.603,78.9200,10
53172758469458,14:46:12.758,78.9300,100
53172962365215,14:46:12.962,78.9500,100
53189261271707,14:46:29.261,78.9600,1
53189272289836,14:46:29.272,78.9700,1
53189289329092,14:46:29.289,78.9800,1
53189289329092,14:46:29.289,78.9800,10
53189326794732,14:46:29.326,79.0000,1
53194908354421,14:46:34.908,79.0000,10
53210854534884,14:46:50.854,78.9900,100
53219437560315,14:46:59.437,79.0000,100
53219794373119,14:46:59.794,79.0000,9
53225990056213,14:47:05.990,79.0100,1
53225990056213,14:47:05.990,79.0200,2
53225990056213,14:47:05.990,79.0300,1
53225990056213,14:47:05.990,79.0400,1
53229639695309,14:47:09.639,79.0500,1
53229639780257,14:47:09.639,79.0600,1
53240396320197,14:47:20.396,79.0700,1
53240396866051,14:47:20.396,79.0800,1
53240962058849,14:47:20.962,79.0900,1
53241040828360,14:47:21.040,79.1100,2
53245348843459,14:47:25.348,79.0700,47
53245348846851,14:47:25.348,79.0700,41
53245348857720,14:47:25.348,79.0700,12
53245350350471,14:47:25.350,79.0500,10
53245350350471,14:47:25.350,79.0400,12
53245350350471,14:47:25.350,79.0400,78
53274755206359,14:47:54.755,79.0400,22
53295419041239,14:48:15.419,79.0900,100
53295419068037,14:48:15.419,79.1000,23
53295419068037,14:48:15.419,79.1000,1
53295419672461,14:48:15.419,79.1000,9
53295420703755,14:48:15.420,79.1200,1
53295421207204,14:48:15.421,79.1400,1
53295421556278,14:48:15.421,79.1500,1
53301537643420,14:48:21.537,79.1400,100
53301537673107,14:48:21.537,79.1400,29
53301538785901,14:48:21.538,79.1500,100
53301538845700,14:48:21.538,79.1500,29
53301541407205,14:48:21.541,79.1600,1
53304637118960,14:48:24.637,79.1800,1
53304638439047,14:48:24.638,79.1900,1
53305136803675,14:48:25.136,79.2000,2
53310212600540,14:48:30.212,79.2300,2
53310212704796,14:48:30.212,79.2400,1
53310212704796,14:48:30.212,79.2400,90
53310212778895,14:48:30.212,79.2500,1
53310216273701,14:48:30.216,79.2600,1
53325437377193,14:48:45.437,79.2800,1
53325437552570,14:48:45.437,79.2900,1
53326042136202,14:48:46.042,79.3200,11
53326042136202,14:48:46.042,79.3200,89
53326042197502,14:48:46.042,79.3200,11
53348372655766,14:49:08.372,79.3000,100
53348372672850,14:49:08.372,79.3000,29
53348372681777,14:49:08.372,79.3000,71
53348389570875,14:49:08.389,79.3200,25
53364899887198,14:49:24.899,79.2500,100
53370189118540,14:49:30.189,79.2000,100
53457599503987,14:50:57.599,79.0400,1
53477747175811,14:51:17.747,79.0400,100
53477747175811,14:51:17.747,79.0400,100
53477747178048,14:51:17.747,79.0400,100
53477747709039,14:51:17.747,79.0500,100
53477747829899,14:51:17.747,79.0500,100
53477747834908,14:51:17.747,79.0500,100
53477749923111,14:51:17.749,79.0800,200
53481159261463,14:51:21.159,79.0800,3
53483536674198,14:51:23.536,79.1000,36
53522615277752,14:52:02.615,79.0600,100
53522615789478,14:52:02.615,79.0700,73
53522615801199,14:52:02.615,79.0700,27
53546975647309,14:52:26.975,79.0900,100
53546975647309,14:52:26.975,79.0900,2
53546975647309,14:52:26.975,79.0900,100
53546975670004,14:52:26.975,79.0900,200
53547008334866,14:52:27.008,79.1000,10
53547008334866,14:52:27.008,79.1000,90
53547008402144,14:52:27.008,79.1000,100
53548284705351,14:52:28.284,79.1100,100
53556710577964,14:52:36.710,79.1500,100
53556710644850,14:52:36.710,79.1500,100
53566710368174,14:52:46.710,79.1800,1
53589686376051,14:53:09.686,79.2100,1
53589686376051,14:53:09.686,79.2200,1
53589686376051,14:53:09.686,79.2300,14
53623446690684,14:53:43.446,79.2000,100
53623446867172,14:53:43.446,79.2000,100
53623447307424,14:53:43.447,79.2000,14
53623745244453,14:53:43.745,79.2200,96
53623745305395,14:53:43.745,79.2200,4
53633867582972,14:53:53.867,79.2300,100
53633867645136,14:53:53.867,79.2300,3
53633867645136,14:53:53.867,79.2300,1
53633882317685,14:53:53.882,79.2400,100
53633882317685,14:53:53.882,79.2400,100
53633909244240,14:53:53.909,79.2600,1
53637675843643,14:53:57.675,79.2700,1
53773794113888,14:56:13.794,79.2200,100
53805031763788,14:56:45.031,79.2500,6
53809794721339,14:56:49.794,79.2900,1
53809794721339,14:56:49.794,79.2900,100
53810012297951,14:56:50.012,79.2900,64
53810033921485,14:56:50.033,79.3300,1
53838896740421,14:57:18.896,79.2100,48
53838896741898,14:57:18.896,79.2100,52
53955619795570,14:59:15.619,79.3100,100
53955619795570,14:59:15.619,79.3100,4
53955619810614,14:59:15.619,79.3100,104
53955619835984,14:59:15.619,79.3100,1
53955619878171,14:59:15.619,79.3100,95
53955690286386,14:59:15.690,79.3200,1
53955690376531,14:59:15.690,79.3300,1
53957926495798,14:59:17.926,79.3400,1
53957926588377,14:59:17.926,79.3500,1
53976412975725,14:59:36.412,79.3500,1
53976412975725,14:59:36.412,79.3600,1
53983961523855,14:59:43.961,79.3700,1
53984593874027,14:59:44.593,79.3800,1
54022214622914,15:00:22.214,79.3200,100
54022215142529,15:00:22.215,79.3100,100
54022217907322,15:00:22.217,79.3000,100
54033001082367,15:00:33.001,79.3000,100
54037609726801,15:00:37.609,79.3000,100
54037609726801,15:00:37.609,79.3000,4
54200922936844,15:03:20.922,79.2400,100
54200933372302,15:03:20.933,79.2300,100
54211150195729,15:03:31.150,79.2500,65
54213661997308,15:03:33.661,79.2600,100
54213661997308,15:03:33.661,79.2600,4
54213663539274,15:03:33.663,79.2600,99
54213669991016,15:03:33.669,79.2600,1
54262133544058,15:04:22.133,79.1500,100
54265136768654,15:04:25.136,79.1400,100
54265136768654,15:04:25.136,79.1400,4
54265136768654,15:04:25.136,79.1400,42
54304432106900,15:05:04.432,79.1700,100
54304432123264,15:05:04.432,79.1700,100
54304432314076,15:05:04.432,79.1700,59
54304432375331,15:05:04.432,79.1700,16
54304432400878,15:05:04.432,79.1700,25
54304432400878,15:05:04.432,79.1700,75
54304432711679,15:05:04.432,79.1700,25
54304432711679,15:05:04.432,79.1700,100
54333310639888,15:05:33.310,79.1200,100
54346506241430,15:05:46.506,79.0800,100
54346506349032,15:05:46.506,79.0800,100
54350198024484,15:05:50.198,79.0300,100
54355100910670,15:05:55.100,79.0300,17
54355100940618,15:05:55.100,79.0300,83
54398511049133,15:06:38.511,79.0600,60
54484629708508,15:08:04.629,79.0900,63
54484629725182,15:08:04.629,79.0900,37
54484629725182,15:08:04.629,79.0900,63
54484629726121,15:08:04.629,79.0900,37
54545778137166,15:09:05.778,79.0700,100
54545778137166,15:09:05.778,79.0700,5
54549223757331,15:09:09.223,79.0400,100
54561232340646,15:09:21.232,79.0500,36
54561232557668,15:09:21.232,79.0500,64
54561232557668,15:09:21.232,79.0500,100
54561232857124,15:09:21.232,79.0500,100
54563216308633,15:09:23.216,79.0600,24
54563216542474,15:09:23.216,79.0600,41
54563216549997,15:09:23.216,79.0600,35
54626549745682,15:10:26.549,78.9900,32
54626549745682,15:10:26.549,78.9900,7
54626549745682,15:10:26.549,78.9900,100
54626549745682,15:10:26.549,78.9900,32
54638936628587,15:10:38.936,78.9800,2
54638936636626,15:10:38.936,78.9700,100
54655686633197,15:10:55.686,78.9600,62
54655686671893,15:10:55.686,78.9600,38
54662093021942,15:11:02.093,78.9400,100
54714987225658,15:11:54.987,78.9400,20
54714987225658,15:11:54.987,78.9400,5
54714987225658,15:11:54.987,78.9400,100
54714987225658,15:11:54.987,78.9400,100
54714987229904,15:11:54.987,78.9400,128
54714987232080,15:11:54.987,78.9400,72
54715084291401,15:11:55.084,78.9700,100
54715085357719,15:11:55.085,78.9800,100
54767287078290,15:12:47.287,79.0000,70
54767287092298,15:12:47.287,79.0000,30
54767287138599,15:12:47.287,79.0000,100
54767287210523,15:12:47.287,78.9800,20
54787222678580,15:13:07.222,79.0200,100
54787338219790,15:13:07.338,79.0300,1
54787528087914,15:13:07.528,79.0300,100
54787528405389,15:13:07.528,79.0200,14
54787528471192,15:13:07.528,79.0200,74
54787533541139,15:13:07.533,79.0300,100
54793113227161,15:13:13.113,79.0400,1
54793115318416,15:13:13.115,79.0500,2
54811551258707,15:13:31.551,79.0600,1
54812161931033,15:13:32.161,79.0700,1
54812167666619,15:13:32.167,79.0800,1
54812167666619,15:13:32.167,79.0800,100
54812167666619,15:13:32.167,79.0800,99
54812167736120,15:13:32.167,79.0800,1
54812167736120,15:13:32.167,79.0800,100
54812339897727,15:13:32.339,79.0900,1
54812339897727,15:13:32.339,79.1000,1
54812339897727,15:13:32.339,79.1200,1
54812339897727,15:13:32.339,79.1400,1
54812339897727,15:13:32.339,79.1400,96
54854386033829,15:14:14.386,79.1300,100
54854386576726,15:14:14.386,79.1400,100
54854386576726,15:14:14.386,79.1400,100
54854396901116,15:14:14.396,79.1500,1
54882459260469,15:14:42.459,79.1900,1
54888622492539,15:14:48.622,79.2100,1
54888622492539,15:14:48.622,79.2100,1
54889659995347,15:14:49.659,79.2200,1
54889659995347,15:14:49.659,79.2300,99
54889660112511,15:14:49.660,79.2300,1
54980958185655,15:16:20.958,79.2200,100
54983250306019,15:16:23.250,79.2300,50
54999116580421,15:16:39.116,79.2000,100
54999116580421,15:16:39.116,79.2000,3
54999116580421,15:16:39.116,79.2000,100
54999117006959,15:16:39.117,79.1800,100
54999133506107,15:16:39.133,79.1700,100
54999134037725,15:16:39.134,79.1700,58
54999134702263,15:16:39.134,79.1700,42
54999207643289,15:16:39.207,79.1600,100
54999208643987,15:16:39.208,79.1500,56
54999208643987,15:16:39.208,79.1500,44
54999208679096,15:16:39.208,79.1500,42
54999208697863,15:16:39.208,79.1500,14
55052137222791,15:17:32.137,79.1300,16
55084080486415,15:18:04.080,79.0800,100
55084080718767,15:18:04.080,79.0800,100
55084687341557,15:18:04.687,79.0700,100
55084687341557,15:18:04.687,79.0700,53
55084687372360,15:18:04.687,79.0700,47
55094147756641,15:18:14.147,79.0500,28
55094229451654,15:18:14.229,79.0500,72
55173003433853,15:19:33.003,79.0100,100
55173006616852,15:19:33.006,79.0200,100
55173006616852,15:19:33.006,79.0200,100
55173007578986,15:19:33.007,79.0200,12
55173034868922,15:19:33.034,79.0200,88
55173035876806,15:19:33.035,79.0500,200
55173062460982,15:19:33.062,79.0100,3
55175620792262,15:19:35.620,79.0600,100
55175646739472,15:19:35.646,79.1000,1
55195567770756,15:19:55.567,79.1100,1
55198471276772,15:19:58.471,79.1200,1
55202657505902,15:20:02.657,79.1300,1
55212684656899,15:20:12.684,79.1500,1
55212685126156,15:20:12.685,79.1600,2
55220774279932,15:20:20.774,79.1700,2
55220774279932,15:20:20.774,79.1700,98
55220774368334,15:20:20.774,79.1700,2
55220774368334,15:20:20.774,79.1700,3
55220804726838,15:20:20.804,79.1800,1
55220835594002,15:20:20.835,79.1900,2
55220862236378,15:20:20.862,79.2000,1
55237537116252,15:20:37.537,79.2100,1
55254721991027,15:20:54.721,79.2200,1
55254721991027,15:20:54.721,79.2200,1
55254800266564,15:20:54.800,79.1700,100
55298374195499,15:21:38.374,79.2000,60
55315838793682,15:21:55.838,79.2400,1
55315838793682,15:21:55.838,79.2400,1
55315854814308,15:21:55.854,79.2300,42
55315854814308,15:21:55.854,79.2300,25
55315944898977,15:21:55.944,79.2500,100
55329151096931,15:22:09.151,79.2100,100
55329151751725,15:22:09.151,79.2000,54
55329151782341,15:22:09.151,79.2100,46
55329151801527,15:22:09.151,79.2100,54
55329151886113,15:22:09.151,79.2000,46
55339434543966,15:22:19.434,79.2300,13
55375693106735,15:22:55.693,79.1900,11
55375693106735,15:22:55.693,79.1900,89
55460441575429,15:24:20.441,79.1900,11
55460441575429,15:24:20.441,79.1900,5
55460441575429,15:24:20.441,79.1900,100
55460441575429,15:24:20.441,79.1900,3
55460441587623,15:24:20.441,79.1900,4
55460441587623,15:24:20.441,79.1900,69
55460441595063,15:24:20.441,79.1900,27
55460441603594,15:24:20.441,79.1900,4
55460454165062,15:24:20.454,79.2000,100
55467467941555,15:24:27.467,79.2400,100
55467688772105,15:24:27.688,79.2500,100
55467688841340,15:24:27.688,79.2600,1
55467688841340,15:24:27.688,79.2600,1
55467692902520,15:24:27.692,79.2600,100
55473209697174,15:24:33.209,79.2600,15
55482236327350,15:24:42.236,79.2600,100
55482236428228,15:24:42.236,79.2600,230
55482236484647,15:24:42.236,79.2600,75
55482237004464,15:24:42.237,79.2600,80
55522253444648,15:25:22.253,79.2600,100
55522969026652,15:25:22.969,79.2700,24
55534477068313,15:25:34.477,79.2400,100
55604393619211,15:26:44.393,79.2400,11
55608253222298,15:26:48.253,79.2200,19
55608253222298,15:26:48.253,79.2200,44
55619821762955,15:26:59.821,79.2200,56
55619821762955,15:26:59.821,79.2200,44
55625204154347,15:27:05.204,79.2200,56
55625204154347,15:27:05.204,79.2200,44
55630174453675,15:27:10.174,79.2100,44
55633858305862,15:27:13.858,79.2100,10
55633868957166,15:27:13.868,79.2100,46
55673128578470,15:27:53.128,79.2200,12
55673128631061,15:27:53.128,79.2200,9
55673128685307,15:27:53.128,79.2200,79
55673173793559,15:27:53.173,79.2300,100
55673173793559,15:27:53.173,79.2300,10
55674077760496,15:27:54.077,79.2200,18
55676991646197,15:27:56.991,79.2500,100
55676991718851,15:27:56.991,79.2600,10
55687576591400,15:28:07.576,79.2300,10
55687576717218,15:28:07.576,79.2400,10
55687576862559,15:28:07.576,79.2500,10
55713077010950,15:28:33.077,79.2650,100
55713577010332,15:28:33.577,79.2650,100
55718701016567,15:28:38.701,79.2650,100
55722353513410,15:28:42.353,79.2300,100
55722353513410,15:28:42.353,79.2300,100
55722353513410,15:28:42.353,79.2200,100
55722353513410,15:28:42.353,79.2200,38
55722353513410,15:28:42.353,79.2200,100
55736753842326,15:28:56.753,79.2300,100
55736754596593,15:28:56.754,79.2500,24
55736754640623,15:28:56.754,79.2500,5
55736754686057,15:28:56.754,79.2500,71
55736754686057,15:28:56.754,79.2500,18
55736754686057,15:28:56.754,79.2500,5
55736755336345,15:28:56.755,79.2500,95
55762101747960,15:29:22.101,79.2100,100
55764354635337,15:29:24.354,79.1800,100
55764354635337,15:29:24.354,79.1700,100
55764354635337,15:29:24.354,79.1700,100
55777701859312,15:29:37.701,79.1400,100
55812688947976,15:30:12.688,79.0800,45
55812688961435,15:30:12.688,79.0800,49
55812688965860,15:30:12.688,79.0800,6
55813078405368,15:30:13.078,79.1300,100
55833016964241,15:30:33.016,79.1300,96
55833017063483,15:30:33.017,79.1300,4
55833017063483,15:30:33.017,79.1300,7
55833017112600,15:30:33.017,79.1300,96
55833017519605,15:30:33.017,79.1300,4
55837583155975,15:30:37.583,79.1400,35
55871407437792,15:31:11.407,79.1400,100
55871407437792,15:31:11.407,79.1400,100
55871409900746,15:31:11.409,79.1200,100
55871409917557,15:31:11.409,79.1400,10
55871409917557,15:31:11.409,79.1500,90
55871409998955,15:31:11.409,79.1400,10
55871410282396,15:31:11.410,79.1400,90
55871410347795,15:31:11.410,79.1300,10
55871410353388,15:31:11.410,79.1500,10
55871439618039,15:31:11.439,79.1300,90
55872155674796,15:31:12.155,79.1200,100
55872441210903,15:31:12.441,79.1400,100
55889636742911,15:31:29.636,79.1700,100
55889636742911,15:31:29.636,79.1700,100
55896406714278,15:31:36.406,79.1800,100
55931345796871,15:32:11.345,79.1600,100
55931346662524,15:32:11.346,79.1500,100
55931347140428,15:32:11.347,79.1600,100
55954139567667,15:32:34.139,79.1400,96
55954139796903,15:32:34.139,79.1400,4
55956873741008,15:32:36.873,79.1700,100
55956873880818,15:32:36.873,79.1700,100
55987976195545,15:33:07.976,79.1300,100
55993405298861,15:33:13.405,79.1600,100
56000019658137,15:33:20.019,79.1500,64
56000019658137,15:33:20.019,79.1500,35
56029410234830,15:33:49.410,79.1400,1
56029410275677,15:33:49.410,79.1400,99
56044017668050,15:34:04.017,79.1100,100
56074763010919,15:34:34.763,79.0900,100
56079903823950,15:34:39.903,79.0800,100
56097201099522,15:34:57.201,79.0300,100
56099939740594,15:34:59.939,79.0700,5
56099939740594,15:34:59.939,79.0700,8
56099942288046,15:34:59.942,79.0800,13
56099942643037,15:34:59.942,79.0800,87
56099944956882,15:34:59.944,79.0800,100
56099948003476,15:34:59.948,79.0800,100
56100349036937,15:35:00.349,79.0800,10
56100350329828,15:35:00.350,79.0900,100
56133411348750,15:35:33.411,79.1200,21
56133411348750,15:35:33.411,79.1200,79
56133411391486,15:35:33.411,79.1200,21
56133411815274,15:35:33.411,79.1200,100
56135674844696,15:35:35.674,79.1300,100
56135674844696,15:35:35.674,79.1300,2
56135676502404,15:35:35.676,79.1400,100
56170075349483,15:36:10.075,79.1300,100
56170075367332,15:36:10.075,79.1300,54
56170075369695,15:36:10.075,79.1300,46
56170077021842,15:36:10.077,79.1200,100
56170078198962,15:36:10.078,79.1100,100
56170083549718,15:36:10.083,79.1000,100
56170083586203,15:36:10.083,79.1000,100
56188430236697,15:36:28.430,79.1000,100
56188430764737,15:36:28.430,79.1000,9
56244934697857,15:37:24.934,79.1200,100
56244936003669,15:37:24.936,79.1200,48
56244936081439,15:37:24.936,79.1200,52
56244936095925,15:37:24.936,79.1200,100
56258057319888,15:37:38.057,79.1200,51
56258057325764,15:37:38.057,79.1200,49
56258057325764,15:37:38.057,79.1200,100
56258059741144,15:37:38.059,79.1300,29
56258060686629,15:37:38.060,79.1300,29
56258060762231,15:37:38.060,79.1300,42
56322376521842,15:38:42.376,79.1300,100
56322376521842,15:38:42.376,79.1300,13
56322376521842,15:38:42.376,79.1300,100
56322376709063,15:38:42.376,79.1300,97
56322376766442,15:38:42.376,79.1300,3
56323519631587,15:38:43.519,79.1400,20
56323519631587,15:38:43.519,79.1400,15
56323520806754,15:38:43.520,79.1400,49
56323522210590,15:38:43.522,79.1400,36
56326496923833,15:38:46.496,79.1600,1
56330476722851,15:38:50.476,79.2000,2
56330476722851,15:38:50.476,79.2000,2
56330476722851,15:38:50.476,79.2000,6
56363221627368,15:39:23.221,79.1900,97
56363221635358,15:39:23.221,79.1900,3
56363221635358,15:39:23.221,79.1900,100
56363221635358,15:39:23.221,79.1900,46
56363221644444,15:39:23.221,79.1900,49
56363221645001,15:39:23.221,79.1900,5
56396204034832,15:39:56.204,79.1700,100
56396204089524,15:39:56.204,79.1700,100
56442042170168,15:40:42.042,79.1900,3
56442042196898,15:40:42.042,79.1900,55
56442042484033,15:40:42.042,79.1900,42
56442042484033,15:40:42.042,79.1900,58
56442042571450,15:40:42.042,79.1900,42
56442042571450,15:40:42.042,79.1900,100
56442042571450,15:40:42.042,79.1900,20
56442042571450,15:40:42.042,79.1900,21
56442042571450,15:40:42.042,79.1900,17
56442042592180,15:40:42.042,79.1900,83
56442042592180,15:40:42.042,79.1900,17
56442042806259,15:40:42.042,79.1900,83
56442042806259,15:40:42.042,79.1900,17
56442042885501,15:40:42.042,79.1900,83
56442066461328,15:40:42.066,79.1900,100
56463183277275,15:41:03.183,79.1900,84
56463183413235,15:41:03.183,79.1900,16
56463183413235,15:41:03.183,79.1900,34
56463183418493,15:41:03.183,79.1900,66
56480512780928,15:41:20.512,79.1800,100
56480512812697,15:41:20.512,79.1800,100
56486999209765,15:41:26.999,79.1700,14
56486999209765,15:41:26.999,79.1700,86
56486999253342,15:41:26.999,79.1700,38
56487039551131,15:41:27.039,79.2000,90
56493708012988,15:41:33.708,79.1800,100
56495363402541,15:41:35.363,79.1700,30
56498917547807,15:41:38.917,79.1600,64
56505208581853,15:41:45.208,79.1500,100
56505208613890,15:41:45.208,79.1500,100
56505209729336,15:41:45.209,79.1400,100
56505209729336,15:41:45.209,79.1400,100
56505209729336,15:41:45.209,79.1400,100
56505209729336,15:41:45.209,79.1400,100
56505209729336,15:41:45.209,79.1400,100
56505536763909,15:41:45.536,79.1300,95
56505537550303,15:41:45.537,79.1300,5
56508220164956,15:41:48.220,79.1400,100
56530835753782,15:42:10.835,79.1400,100
56530835753782,15:42:10.835,79.1400,100
56530835753782,15:42:10.835,79.1400,13
56530836436417,15:42:10.836,79.1500,100
56530836436417,15:42:10.836,79.1500,25
56530836496284,15:42:10.836,79.1500,75
56539285620697,15:42:19.285,79.1600,100
56561507668620,15:42:41.507,79.1600,70
56563932249191,15:42:43.932,79.1800,94
56563932249191,15:42:43.932,79.1800,6
56563932627858,15:42:43.932,79.1800,94
56563932627858,15:42:43.932,79.1800,100
56570461355121,15:42:50.461,79.1900,100
56592007841599,15:43:12.007,79.2100,100
56592007841599,15:43:12.007,79.2100,20
56592012447707,15:43:12.012,79.2100,100
56592012447707,15:43:12.012,79.2100,15
56593012299146,15:43:13.012,79.2100,28
56593012324392,15:43:13.012,79.2100,57
56593042430223,15:43:13.042,79.2200,100
56611293541989,15:43:31.293,79.2300,2
56611293541989,15:43:31.293,79.2300,98
56611293576609,15:43:31.293,79.2300,2
56611293576609,15:43:31.293,79.2300,100
56611293576609,15:43:31.293,79.2300,100
56611810118483,15:43:31.810,79.2400,1
56625156589190,15:43:45.156,79.2500,100
56649966406027,15:44:09.966,79.2800,2
56649966406027,15:44:09.966,79.2800,8
56649966406027,15:44:09.966,79.2800,39
56649966406027,15:44:09.966,79.2800,100
56649980002646,15:44:09.980,79.2900,20
56649980002646,15:44:09.980,79.2900,58
56685008365711,15:44:45.008,79.2900,100
56685008365711,15:44:45.008,79.2900,100
56685008365711,15:44:45.008,79.2900,100
56686243951357,15:44:46.243,79.2900,24
56688113903156,15:44:48.113,79.3000,100
56700019544789,15:45:00.019,79.3000,100
56700019544789,15:45:00.019,79.3000,100
56700019544789,15:45:00.019,79.3000,100
56700019544789,15:45:00.019,79.3000,100
56700019557014,15:45:00.019,79.3000,100
56700019557014,15:45:00.019,79.3000,100
56700019557014,15:45:00.019,79.2900,100
56700019557014,15:45:00.019,79.2900,100
56700019557014,15:45:00.019,79.2900,100
56700019557014,15:45:00.019,79.2900,100
56700019557014,15:45:00.019,79.2900,200
56700019557014,15:45:00.019,79.2800,100
56700019557014,15:45:00.019,79.2800,100
56700020536095,15:45:00.020,79.2700,2
56700044328022,15:45:00.044,79.2700,98
56700044424408,15:45:00.044,79.2700,98
56700044453565,15:45:00.044,79.2700,2
56720547205280,15:45:20.547,79.2400,100
56720547205280,15:45:20.547,79.2400,1
56720547205280,15:45:20.547,79.2400,99
56720547247002,15:45:20.547,79.2400,1
56720577320377,15:45:20.577,79.2300,100
56721882146429,15:45:21.882,79.2100,71
56722736497435,15:45:22.736,79.2100,100
56730809836322,15:45:30.809,79.2100,100
56730815775685,15:45:30.815,79.2100,50
56730815791772,15:45:30.815,79.2100,50
56737230530877,15:45:37.230,79.2300,100
56737230530877,15:45:37.230,79.2300,47
56737231595817,15:45:37.231,79.2300,22
56737234968663,15:45:37.234,79.2300,31
56737234968663,15:45:37.234,79.2300,100
56737274405429,15:45:37.274,79.2400,100
56737274549320,15:45:37.274,79.2400,41
56769812249704,15:46:09.812,79.2400,30
56769812690569,15:46:09.812,79.2500,100
56769812690569,15:46:09.812,79.2500,100
56772994478413,15:46:12.994,79.2500,200
56803700327429,15:46:43.700,79.2600,58
56817693463053,15:46:57.693,79.2400,100
56820914814343,15:47:00.914,79.2400,100
56842236932970,15:47:22.236,79.2300,18
56842236932970,15:47:22.236,79.2300,100
56842236932970,15:47:22.236,79.2300,100
56842237106832,15:47:22.237,79.2300,100
56842237687865,15:47:22.237,79.2200,100
56842237691194,15:47:22.237,79.2200,50
56842237703624,15:47:22.237,79.2200,50
56843872774836,15:47:23.872,79.2400,30
56857656487792,15:47:37.656,79.2400,95
56874706908916,15:47:54.706,79.2300,3
56875629600160,15:47:55.629,79.2400,100
56875629600160,15:47:55.629,79.2400,100
56875630002252,15:47:55.630,79.2400,100
56875923162319,15:47:55.923,79.2500,100
56875923162319,15:47:55.923,79.2500,21
56875923236860,15:47:55.923,79.2500,100
56875923236860,15:47:55.923,79.2500,58
56876098979700,15:47:56.098,79.2600,42
56876098979700,15:47:56.098,79.2600,100
56876098979700,15:47:56.098,79.2600,8
56876099005198,15:47:56.099,79.2600,92
56876099005198,15:47:56.099,79.2600,100
56876099005198,15:47:56.099,79.2600,50
56876099420895,15:47:56.099,79.2600,50
56876100000248,15:47:56.100,79.2700,100
56888014520365,15:48:08.014,79.2800,100
56888014520365,15:48:08.014,79.2800,40
56888014520365,15:48:08.014,79.2800,9
56888014543363,15:48:08.014,79.2800,61
56888014543363,15:48:08.014,79.2800,100
56888015102213,15:48:08.015,79.2800,100
56888015275941,15:48:08.015,79.2800,100
56888015293660,15:48:08.015,79.2800,10
56888015313928,15:48:08.015,79.2800,100
56888017653659,15:48:08.017,79.2800,90
56889793866568,15:48:09.793,79.2900,100
56889793866568,15:48:09.793,79.2900,100
56889794261384,15:48:09.794,79.2900,100
56903650392652,15:48:23.650,79.2800,3
56903650392652,15:48:23.650,79.2800,20
56910377949010,15:48:30.377,79.2900,4
56910377949010,15:48:30.377,79.2900,46
56910377949777,15:48:30.377,79.2900,49
56910377992074,15:48:30.377,79.2900,5
56910377992074,15:48:30.377,79.2900,95
56910378009286,15:48:30.378,79.2900,5
56910378266456,15:48:30.378,79.2900,100
56950009802409,15:49:10.009,79.3100,2
56950009802409,15:49:10.009,79.3100,100
56950009802409,15:49:10.009,79.3100,100
56950010543621,15:49:10.010,79.3200,2
56950015455519,15:49:10.015,79.3300,1
56950015455519,15:49:10.015,79.3300,1
56950018959937,15:49:10.018,79.3200,59
56950019151045,15:49:10.019,79.3200,41
56952014454761,15:49:12.014,79.3400,2
56965786127254,15:49:25.786,79.3400,2
56965786183745,15:49:25.786,79.3400,2
56972277738753,15:49:32.277,79.3300,100
56972277738753,15:49:32.277,79.3300,100
56972277738753,15:49:32.277,79.3300,100
56972280341792,15:49:32.280,79.3200,100
57000112478964,15:50:00.112,79.3200,100
57000112478964,15:50:00.112,79.3200,100
57000256529314,15:50:00.256,79.3100,100
57000256529314,15:50:00.256,79.3100,2
57000256762165,15:50:00.256,79.3100,27
57013322813051,15:50:13.322,79.3000,49
57013323577777,15:50:13.323,79.3000,44
57013324228530,15:50:13.324,79.3000,7
57016343135482,15:50:16.343,79.2900,20
57016427988898,15:50:16.427,79.2900,141
57016427988898,15:50:16.427,79.2900,59
57016551524067,15:50:16.551,79.3000,162
57016551524067,15:50:16.551,79.3000,100
57016552060032,15:50:16.552,79.3100,100
57016552082796,15:50:16.552,79.3100,100
57016552443131,15:50:16.552,79.3100,15
57017811579877,15:50:17.811,79.3100,100
57070892176040,15:51:10.892,79.3200,100
57070892176040,15:51:10.892,79.3200,38
57070892176040,15:51:10.892,79.3200,62
57070892212874,15:51:10.892,79.3200,38
57070892212874,15:51:10.892,79.3200,100
57070892212874,15:51:10.892,79.3200,100
57070892433794,15:51:10.892,79.3200,100
57104454836313,15:51:44.454,79.3300,18
57104454836313,15:51:44.454,79.3300,100
57104454836313,15:51:44.454,79.3300,100
57104454836313,15:51:44.454,79.3300,100
57104454836313,15:51:44.454,79.3300,100
57104455822061,15:51:44.455,79.3400,49
57104455836109,15:51:44.455,79.3400,149
57104455837431,15:51:44.455,79.3400,2
57104455837431,15:51:44.455,79.3400,48
57104455849502,15:51:44.455,79.3400,50
57104455864728,15:51:44.455,79.3400,2
57104455864728,15:51:44.455,79.3400,100
57104455871097,15:51:44.455,79.3400,48
57104456103274,15:51:44.456,79.3400,52
57115160617081,15:51:55.160,79.3200,200
57115160617081,15:51:55.160,79.3200,100
57115160648728,15:51:55.160,79.3200,100
57115160648728,15:51:55.160,79.3200,100
57115160648728,15:51:55.160,79.3200,100
57115160648728,15:51:55.160,79.3200,100
57115160997248,15:51:55.160,79.3200,100
57115160997248,15:51:55.160,79.3200,100
57115161037795,15:51:55.161,79.3200,100
57115161046216,15:51:55.161,79.3200,100
57115161439196,15:51:55.161,79.3100,100
57117166026058,15:51:57.166,79.3150,92
57117166026058,15:51:57.166,79.3100,8
57117166213837,15:51:57.166,79.3100,92
57117166213837,15:51:57.166,79.3100,8
57120014348615,15:52:00.014,79.3100,92
57124820831131,15:52:04.820,79.3200,100
57124820859960,15:52:04.820,79.3200,66
57124826955234,15:52:04.826,79.3400,200
57124827103825,15:52:04.827,79.3400,40
57129440681578,15:52:09.440,79.3500,2
57129440681578,15:52:09.440,79.3500,21
57129440782314,15:52:09.440,79.3500,79
57129440782314,15:52:09.440,79.3500,8
57129440782314,15:52:09.440,79.3500,21
57129440855643,15:52:09.440,79.3500,79
57129440855643,15:52:09.440,79.3500,29
57129441855862,15:52:09.441,79.3500,54
57129441857852,15:52:09.441,79.3500,100
57129442205599,15:52:09.442,79.3500,100
57129442291789,15:52:09.442,79.3500,71
57129442291789,15:52:09.442,79.3500,29
57129442300911,15:52:09.442,79.3500,17
57129800042831,15:52:09.800,79.3600,100
57129837013806,15:52:09.837,79.3600,100
57129837103472,15:52:09.837,79.3600,100
57133108695032,15:52:13.108,79.3700,88
57152609367396,15:52:32.609,79.3400,100
57159035914404,15:52:39.035,79.3200,100
57159171342670,15:52:39.171,79.3300,100
57159171700229,15:52:39.171,79.3400,100
57159171700229,15:52:39.171,79.3400,100
57174542102720,15:52:54.542,79.3100,100
57174542198345,15:52:54.542,79.3200,6
57174542309436,15:52:54.542,79.3000,100
57174542309436,15:52:54.542,79.3000,5
57174542474302,15:52:54.542,79.3100,94
57194597348241,15:53:14.597,79.3100,44
57194597348241,15:53:14.597,79.3100,100
57194597348241,15:53:14.597,79.3100,47
57194597693091,15:53:14.597,79.3100,53
57194597693091,15:53:14.597,79.3100,33
57194597721577,15:53:14.597,79.3100,67
57194597721577,15:53:14.597,79.3100,100
57197340216080,15:53:17.340,79.3100,100
57197340216080,15:53:17.340,79.3100,25
57197340216080,15:53:17.340,79.3000,200
57197340216080,15:53:17.340,79.3000,100
57199309346964,15:53:19.309,79.2800,100
57199309346964,15:53:19.309,79.2800,100
57200009556849,15:53:20.009,79.2800,88
57203358761088,15:53:23.358,79.2800,95
57203358874120,15:53:23.358,79.2800,5
57203358874120,15:53:23.358,79.2900,129
57203358899010,15:53:23.358,79.2900,165
57205133028767,15:53:25.133,79.2700,4
57205133028767,15:53:25.133,79.2700,72
57205480483120,15:53:25.480,79.2600,100
57207042639252,15:53:27.042,79.2600,100
57215277671916,15:53:35.277,79.2600,100
57215284149620,15:53:35.284,79.2700,5
57215348902671,15:53:35.348,79.2700,55
57215348931701,15:53:35.348,79.2700,40
57232006270547,15:53:52.006,79.2500,31
57232795399070,15:53:52.795,79.2400,100
57232795767549,15:53:52.795,79.2400,100
57236226667663,15:53:56.226,79.2300,100
57236227054934,15:53:56.227,79.2300,95
57236227867786,15:53:56.227,79.2300,5
57236227867786,15:53:56.227,79.2300,95
57246694493258,15:54:06.694,79.2200,100
57247448399221,15:54:07.448,79.2300,100
57247448654714,15:54:07.448,79.2300,75
57248180191359,15:54:08.180,79.2300,171
57248180252619,15:54:08.180,79.2300,714
57248180277677,15:54:08.180,79.2300,100
57248180293451,15:54:08.180,79.2300,100
57248180300848,15:54:08.180,79.2300,100
57248180335250,15:54:08.180,79.2300,100
57248180356199,15:54:08.180,79.2300,100
57248180466585,15:54:08.180,79.2300,100
57248180734279,15:54:08.180,79.2300,103
57248181274231,15:54:08.181,79.2300,1314
57248181274231,15:54:08.181,79.2300,100
57248181274231,15:54:08.181,79.2300,100
57248181786633,15:54:08.181,79.2400,100
57248183521722,15:54:08.183,79.2500,100
57249042078008,15:54:09.042,79.2500,39
57249042078008,15:54:09.042,79.2500,100
57249042078008,15:54:09.042,79.2500,100
57249042660952,15:54:09.042,79.2500,100
57251670947681,15:54:11.670,79.2600,91
57256016416722,15:54:16.016,79.2600,100
57266613316140,15:54:26.613,79.2500,200
57266613316140,15:54:26.613,79.2500,3
