timestamp,time,price,volume
34200219115647,09:30:00.219,0.0000,0
34437088314690,09:33:57.088,6.2500,100
34437088344467,09:33:57.088,6.2500,100
34437088344467,09:33:57.088,6.2500,100
34437088344467,09:33:57.088,6.2500,100
34437088344467,09:33:57.088,6.2500,100
34437088344467,09:33:57.088,6.2500,100
34437088344467,09:33:57.088,6.2500,100
34437088344467,09:33:57.088,6.2500,100
34437088344467,09:33:57.088,6.2500,100
34484120638042,09:34:44.120,6.2500,181
34602189122903,09:36:42.189,6.2400,100
34602189122903,09:36:42.189,6.2400,100
34605536137702,09:36:45.536,6.2200,100
34605536672792,09:36:45.536,6.2200,200
34669087186757,09:37:49.087,6.2400,5
34679235872601,09:37:59.235,6.2400,200
34719102327850,09:38:39.102,6.2400,100
34748516122846,09:39:08.516,6.2400,100
35017576829433,09:43:37.576,6.2600,200
35017577216003,09:43:37.577,6.2600,100
35017577243039,09:43:37.577,6.2600,100
35017582826153,09:43:37.582,6.2700,100
35017582826153,09:43:37.582,6.2700,100
35017582826153,09:43:37.582,6.2700,100
35017582826153,09:43:37.582,6.2700,100
35017582826153,09:43:37.582,6.2700,100
35017582826153,09:43:37.582,6.2700,200
35017582891243,09:43:37.582,6.2700,100
35017582891243,09:43:37.582,6.2700,100
35017582895658,09:43:37.582,6.2700,400
35024161821546,09:43:44.161,6.2600,696
35024166400199,09:43:44.166,6.2600,204
35024166400199,09:43:44.166,6.2600,100
35024166400199,09:43:44.166,6.2600,96
35024167080560,09:43:44.167,6.2600,72
35024167080560,09:43:44.167,6.2600,28
35024167104601,09:43:44.167,6.2600,100
35437211109359,09:50:37.211,6.2600,72
35437211109359,09:50:37.211,6.2600,200
35437218534853,09:50:37.218,6.2600,100
35437218534853,09:50:37.218,6.2600,85
35437218534853,09:50:37.218,6.2600,100
35544176269635,09:52:24.176,6.2600,100
35544176269635,09:52:24.176,6.2600,100
35901022661000,09:58:21.022,6.2500,5
35967215308095,09:59:27.215,6.2600,300
36000145951899,10:00:00.145,6.2700,100
36182063033399,10:03:02.063,6.2700,100
36182063033399,10:03:02.063,6.2700,100
36182063033399,10:03:02.063,6.2700,100
36182063033399,10:03:02.063,6.2700,100
36182063033399,10:03:02.063,6.2700,100
36182063033399,10:03:02.063,6.2700,100
36182063033399,10:03:02.063,6.2700,100
36182063033399,10:03:02.063,6.2700,600
36216997771343,10:03:36.997,6.2600,100
36577507306027,10:09:37.507,6.2600,100
36577507306027,10:09:37.507,6.2600,100
36577507306027,10:09:37.507,6.2600,100
36673781884340,10:11:13.781,6.2700,100
36673781884340,10:11:13.781,6.2700,400
36673781912908,10:11:13.781,6.2700,700
36673781912908,10:11:13.781,6.2700,100
36705086835427,10:11:45.086,6.2900,200
36801115339087,10:13:21.115,6.2900,100
36802086236273,10:13:22.086,6.2900,100
36812086237177,10:13:32.086,6.2900,100
36822086707315,10:13:42.086,6.2900,100
36842086827630,10:14:02.086,6.2900,100
36842094568748,10:14:02.094,6.2900,100
36844454030839,10:14:04.454,6.2900,2
36884086994579,10:14:44.086,6.2900,21
36884086994579,10:14:44.086,6.2900,79
37028626680646,10:17:08.626,6.2900,100
37040086143348,10:17:20.086,6.2900,100
37040086143348,10:17:20.086,6.2900,100
37055093084337,10:17:35.093,6.2900,100
37144466106872,10:19:04.466,6.2900,100
37144466106872,10:19:04.466,6.2900,100
37144469069953,10:19:04.469,6.2900,100
37144469069953,10:19:04.469,6.2900,100
37290807553949,10:21:30.807,6.2900,100
37290807553949,10:21:30.807,6.2900,100
37390987151152,10:23:10.987,6.3000,200
37390987151152,10:23:10.987,6.3000,200
37390987151152,10:23:10.987,6.3000,100
37506090172551,10:25:06.090,6.3000,100
37506090172551,10:25:06.090,6.3000,100
37508683839616,10:25:08.683,6.3000,100
37509575314394,10:25:09.575,6.3000,100
37509575314394,10:25:09.575,6.3000,100
37736086506050,10:28:56.086,6.3000,100
37741086496295,10:29:01.086,6.3000,100
37761086742016,10:29:21.086,6.3000,100
37763076555354,10:29:23.076,6.3000,100
37763076555354,10:29:23.076,6.3000,100
37771086954460,10:29:31.086,6.3000,100
37823904436312,10:30:23.904,6.3000,99
37823904436312,10:30:23.904,6.3000,100
37823904436312,10:30:23.904,6.3000,100
37873106838820,10:31:13.106,6.3000,100
37873106838820,10:31:13.106,6.3000,100
37873107737084,10:31:13.107,6.3000,100
37989088729948,10:33:09.088,6.3100,200
37994159935396,10:33:14.159,6.3200,600
38126225905375,10:35:26.225,6.3200,400
38126225905375,10:35:26.225,6.3200,100
38239024402913,10:37:19.024,6.3200,100
38239024402913,10:37:19.024,6.3200,100
38239024402913,10:37:19.024,6.3200,100
38239048358183,10:37:19.048,6.3200,100
38239048358183,10:37:19.048,6.3200,100
38356088818790,10:39:16.088,6.3200,100
38356088818790,10:39:16.088,6.3200,100
38356088818790,10:39:16.088,6.3200,200
38357223006401,10:39:17.223,6.3300,200
38357223006401,10:39:17.223,6.3300,200
38357223006401,10:39:17.223,6.3300,100
38475380105861,10:41:15.380,6.3300,200
38475380105861,10:41:15.380,6.3300,200
38475380105861,10:41:15.380,6.3300,100
38593682559941,10:43:13.682,6.3300,100
38593682559941,10:43:13.682,6.3300,200
38593682559941,10:43:13.682,6.3300,200
38594326343317,10:43:14.326,6.3300,100
38594326343317,10:43:14.326,6.3300,100
38594344974267,10:43:14.344,6.3300,100
38594344974267,10:43:14.344,6.3300,100
38594344974267,10:43:14.344,6.3300,350
38594344974267,10:43:14.344,6.3300,100
38714737038411,10:45:14.737,6.3300,100
38714737038411,10:45:14.737,6.3300,200
38714737038411,10:45:14.737,6.3300,100
38714737038411,10:45:14.737,6.3300,100
38719087706666,10:45:19.087,6.3300,100
38719087706666,10:45:19.087,6.3300,100
38719087706666,10:45:19.087,6.3300,100
38719089166728,10:45:19.089,6.3300,100
38719110005504,10:45:19.110,6.3300,100
38724568031953,10:45:24.568,6.3250,100
38724568031953,10:45:24.568,6.3250,400
38724568031953,10:45:24.568,6.3200,200
38724568031953,10:45:24.568,6.3200,200
38724568031953,10:45:24.568,6.3200,3
38724569145923,10:45:24.569,6.3200,100
39001087579802,10:50:01.087,6.3300,100
39015142959446,10:50:15.142,6.3200,100
39015142959446,10:50:15.142,6.3200,100
39015142959446,10:50:15.142,6.3200,100
39015142959446,10:50:15.142,6.3200,100
39015145700508,10:50:15.145,6.3200,100
39079088560187,10:51:19.088,6.3200,31
39079088560187,10:51:19.088,6.3200,100
39092170970695,10:51:32.170,6.3200,100
39092170970695,10:51:32.170,6.3200,100
39092170970695,10:51:32.170,6.3200,100
39195325896876,10:53:15.325,6.3200,200
39195325896876,10:53:15.325,6.3200,100
39266591835997,10:54:26.591,6.3200,100
39266591835997,10:54:26.591,6.3200,100
39266591835997,10:54:26.591,6.3200,100
39266591835997,10:54:26.591,6.3200,100
39370688628401,10:56:10.688,6.3100,100
39370688628401,10:56:10.688,6.3100,100
39370688628401,10:56:10.688,6.3100,100
39370700079460,10:56:10.700,6.3100,100
39370700079460,10:56:10.700,6.3100,100
39370700079460,10:56:10.700,6.3100,259
39562579657439,10:59:22.579,6.3100,100
39562579657439,10:59:22.579,6.3100,100
39562579657439,10:59:22.579,6.3100,100
39562579657439,10:59:22.579,6.3100,100
39662819124376,11:01:02.819,6.3100,100
39662819124376,11:01:02.819,6.3100,100
39662819124376,11:01:02.819,6.3100,100
39662819124376,11:01:02.819,6.3100,200
39662819778732,11:01:02.819,6.3100,39
39662819806947,11:01:02.819,6.3100,61
39665597893734,11:01:05.597,6.3200,100
39665597893734,11:01:05.597,6.3200,100
39665597893734,11:01:05.597,6.3200,100
39666086135049,11:01:06.086,6.3200,100
39756444752537,11:02:36.444,6.3100,100
39756444752537,11:02:36.444,6.3100,200
39756444752537,11:02:36.444,6.3100,200
39756444752537,11:02:36.444,6.3100,100
39756444752537,11:02:36.444,6.3100,100
39756444752537,11:02:36.444,6.3100,100
39756444752537,11:02:36.444,6.3100,100
39756444752537,11:02:36.444,6.3100,100
39756444752537,11:02:36.444,6.3100,100
39756444752537,11:02:36.444,6.3100,100
39756444752537,11:02:36.444,6.3100,100
39934090006800,11:05:34.090,6.3100,100
39934090006800,11:05:34.090,6.3100,100
39934090006800,11:05:34.090,6.3100,200
39934090006800,11:05:34.090,6.3100,100
39934090006800,11:05:34.090,6.3100,200
39934090006800,11:05:34.090,6.3100,100
39934090006800,11:05:34.090,6.3100,100
39934090006800,11:05:34.090,6.3100,200
40042687802388,11:07:22.687,6.3100,100
40042687802388,11:07:22.687,6.3100,100
40042687802388,11:07:22.687,6.3100,100
40042689191606,11:07:22.689,6.3200,100
40042689191606,11:07:22.689,6.3200,100
40042689191606,11:07:22.689,6.3200,300
40235087641561,11:10:35.087,6.3200,100
40235087641561,11:10:35.087,6.3200,100
40235087641561,11:10:35.087,6.3200,100
40255921083089,11:10:55.921,6.3300,100
40255921083089,11:10:55.921,6.3300,700
40378737634458,11:12:58.737,6.3200,100
40378737634458,11:12:58.737,6.3200,100
40378737634458,11:12:58.737,6.3200,100
40378737634458,11:12:58.737,6.3200,100
40378737634458,11:12:58.737,6.3200,200
40378747812525,11:12:58.747,6.3200,100
40378747812525,11:12:58.747,6.3200,100
40378747812525,11:12:58.747,6.3200,100
40378747812525,11:12:58.747,6.3200,100
40485514872929,11:14:45.514,6.3200,100
40485514872929,11:14:45.514,6.3200,100
40485514872929,11:14:45.514,6.3200,100
40485514872929,11:14:45.514,6.3200,100
40744082157327,11:19:04.082,6.3100,100
40744082157327,11:19:04.082,6.3100,200
40744082157327,11:19:04.082,6.3100,200
40744082157327,11:19:04.082,6.3100,100
40744082157327,11:19:04.082,6.3100,100
40744082157327,11:19:04.082,6.3100,100
40744082157327,11:19:04.082,6.3100,100
40744082157327,11:19:04.082,6.3100,100
40744082157327,11:19:04.082,6.3100,100
40744082157327,11:19:04.082,6.3100,100
40744082157327,11:19:04.082,6.3100,300
40897090241514,11:21:37.090,6.3100,100
40897090241514,11:21:37.090,6.3100,100
40897090241514,11:21:37.090,6.3100,100
40897090241514,11:21:37.090,6.3100,100
40897090409488,11:21:37.090,6.3100,100
41011002420624,11:23:31.002,6.3100,100
41011002420624,11:23:31.002,6.3100,100
41011055220799,11:23:31.055,6.3100,94
41011220706028,11:23:31.220,6.3100,6
41011220706028,11:23:31.220,6.3100,100
41011220706028,11:23:31.220,6.3100,100
41011220706028,11:23:31.220,6.3100,100
41026932538801,11:23:46.932,6.3100,100
41026932538801,11:23:46.932,6.3100,200
41027144442320,11:23:47.144,6.3100,100
41027144442320,11:23:47.144,6.3100,100
41027144442320,11:23:47.144,6.3100,100
41027144442320,11:23:47.144,6.3100,100
41027144442320,11:23:47.144,6.3100,100
41237152134699,11:27:17.152,6.3050,100
41238904169202,11:27:18.904,6.3100,100
41238904169202,11:27:18.904,6.3100,300
41238904169202,11:27:18.904,6.3100,100
41238904169202,11:27:18.904,6.3100,200
41238905552473,11:27:18.905,6.3100,100
41238905553863,11:27:18.905,6.3100,600
41395724000669,11:29:55.724,6.3200,100
41395724000669,11:29:55.724,6.3200,100
41395724000669,11:29:55.724,6.3200,300
41560796430296,11:32:40.796,6.3200,500
41565795916933,11:32:45.795,6.3100,100
41565795916933,11:32:45.795,6.3100,300
41565795916933,11:32:45.795,6.3100,100
41565795916933,11:32:45.795,6.3100,100
41565795916933,11:32:45.795,6.3100,100
41565795916933,11:32:45.795,6.3100,100
41565795916933,11:32:45.795,6.3100,200
41565795916933,11:32:45.795,6.3100,100
41565795916933,11:32:45.795,6.3100,300
41565795916933,11:32:45.795,6.3100,100
41565795916933,11:32:45.795,6.3100,100
41565796141247,11:32:45.796,6.3100,76
41565796141247,11:32:45.796,6.3100,24
41565799776336,11:32:45.799,6.3100,24
41669095262316,11:34:29.095,6.3100,200
41669095262316,11:34:29.095,6.3100,200
41669095262316,11:34:29.095,6.3100,200
41669095262316,11:34:29.095,6.3100,300
41669095262316,11:34:29.095,6.3100,100
41758393711313,11:35:58.393,6.3100,100
41758393711313,11:35:58.393,6.3100,100
41758393711313,11:35:58.393,6.3100,100
41758393711313,11:35:58.393,6.3100,100
41969087640429,11:39:29.087,6.3100,100
41969087640429,11:39:29.087,6.3100,38
41969088490114,11:39:29.088,6.3100,62
41969088620392,11:39:29.088,6.3100,100
41979732931544,11:39:39.732,6.3200,100
41979732931544,11:39:39.732,6.3200,100
42033093676614,11:40:33.093,6.3100,200
42033093676614,11:40:33.093,6.3100,100
42033093676614,11:40:33.093,6.3100,100
42186971677162,11:43:06.971,6.3100,100
42186971677162,11:43:06.971,6.3100,100
42186971677162,11:43:06.971,6.3100,100
42186971677162,11:43:06.971,6.3100,100
42186971677162,11:43:06.971,6.3100,100
42186971677162,11:43:06.971,6.3100,300
42767087387032,11:52:47.087,6.3200,42
42967407003356,11:56:07.407,6.3200,158
42967407003356,11:56:07.407,6.3200,100
42967407003356,11:56:07.407,6.3200,100
42967407003356,11:56:07.407,6.3200,42
42972087880522,11:56:12.087,6.3200,13
43198503859890,11:59:58.503,6.3200,87
43198503859890,11:59:58.503,6.3200,100
43198503859890,11:59:58.503,6.3200,100
43198503859890,11:59:58.503,6.3200,100
43198503859890,11:59:58.503,6.3200,13
43349818377257,12:02:29.818,6.3200,100
43349818377257,12:02:29.818,6.3200,400
43353086816555,12:02:33.086,6.3200,99
43517637462172,12:05:17.637,6.3200,100
43828091159677,12:10:28.091,6.3200,100
43828091159677,12:10:28.091,6.3200,100
43828542251831,12:10:28.542,6.3200,100
43870140019203,12:11:10.140,6.3250,100
43874005011097,12:11:14.005,6.3250,100
43933058767671,12:12:13.058,6.3300,300
43933058767671,12:12:13.058,6.3300,100
43933058767671,12:12:13.058,6.3300,100
44109131149798,12:15:09.131,6.3300,500
44290705082972,12:18:10.705,6.3300,10
44290705082972,12:18:10.705,6.3300,100
44290705082972,12:18:10.705,6.3300,100
44290705082972,12:18:10.705,6.3300,90
44290705992813,12:18:10.705,6.3300,10
44296671994822,12:18:16.671,6.3300,100
44361739076411,12:19:21.739,6.3300,100
44361739076411,12:19:21.739,6.3300,100
44686894080648,12:24:46.894,6.3400,500
44686894114469,12:24:46.894,6.3400,500
44686894114469,12:24:46.894,6.3400,100
44686895159094,12:24:46.895,6.3400,500
44686895219602,12:24:46.895,6.3400,100
44687680451088,12:24:47.680,6.3400,200
44687680451088,12:24:47.680,6.3400,50
44749269472005,12:25:49.269,6.3450,100
44942087383687,12:29:02.087,6.3500,235
44942087383687,12:29:02.087,6.3500,200
44942087383687,12:29:02.087,6.3500,2000
44942087383687,12:29:02.087,6.3500,100
44942087383687,12:29:02.087,6.3500,100
44942087383687,12:29:02.087,6.3500,100
44942087383687,12:29:02.087,6.3500,100
44942087383687,12:29:02.087,6.3500,100
44942087383687,12:29:02.087,6.3500,100
44942087383687,12:29:02.087,6.3500,100
44942088200593,12:29:02.088,6.3500,12
44942089374843,12:29:02.089,6.3500,1988
44942089374843,12:29:02.089,6.3500,12
44942192703341,12:29:02.192,6.3500,100
44942665780078,12:29:02.665,6.3500,700
44945089811547,12:29:05.089,6.3500,88
44945093692592,12:29:05.093,6.3500,100
44945093692592,12:29:05.093,6.3500,300
44945093692592,12:29:05.093,6.3500,70
44945093692592,12:29:05.093,6.3500,100
44968302266928,12:29:28.302,6.3500,300
44978798182255,12:29:38.798,6.3500,400
44978798182255,12:29:38.798,6.3500,100
45163193388255,12:32:43.193,6.3500,100
45163193413168,12:32:43.193,6.3500,200
45163201517628,12:32:43.201,6.3500,900
45163201517628,12:32:43.201,6.3500,67
45163201517628,12:32:43.201,6.3500,300
45163201517628,12:32:43.201,6.3500,100
45163201517628,12:32:43.201,6.3500,100
45245418601244,12:34:05.418,6.3500,100
45245418601244,12:34:05.418,6.3500,100
45245418601244,12:34:05.418,6.3500,300
45245418601244,12:34:05.418,6.3500,100
45245418601244,12:34:05.418,6.3500,100
45245418601244,12:34:05.418,6.3500,300
45302871158420,12:35:02.871,6.3500,100
45416154545961,12:36:56.154,6.3600,100
45416154545961,12:36:56.154,6.3600,400
45418908669417,12:36:58.908,6.3500,100
45418908669417,12:36:58.908,6.3500,300
45418908669417,12:36:58.908,6.3500,100
45418908669417,12:36:58.908,6.3500,100
45918132446864,12:45:18.132,6.3500,430
45918132446864,12:45:18.132,6.3500,100
45918132446864,12:45:18.132,6.3500,170
45918133109923,12:45:18.133,6.3500,30
45918133109923,12:45:18.133,6.3500,500
45918133271201,12:45:18.133,6.3500,200
45918142874429,12:45:18.142,6.3500,100
45918142874429,12:45:18.142,6.3500,100
45918142874429,12:45:18.142,6.3500,200
45918142874429,12:45:18.142,6.3500,400
45918142874429,12:45:18.142,6.3500,100
45920161210625,12:45:20.161,6.3500,100
45920161210625,12:45:20.161,6.3500,100
45920161210625,12:45:20.161,6.3500,100
45920161210625,12:45:20.161,6.3500,200
45920161210625,12:45:20.161,6.3500,100
45920161210625,12:45:20.161,6.3500,400
45920161210625,12:45:20.161,6.3500,200
45924100574632,12:45:24.100,6.3500,100
45957586607281,12:45:57.586,6.3500,300
45957586607281,12:45:57.586,6.3500,100
45957586607281,12:45:57.586,6.3500,200
45957586607281,12:45:57.586,6.3500,100
46036441285248,12:47:16.441,6.3500,100
46036441285248,12:47:16.441,6.3500,100
46036441285248,12:47:16.441,6.3500,100
46036441285248,12:47:16.441,6.3500,200
46075289509839,12:47:55.289,6.3500,100
46075289509839,12:47:55.289,6.3500,423
46077533654796,12:47:57.533,6.3500,100
46077533654796,12:47:57.533,6.3500,100
46077533654796,12:47:57.533,6.3500,100
46117595448223,12:48:37.595,6.3400,100
46117596546476,12:48:37.596,6.3400,42
46310086911799,12:51:50.086,6.3400,93
46310087373326,12:51:50.087,6.3400,7
46310087373326,12:51:50.087,6.3400,7
46310087897130,12:51:50.087,6.3400,93
46361207741876,12:52:41.207,6.3500,100
46449189012690,12:54:09.189,6.3500,100
46500085976017,12:55:00.085,6.3500,100
46725178910449,12:58:45.178,6.3500,20
46778123310189,12:59:38.123,6.3500,100
46935096715024,13:02:15.096,6.3500,100
46935096715024,13:02:15.096,6.3500,100
47005035171188,13:03:25.035,6.3500,100
47005035171188,13:03:25.035,6.3500,100
47005035171188,13:03:25.035,6.3500,100
47005035171188,13:03:25.035,6.3500,100
47005035171188,13:03:25.035,6.3500,100
47007756832119,13:03:27.756,6.3500,100
47007756832119,13:03:27.756,6.3500,100
47007766274917,13:03:27.766,6.3500,200
47007766274917,13:03:27.766,6.3500,100
47158391432637,13:05:58.391,6.3400,100
47158391432637,13:05:58.391,6.3400,100
47158391432637,13:05:58.391,6.3400,100
47158391432637,13:05:58.391,6.3400,100
47158391432637,13:05:58.391,6.3400,75
47177310010277,13:06:17.310,6.3400,100
47553086865423,13:12:33.086,6.3400,200
47553086865423,13:12:33.086,6.3400,100
47706537820513,13:15:06.537,6.3500,100
47706537820513,13:15:06.537,6.3500,100
47706649792846,13:15:06.649,6.3500,200
47706649792846,13:15:06.649,6.3500,49
47706649792846,13:15:06.649,6.3500,100
47706649792846,13:15:06.649,6.3500,100
47706649792846,13:15:06.649,6.3500,100
47847750214427,13:17:27.750,6.3500,100
47847758772894,13:17:27.758,6.3500,100
47847758772894,13:17:27.758,6.3500,200
47847758772894,13:17:27.758,6.3500,100
47847758772894,13:17:27.758,6.3500,100
47847758772894,13:17:27.758,6.3500,100
47847758772894,13:17:27.758,6.3500,100
47966265205229,13:19:26.265,6.3500,100
48137157858845,13:22:17.157,6.3500,100
48137157858845,13:22:17.157,6.3500,100
48137157858845,13:22:17.157,6.3500,70
48137157858845,13:22:17.157,6.3500,130
48318675948112,13:25:18.675,6.3500,4
48484392995889,13:28:04.392,6.3500,100
48484392995889,13:28:04.392,6.3500,3
48484392995889,13:28:04.392,6.3500,100
48484392995889,13:28:04.392,6.3500,200
48484392995889,13:28:04.392,6.3500,100
48484392995889,13:28:04.392,6.3500,200
48484392995889,13:28:04.392,6.3500,100
48484392995889,13:28:04.392,6.3500,97
48604246434989,13:30:04.246,6.3500,100
48604246434989,13:30:04.246,6.3500,100
48604246434989,13:30:04.246,6.3500,200
48604246434989,13:30:04.246,6.3500,100
48644325449294,13:30:44.325,6.3500,100
48644325449294,13:30:44.325,6.3500,100
48644325449294,13:30:44.325,6.3500,100
48644325449294,13:30:44.325,6.3500,100
48644325449294,13:30:44.325,6.3500,200
48682054452547,13:31:22.054,6.3500,100
48682054452547,13:31:22.054,6.3500,300
48682054452547,13:31:22.054,6.3500,100
48687424387950,13:31:27.424,6.3500,100
48687424387950,13:31:27.424,6.3500,100
48687424387950,13:31:27.424,6.3500,100
48687441916594,13:31:27.441,6.3500,200
48687448129664,13:31:27.448,6.3400,3
48687448129664,13:31:27.448,6.3400,200
48997636311056,13:36:37.636,6.3400,100
48997636311056,13:36:37.636,6.3400,100
48997637465984,13:36:37.637,6.3400,100
49001434935290,13:36:41.434,6.3500,100
49001434935290,13:36:41.434,6.3500,300
49001434935290,13:36:41.434,6.3500,100
49003604562082,13:36:43.604,6.3500,100
49053741406913,13:37:33.741,6.3500,100
49082338857006,13:38:02.338,6.3500,100
49160093741191,13:39:20.093,6.3500,100
49160093741191,13:39:20.093,6.3500,100
49160093741191,13:39:20.093,6.3500,100
49160093741191,13:39:20.093,6.3500,100
49160093741191,13:39:20.093,6.3500,100
49160093741191,13:39:20.093,6.3500,300
49160093741191,13:39:20.093,6.3500,100
49160093741191,13:39:20.093,6.3500,200
49621631077784,13:47:01.631,6.3500,100
49621631077784,13:47:01.631,6.3500,17
49621631077784,13:47:01.631,6.3500,100
49621631077784,13:47:01.631,6.3500,100
49621631077784,13:47:01.631,6.3500,100
49621631077784,13:47:01.631,6.3500,100
49621631077784,13:47:01.631,6.3500,100
49621631077784,13:47:01.631,6.3500,83
49638675461807,13:47:18.675,6.3400,10
49638675461807,13:47:18.675,6.3400,200
49814351238384,13:50:14.351,6.3400,100
49833198636535,13:50:33.198,6.3500,100
49833198636535,13:50:33.198,6.3500,100
49833198636535,13:50:33.198,6.3500,100
49833198636535,13:50:33.198,6.3500,100
49833198636535,13:50:33.198,6.3500,100
49921961674002,13:52:01.961,6.3500,100
49921961674002,13:52:01.961,6.3400,100
49921961674002,13:52:01.961,6.3400,100
49921961674002,13:52:01.961,6.3400,100
50478422660937,14:01:18.422,6.3500,100
50620267479942,14:03:40.267,6.3500,100
50620267479942,14:03:40.267,6.3500,100
50767376175521,14:06:07.376,6.3600,200
50768086212409,14:06:08.086,6.3600,500
50773086885980,14:06:13.086,6.3600,300
50781086503937,14:06:21.086,6.3600,100
50853086326636,14:07:33.086,6.3600,100
50858085734743,14:07:38.085,6.3600,100
50863086152352,14:07:43.086,6.3600,100
50864325886077,14:07:44.325,6.3600,100
51005760022917,14:10:05.760,6.3600,69
51005760022917,14:10:05.760,6.3600,1
51005760253946,14:10:05.760,6.3600,299
51005760253946,14:10:05.760,6.3600,29
51005760978694,14:10:05.760,6.3600,71
51005760978694,14:10:05.760,6.3600,100
51005760978694,14:10:05.760,6.3600,100
51005779795272,14:10:05.779,6.3500,100
51005779795272,14:10:05.779,6.3500,100
51005779961937,14:10:05.779,6.3500,100
51005780038475,14:10:05.780,6.3500,100
51005780038475,14:10:05.780,6.3500,50
51005780038475,14:10:05.780,6.3500,100
51005783570066,14:10:05.783,6.3500,150
51005784488963,14:10:05.784,6.3500,100
51027504183610,14:10:27.504,6.3500,100
51169365373596,14:12:49.365,6.3600,100
51169366265255,14:12:49.366,6.3600,100
51296385600678,14:14:56.385,6.3700,100
51625087626469,14:20:25.087,6.3800,100
51625087626469,14:20:25.087,6.3800,300
51625087626469,14:20:25.087,6.3800,100
51625087626469,14:20:25.087,6.3800,100
51625087626469,14:20:25.087,6.3800,100
51625087626469,14:20:25.087,6.3800,100
51625087626469,14:20:25.087,6.3800,100
51625087626469,14:20:25.087,6.3800,100
51625087626469,14:20:25.087,6.3800,100
51625089246735,14:20:25.089,6.3800,100
51676086791282,14:21:16.086,6.3900,800
52029578250860,14:27:09.578,6.3800,100
52029578250860,14:27:09.578,6.3800,400
52029578250860,14:27:09.578,6.3800,200
52029578250860,14:27:09.578,6.3800,100
52029578250860,14:27:09.578,6.3800,200
52029578250860,14:27:09.578,6.3800,3
52029578250860,14:27:09.578,6.3800,100
52029578250860,14:27:09.578,6.3800,200
52037694068545,14:27:17.694,6.3700,100
52037694068545,14:27:17.694,6.3700,300
52037974856660,14:27:17.974,6.3600,100
52037974856660,14:27:17.974,6.3600,100
52037974856660,14:27:17.974,6.3600,100
52037974856660,14:27:17.974,6.3600,100
52037974856660,14:27:17.974,6.3600,100
52037974856660,14:27:17.974,6.3600,100
52037974960194,14:27:17.974,6.3600,80
52037986093457,14:27:17.986,6.3600,200
52037986093457,14:27:17.986,6.3600,100
52320653600925,14:32:00.653,6.3600,100
52320653600925,14:32:00.653,6.3600,100
52320653600925,14:32:00.653,6.3600,100
52320653600925,14:32:00.653,6.3600,100
52320654595307,14:32:00.654,6.3600,100
52443701708678,14:34:03.701,6.3550,100
52447505405054,14:34:07.505,6.3500,200
52447505405054,14:34:07.505,6.3500,100
52447505405054,14:34:07.505,6.3500,84
52447507026177,14:34:07.507,6.3500,16
52575087976111,14:36:15.087,6.3400,100
52575087976111,14:36:15.087,6.3400,100
52575087976111,14:36:15.087,6.3400,100
52575087976111,14:36:15.087,6.3400,100
52575087976111,14:36:15.087,6.3400,100
52575088306343,14:36:15.088,6.3400,100
52736086453557,14:38:56.086,6.3400,100
52736086453557,14:38:56.086,6.3400,100
52736086453557,14:38:56.086,6.3400,100
52736086453557,14:38:56.086,6.3400,100
52736086453557,14:38:56.086,6.3400,100
52889099431623,14:41:29.099,6.3600,100
52915088265588,14:41:55.088,6.3600,400
52930546986743,14:42:10.546,6.3600,100
53212230785016,14:46:52.230,6.3600,100
53218100168350,14:46:58.100,6.3700,100
53238086344056,14:47:18.086,6.3700,100
53243085746644,14:47:23.085,6.3700,100
53253085792059,14:47:33.085,6.3700,100
53253667257965,14:47:33.667,6.3700,200
53253667257965,14:47:33.667,6.3700,300
53253668068234,14:47:33.668,6.3700,600
53253679807491,14:47:33.679,6.3700,100
53253679807491,14:47:33.679,6.3700,100
53344979960357,14:49:04.979,6.3650,100
53346433007318,14:49:06.433,6.3650,100
53533740620432,14:52:13.740,6.3700,100
53535466353575,14:52:15.466,6.3700,100
53535466353575,14:52:15.466,6.3700,100
53535495998462,14:52:15.495,6.3700,100
53535495998462,14:52:15.495,6.3700,200
53561023260499,14:52:41.023,6.3700,100
53561023260499,14:52:41.023,6.3700,100
53561023260499,14:52:41.023,6.3700,100
53562036074944,14:52:42.036,6.3700,100
53562036074944,14:52:42.036,6.3700,200
53700010309400,14:55:00.010,6.3700,100
53700010309400,14:55:00.010,6.3700,12
53700010309400,14:55:00.010,6.3700,200
53700010309400,14:55:00.010,6.3700,100
53700010309400,14:55:00.010,6.3700,100
53700010309400,14:55:00.010,6.3700,100
54132090277017,15:02:12.090,6.3700,100
54132090277017,15:02:12.090,6.3700,100
54132090277017,15:02:12.090,6.3700,100
54132090277017,15:02:12.090,6.3700,100
54132090277017,15:02:12.090,6.3700,100
54132090370153,15:02:12.090,6.3700,100
54132091255004,15:02:12.091,6.3700,2
54169573141010,15:02:49.573,6.3700,98
54169573141010,15:02:49.573,6.3700,100
54169573141010,15:02:49.573,6.3700,100
54169573141010,15:02:49.573,6.3700,100
54169573141010,15:02:49.573,6.3700,200
54169573141010,15:02:49.573,6.3700,100
54169573141010,15:02:49.573,6.3700,100
54169573141010,15:02:49.573,6.3700,100
54169573141010,15:02:49.573,6.3700,200
54252202988497,15:04:12.202,6.3800,100
54252202988497,15:04:12.202,6.3800,200
54252202988497,15:04:12.202,6.3800,100
54252202988497,15:04:12.202,6.3800,100
54252224420524,15:04:12.224,6.3800,100
54252224420524,15:04:12.224,6.3800,100
54252224420524,15:04:12.224,6.3800,200
54481490296961,15:08:01.490,6.3700,100
54481490296961,15:08:01.490,6.3700,100
54481490296961,15:08:01.490,6.3700,1000
54481490296961,15:08:01.490,6.3700,400
54481490296961,15:08:01.490,6.3700,100
54481490296961,15:08:01.490,6.3700,100
54481490296961,15:08:01.490,6.3700,200
54481490296961,15:08:01.490,6.3700,200
54481490296961,15:08:01.490,6.3700,100
54481490296961,15:08:01.490,6.3700,100
54481490296961,15:08:01.490,6.3700,100
54481490296961,15:08:01.490,6.3700,200
54481490296961,15:08:01.490,6.3700,100
54481490296961,15:08:01.490,6.3700,100
54481490296961,15:08:01.490,6.3700,100
54481490296961,15:08:01.490,6.3700,200
54481490296961,15:08:01.490,6.3700,100
54481490296961,15:08:01.490,6.3700,100
54481490296961,15:08:01.490,6.3700,100
54481490296961,15:08:01.490,6.3700,100
54481490296961,15:08:01.490,6.3700,100
54481490296961,15:08:01.490,6.3700,100
54481490296961,15:08:01.490,6.3700,100
54481490296961,15:08:01.490,6.3700,200
54481490296961,15:08:01.490,6.3700,100
54481490296961,15:08:01.490,6.3700,100
54481490296961,15:08:01.490,6.3700,100
54481490296961,15:08:01.490,6.3700,100
54481490296961,15:08:01.490,6.3700,100
54481490296961,15:08:01.490,6.3700,100
54481490296961,15:08:01.490,6.3700,100
54481490296961,15:08:01.490,6.3700,100
54496237925546,15:08:16.237,6.3600,160
54496237925546,15:08:16.237,6.3600,300
54496237925546,15:08:16.237,6.3600,100
54496244271745,15:08:16.244,6.3500,100
54496244271745,15:08:16.244,6.3500,100
54496244337270,15:08:16.244,6.3500,500
54550521410490,15:09:10.521,6.3400,1000
54550521410490,15:09:10.521,6.3400,100
54550521410490,15:09:10.521,6.3400,100
54551530799547,15:09:11.530,6.3400,100
54894058299772,15:14:54.058,6.3450,100
54981399164431,15:16:21.399,6.3500,800
54981399164431,15:16:21.399,6.3500,700
54981399164431,15:16:21.399,6.3500,100
55116085799014,15:18:36.085,6.3600,10
55116085799014,15:18:36.085,6.3600,90
55121085861811,15:18:41.085,6.3600,100
55197073879176,15:19:57.073,6.3600,300
55197074677647,15:19:57.074,6.3600,58
55445521192208,15:24:05.521,6.3500,200
55445521192208,15:24:05.521,6.3500,200
55445521192208,15:24:05.521,6.3500,100
55445521192208,15:24:05.521,6.3500,100
55445521230957,15:24:05.521,6.3500,100
55445521230957,15:24:05.521,6.3500,100
55445521230957,15:24:05.521,6.3500,100
55445521230957,15:24:05.521,6.3500,100
55445521230957,15:24:05.521,6.3500,100
55445521230957,15:24:05.521,6.3500,100
55542978520424,15:25:42.978,6.3450,58
55579140470157,15:26:19.140,6.3450,100
55591022952819,15:26:31.022,6.3450,42
55722944356278,15:28:42.944,6.3400,100
55765024320192,15:29:25.024,6.3400,60
55765024349024,15:29:25.024,6.3400,40
55765024349024,15:29:25.024,6.3400,100
55765024349024,15:29:25.024,6.3400,100
55765024349024,15:29:25.024,6.3400,100
55765024349024,15:29:25.024,6.3400,100
56107085776170,15:35:07.085,6.3400,100
56107085776170,15:35:07.085,6.3400,100
56107085776170,15:35:07.085,6.3400,52
56107085776170,15:35:07.085,6.3400,100
56107085776170,15:35:07.085,6.3400,100
56107085776170,15:35:07.085,6.3400,100
56107085776170,15:35:07.085,6.3400,100
56107085776170,15:35:07.085,6.3400,48
56109321440134,15:35:09.321,6.3400,100
56109321440134,15:35:09.321,6.3400,100
56109321990324,15:35:09.321,6.3400,19
56184087441672,15:36:24.087,6.3400,81
56184087441672,15:36:24.087,6.3400,18
56240085879667,15:37:20.085,6.3400,82
56240085879667,15:37:20.085,6.3400,100
56240085879667,15:37:20.085,6.3400,18
56245086522596,15:37:25.086,6.3400,82
56245086522596,15:37:25.086,6.3400,18
56247220205534,15:37:27.220,6.3400,82
56247220205534,15:37:27.220,6.3400,100
56247220205534,15:37:27.220,6.3400,18
56247220445537,15:37:27.220,6.3400,82
56247242129359,15:37:27.242,6.3400,100
56247329582602,15:37:27.329,6.3400,100
56247627899850,15:37:27.627,6.3400,100
56523697728504,15:42:03.697,6.3400,3
56523697728504,15:42:03.697,6.3400,60
56523697996130,15:42:03.697,6.3400,40
56523697996130,15:42:03.697,6.3400,100
56523698396329,15:42:03.698,6.3400,636
56536505825785,15:42:16.505,6.3300,1
56544504137293,15:42:24.504,6.3350,100
56545525585524,15:42:25.525,6.3300,99
56545525585524,15:42:25.525,6.3300,1
56548505840858,15:42:28.505,6.3300,59
56548505840858,15:42:28.505,6.3300,40
56548505840858,15:42:28.505,6.3300,300
56606923661110,15:43:26.923,6.3300,1000
56606923661110,15:43:26.923,6.3300,500
56606923661110,15:43:26.923,6.3300,436
56606923661110,15:43:26.923,6.3300,100
56606923661110,15:43:26.923,6.3300,100
56606923661110,15:43:26.923,6.3300,100
56606923661110,15:43:26.923,6.3300,100
56606923661110,15:43:26.923,6.3300,100
56606923661110,15:43:26.923,6.3300,100
56606923661110,15:43:26.923,6.3300,100
56606923661110,15:43:26.923,6.3300,100
56606923661110,15:43:26.923,6.3300,100
56606923661110,15:43:26.923,6.3300,100
56606923816531,15:43:26.923,6.3300,90
56606929774052,15:43:26.929,6.3300,10
56700089876127,15:45:00.089,6.3400,2000
56700089876127,15:45:00.089,6.3400,100
56700089876127,15:45:00.089,6.3400,100
56700089876127,15:45:00.089,6.3400,100
56700089876127,15:45:00.089,6.3400,100
56756942678289,15:45:56.942,6.3450,100
56756942678289,15:45:56.942,6.3400,100
56756942678289,15:45:56.942,6.3400,400
56756942678289,15:45:56.942,6.3400,200
56756942678289,15:45:56.942,6.3400,100
56756942678289,15:45:56.942,6.3400,100
56756942678289,15:45:56.942,6.3400,100
56756942678289,15:45:56.942,6.3400,100
56756942678289,15:45:56.942,6.3400,100
56756942678289,15:45:56.942,6.3400,100
56756942678289,15:45:56.942,6.3400,100
56756942678289,15:45:56.942,6.3400,100
56756942678289,15:45:56.942,6.3400,100
56756945538537,15:45:56.945,6.3400,100
56756965607979,15:45:56.965,6.3400,400
56756965607979,15:45:56.965,6.3400,200
56756965607979,15:45:56.965,6.3400,468
56756965607979,15:45:56.965,6.3400,200
56756965607979,15:45:56.965,6.3400,132
56756966669412,15:45:56.966,6.3400,68
56756966669412,15:45:56.966,6.3400,32
56772024733402,15:46:12.024,6.3400,100
56772024733402,15:46:12.024,6.3400,100
56772024733402,15:46:12.024,6.3400,100
56772024733402,15:46:12.024,6.3400,200
56791702001711,15:46:31.702,6.3350,1300
56792206989792,15:46:32.206,6.3350,1100
56806684844997,15:46:46.684,6.3400,100
56806684844997,15:46:46.684,6.3400,100
56806684844997,15:46:46.684,6.3400,100
56806684844997,15:46:46.684,6.3400,100
56806684844997,15:46:46.684,6.3400,100
56806689331810,15:46:46.689,6.3400,100
56806694993920,15:46:46.694,6.3400,100
56806700909172,15:46:46.700,6.3400,100
56853930670863,15:47:33.930,6.3400,200
56853930670863,15:47:33.930,6.3400,100
56853930670863,15:47:33.930,6.3400,100
56853936935015,15:47:33.936,6.3400,100
56853942630479,15:47:33.942,6.3400,100
56853948492410,15:47:33.948,6.3400,100
56906527062039,15:48:26.527,6.3400,100
56911532638582,15:48:31.532,6.3400,100
56912526864522,15:48:32.526,6.3400,100
56917526992118,15:48:37.526,6.3400,100
56918816781595,15:48:38.816,6.3400,100
56922527078800,15:48:42.527,6.3400,100
56927531397013,15:48:47.531,6.3400,100
56938024563534,15:48:58.024,6.3400,100
56938024563534,15:48:58.024,6.3400,100
56938024563534,15:48:58.024,6.3400,100
56938024563534,15:48:58.024,6.3400,100
56938030849948,15:48:58.030,6.3400,100
56938036848555,15:48:58.036,6.3400,100
56938042819286,15:48:58.042,6.3400,100
56938046704444,15:48:58.046,6.3400,100
56938050474925,15:48:58.050,6.3400,100
56938054966698,15:48:58.054,6.3400,100
56938062741845,15:48:58.062,6.3400,100
57001363540270,15:50:01.363,6.3400,100
57013868526258,15:50:13.868,6.3400,700
57013868526258,15:50:13.868,6.3400,200
57105709552051,15:51:45.709,6.3400,200
57105709552051,15:51:45.709,6.3400,100
57105709552051,15:51:45.709,6.3400,100
57105709552051,15:51:45.709,6.3400,100
57105709552051,15:51:45.709,6.3400,100
57105709552051,15:51:45.709,6.3400,700
57105709552051,15:51:45.709,6.3400,100
57105720548836,15:51:45.720,6.3400,7
57105726692659,15:51:45.726,6.3400,100
57321211652539,15:55:21.211,6.3350,100
57335719001202,15:55:35.719,6.3300,3
57335719001202,15:55:35.719,6.3300,100
57369071469031,15:56:09.071,6.3250,100
57405214264718,15:56:45.214,6.3250,100
57424458158918,15:57:04.458,6.3200,100
57449616391463,15:57:29.616,6.3250,100
57473710942376,15:57:53.710,6.3200,100
57473710942376,15:57:53.710,6.3200,100
57473713627569,15:57:53.713,6.3150,20
57513019151697,15:58:33.019,6.3150,8
57513019151697,15:58:33.019,6.3150,64
57513019151697,15:58:33.019,6.3150,28
57519559925349,15:58:39.559,6.3150,100
57533297312127,15:58:53.297,6.3100,100
57533297312127,15:58:53.297,6.3100,54
57542166558932,15:59:02.166,6.3100,100
57542166558932,15:59:02.166,6.3100,95
57542930594325,15:59:02.930,6.3100,100
57553355021518,15:59:13.355,6.3150,100
57587777553282,15:59:47.777,6.3200,20
57597623549754,15:59:57.623,6.3200,200
57597623549754,15:59:57.623,6.3200,100
57597623549754,15:59:57.623,6.3200,100
57597623549754,15:59:57.623,6.3200,300
57597623549754,15:59:57.623,6.3200,100
57600607961141,16:00:00.607,0.0000,0
