timestamp,time,price,volume
34200252581814,09:30:00.252,0.0000,0
34426005775645,09:33:46.005,56.6900,44
34427128028715,09:33:47.128,56.6100,100
34427128131218,09:33:47.128,56.6100,100
34427128161111,09:33:47.128,56.6100,100
34427128350141,09:33:47.128,56.6200,100
34427128370957,09:33:47.128,56.6300,100
34427128530026,09:33:47.128,56.6300,100
34427128530026,09:33:47.128,56.6300,100
34428223304146,09:33:48.223,56.6100,100
34428223635693,09:33:48.223,56.6300,100
34428957285341,09:33:48.957,56.6200,100
34452989720426,09:34:12.989,56.6900,5
34452989720426,09:34:12.989,56.6900,100
34452989720426,09:34:12.989,56.6900,50
34499118844741,09:34:59.118,56.7300,100
34500494569212,09:35:00.494,56.7300,100
34500496295322,09:35:00.496,56.7200,100
34581140048656,09:36:21.140,56.7400,47
34581140794940,09:36:21.140,56.7500,5
34831286600691,09:40:31.286,56.7500,200
34944810444294,09:42:24.810,56.6800,98
34944810495935,09:42:24.810,56.6800,2
34944811114766,09:42:24.811,56.6500,100
34945065459643,09:42:25.065,56.6700,60
34945065489093,09:42:25.065,56.6700,40
34945115647113,09:42:25.115,56.6800,100
35128545931308,09:45:28.545,56.7600,100
35176451754035,09:46:16.451,56.7200,100
35500262503076,09:51:40.262,56.7000,100
35534992747494,09:52:14.992,56.6600,100
35700581838538,09:55:00.581,56.7200,100
35711024149264,09:55:11.024,56.7400,100
35711025341912,09:55:11.025,56.7400,3
35787701999369,09:56:27.701,56.7200,100
36000270130525,10:00:00.270,56.7800,4
36000270195038,10:00:00.270,56.8000,2
36000270375123,10:00:00.270,56.8000,56
36000270445879,10:00:00.270,56.8000,2
36000270471448,10:00:00.270,56.8000,40
36000270471448,10:00:00.270,56.8000,100
36000270724257,10:00:00.270,56.7700,100
36024714859004,10:00:24.714,56.7200,100
36066766777622,10:01:06.766,56.7100,100
36166108247302,10:02:46.108,56.6000,100
36277930307987,10:04:37.930,56.6400,21
36279048641660,10:04:39.048,56.6500,90
36307161995140,10:05:07.161,56.6600,100
36307162039416,10:05:07.162,56.6600,41
36307162104575,10:05:07.162,56.6600,5
36307162104575,10:05:07.162,56.6600,16
36307162354733,10:05:07.162,56.6600,10
36325009373977,10:05:25.009,56.6600,5
36325009438359,10:05:25.009,56.6600,3
36325009676791,10:05:25.009,56.6600,1
36325009762361,10:05:25.009,56.6600,1
36328055853023,10:05:28.055,56.6600,18
36328055853023,10:05:28.055,56.6600,23
36328055943466,10:05:28.055,56.6600,8
36328080826548,10:05:28.080,56.6600,2
36369317298502,10:06:09.317,56.6800,91
36383063387358,10:06:23.063,56.6800,9
36383063387358,10:06:23.063,56.6800,15
36448419832538,10:07:28.419,56.6900,27
36448616423384,10:07:28.616,56.6900,73
36471683185016,10:07:51.683,56.6900,100
36471683805877,10:07:51.683,56.6900,100
36471683861233,10:07:51.683,56.6900,100
36502074264524,10:08:22.074,56.7000,5
36502074264524,10:08:22.074,56.7000,95
36517184892552,10:08:37.184,56.7000,5
36517184892552,10:08:37.184,56.7000,21
36630878960793,10:10:30.878,56.6900,100
36630879183443,10:10:30.879,56.6800,100
36630879215876,10:10:30.879,56.6800,48
36630879240279,10:10:30.879,56.6800,52
36654348953301,10:10:54.348,56.6800,8
36654348953301,10:10:54.348,56.6800,100
36656939574426,10:10:56.939,56.6900,100
36656961919772,10:10:56.961,56.6900,100
36657035580073,10:10:57.035,56.6900,100
36667657717500,10:11:07.657,56.7000,100
36671234298885,10:11:11.234,56.7000,100
36675181495130,10:11:15.181,56.7100,100
36697035703628,10:11:37.035,56.7100,100
36697035732219,10:11:37.035,56.7100,10
36717349634187,10:11:57.349,56.7500,4
36855114739326,10:14:15.114,56.8100,3
36855114739326,10:14:15.114,56.8100,97
36855114771017,10:14:15.114,56.8100,3
36873939444851,10:14:33.939,56.8500,9
36896248294787,10:14:56.248,56.8600,100
36935964970484,10:15:35.964,56.8500,12
36940175933840,10:15:40.175,56.8400,100
36960374809678,10:16:00.374,56.8600,100
37038800703666,10:17:18.800,56.8200,100
37038801580333,10:17:18.801,56.8200,100
37044318336904,10:17:24.318,56.8500,100
37131108630312,10:18:51.108,56.8200,100
37495895085170,10:24:55.895,56.7300,10
37816493310778,10:30:16.493,56.8100,10
37816493310778,10:30:16.493,56.8100,100
37816493310778,10:30:16.493,56.8100,100
37816493310778,10:30:16.493,56.8100,36
37816493310778,10:30:16.493,56.8100,21
37816499746159,10:30:16.499,56.8300,100
37816499794272,10:30:16.499,56.8500,100
37816506135105,10:30:16.506,56.8100,5
37816506167136,10:30:16.506,56.8100,31
37832471349319,10:30:32.471,56.8100,14
37871380264983,10:31:11.380,56.8300,5
38050230318762,10:34:10.230,56.8200,9
38050230318762,10:34:10.230,56.8200,12
38066268147858,10:34:26.268,56.7800,100
38119532802772,10:35:19.532,56.8100,6
38119532802772,10:35:19.532,56.8100,94
38175969425459,10:36:15.969,56.7800,100
38260487496600,10:37:40.487,56.7600,3
38260489950399,10:37:40.489,56.7600,3
38291260247297,10:38:11.260,56.7800,5
38291260247297,10:38:11.260,56.7900,95
38291260766755,10:38:11.260,56.7800,5
38291260794949,10:38:11.260,56.7900,5
38342132588118,10:39:02.132,56.8100,5
38342132588118,10:39:02.132,56.8100,95
38342135817732,10:39:02.135,56.8100,5
38342883226083,10:39:02.883,56.8500,4
38342883226083,10:39:02.883,56.8500,96
38437489404954,10:40:37.489,56.8200,1
38437489726869,10:40:37.489,56.8200,1
38437498955238,10:40:37.498,56.8200,98
38437502761217,10:40:37.502,56.8000,100
38437502761217,10:40:37.502,56.8000,100
38437502761217,10:40:37.502,56.8000,100
38439080297074,10:40:39.080,56.7900,100
38469907757893,10:41:09.907,56.8200,12
38469907757893,10:41:09.907,56.8200,4
38469907757893,10:41:09.907,56.8200,4
38470829020528,10:41:10.829,56.8400,4
38470829214129,10:41:10.829,56.8400,3
38552096275030,10:42:32.096,56.8200,200
38674302083893,10:44:34.302,56.8300,100
38674302083893,10:44:34.302,56.8300,13
38714332675868,10:45:14.332,56.8200,100
38714334432305,10:45:14.334,56.8000,100
38714334439415,10:45:14.334,56.8000,100
38749100212110,10:45:49.100,56.8200,100
38749100212110,10:45:49.100,56.8200,11
38749101626011,10:45:49.101,56.8200,100
38827237979395,10:47:07.237,56.7900,100
38993108990021,10:49:53.108,56.7800,14
39014050142497,10:50:14.050,56.7900,44
39022736416920,10:50:22.736,56.7700,100
39022736416920,10:50:22.736,56.7700,75
39026752892471,10:50:26.752,56.7700,1
39068524762923,10:51:08.524,56.7900,56
39068524762923,10:51:08.524,56.7900,30
39068524834876,10:51:08.524,56.7900,70
39068524836421,10:51:08.524,56.7900,70
39068526610398,10:51:08.526,56.7900,100
39105506344483,10:51:45.506,56.7700,3
39169762268729,10:52:49.762,56.7800,10
39169762268729,10:52:49.762,56.7700,90
39188152491211,10:53:08.152,56.7700,6
39188152491211,10:53:08.152,56.7700,100
39191067408654,10:53:11.067,56.7800,100
39193043180435,10:53:13.043,56.7800,100
39193043205435,10:53:13.043,56.7800,10
39193214819597,10:53:13.214,56.7900,8
39205665946779,10:53:25.665,56.8100,100
39205666271263,10:53:25.666,56.8100,100
39205696608041,10:53:25.696,56.8100,100
39209850609415,10:53:29.850,56.7800,200
39223150526746,10:53:43.150,56.7800,100
39251584371762,10:54:11.584,56.7800,100
39251609662485,10:54:11.609,56.7800,6
39251609686647,10:54:11.609,56.7800,16
39271049067301,10:54:31.049,56.7900,5
39271049067301,10:54:31.049,56.7900,10
39321956041584,10:55:21.956,56.8300,11
39327913570973,10:55:27.913,56.8400,100
39328318353997,10:55:28.318,56.8400,100
39423188614693,10:57:03.188,56.8900,100
39429583423005,10:57:09.583,56.9000,8
39431134126545,10:57:11.134,56.8900,100
39431134126545,10:57:11.134,56.8900,100
39431134770254,10:57:11.134,56.8800,1
39432849920724,10:57:12.849,56.8800,99
39632860561102,11:00:32.860,56.8800,100
39663310941883,11:01:03.310,56.9100,5
39663490217991,11:01:03.490,56.9100,3
39663491683990,11:01:03.491,56.9200,6
39665079375414,11:01:05.079,56.9300,6
39667175666299,11:01:07.175,56.9100,100
39739826708063,11:02:19.826,56.9000,100
39795058644843,11:03:15.058,56.9200,100
39856086688679,11:04:16.086,56.9200,5
39856086688679,11:04:16.086,56.9200,100
39970595282744,11:06:10.595,56.9300,100
40102604231473,11:08:22.604,56.9500,100
40102604256545,11:08:22.604,56.9500,100
40102604256545,11:08:22.604,56.9500,16
40115518072069,11:08:35.518,56.9600,4
40115539300091,11:08:35.539,56.9700,100
40182050736745,11:09:42.050,56.9500,100
40201119596530,11:10:01.119,56.9700,100
40201119829401,11:10:01.119,56.9700,100
40201119829401,11:10:01.119,56.9700,100
40226636165448,11:10:26.636,56.9900,100
40226636191553,11:10:26.636,56.9900,100
40294320340443,11:11:34.320,56.9900,100
40294320340443,11:11:34.320,56.9900,100
40294320340443,11:11:34.320,56.9900,100
40294320340443,11:11:34.320,56.9900,52
40294320370240,11:11:34.320,56.9900,48
40311435400125,11:11:51.435,56.9850,100
40408988761914,11:13:28.988,56.9600,10
40507141751413,11:15:07.141,56.9700,5
40507141751413,11:15:07.141,56.9700,100
40507141751413,11:15:07.141,56.9700,5
40507141751413,11:15:07.141,56.9700,100
40507141751413,11:15:07.141,56.9700,100
40508599992422,11:15:08.599,56.9700,100
40509906536078,11:15:09.906,56.9700,13
40582388981333,11:16:22.388,56.9700,100
40582388981333,11:16:22.388,56.9700,100
40582389011697,11:16:22.389,56.9700,100
40587754119593,11:16:27.754,56.9600,90
40638647725347,11:17:18.647,56.9700,100
40638649390041,11:17:18.649,56.9700,100
40638749961472,11:17:18.749,56.9500,100
40638749961472,11:17:18.749,56.9500,200
40644540443598,11:17:24.540,56.9500,40
40708126768515,11:18:28.126,56.9700,4
40708126768515,11:18:28.126,56.9700,100
40743976843914,11:19:03.976,56.9800,15
40743976843914,11:19:03.976,56.9800,200
40744062748636,11:19:04.062,56.9800,5
40744064195827,11:19:04.064,56.9800,6
40834905884989,11:20:34.905,56.9800,100
40834932981060,11:20:34.932,56.9800,30
40839961326700,11:20:39.961,56.9700,96
40930131481491,11:22:10.131,56.9700,4
40969909282091,11:22:49.909,56.9400,100
40969909282091,11:22:49.909,56.9400,100
41010104923608,11:23:30.104,56.9600,100
41010104923608,11:23:30.104,56.9600,10
41010104959789,11:23:30.104,56.9600,3
41090386069018,11:24:50.386,56.9900,100
41090386719652,11:24:50.386,56.9900,10
41090386719652,11:24:50.386,56.9900,13
41256825657840,11:27:36.825,56.9600,100
41256825683386,11:27:36.825,56.9600,25
41392136980806,11:29:52.136,56.9400,10
41405542691888,11:30:05.542,56.9600,100
41413950679637,11:30:13.950,56.9700,100
41413950679637,11:30:13.950,56.9700,100
41413950679637,11:30:13.950,56.9700,100
41413950859385,11:30:13.950,56.9700,100
41413951221367,11:30:13.951,56.9700,3
41413951256576,11:30:13.951,56.9700,97
41415164134369,11:30:15.164,56.9600,100
41672983040016,11:34:32.983,56.9600,100
41672983124169,11:34:32.983,56.9600,24
41672985098518,11:34:32.985,56.9500,30
41672985098518,11:34:32.985,56.9500,10
41672990469951,11:34:32.990,56.9400,100
41673168718692,11:34:33.168,56.9300,100
41702697359027,11:35:02.697,56.9400,50
41702697359027,11:35:02.697,56.9400,5
41702724572061,11:35:02.724,56.9400,34
41702724598701,11:35:02.724,56.9400,66
41762602698390,11:36:02.602,56.9300,1
41762602698390,11:36:02.602,56.9300,9
41788705188828,11:36:28.705,56.9300,25
41790853345426,11:36:30.853,56.9200,100
41794863558298,11:36:34.863,56.9100,100
41962953606767,11:39:22.953,56.9100,100
42021739475572,11:40:21.739,56.9200,5
42021739475572,11:40:21.739,56.9200,100
42021739475572,11:40:21.739,56.9200,5
42023043099730,11:40:23.043,56.9300,37
42023043123562,11:40:23.043,56.9300,63
42196073208657,11:43:16.073,56.9300,100
42196073208657,11:43:16.073,56.9300,24
42196073208657,11:43:16.073,56.9300,5
42196073208657,11:43:16.073,56.9300,5
42196073208657,11:43:16.073,56.9300,3
42345258023186,11:45:45.258,56.9100,98
42345258061104,11:45:45.258,56.9100,2
42345258061104,11:45:45.258,56.9100,11
42345258061104,11:45:45.258,56.9100,100
42345259943948,11:45:45.259,56.9000,100
42436805520447,11:47:16.805,56.9200,4
42436805520447,11:47:16.805,56.9200,5
42436805520447,11:47:16.805,56.9200,24
42436805520447,11:47:16.805,56.9200,100
42436805520447,11:47:16.805,56.9200,100
42447084101427,11:47:27.084,56.9300,4
42529683964840,11:48:49.683,56.9200,100
42529683964840,11:48:49.683,56.9200,18
42539029046480,11:48:59.029,56.9200,100
42539029046480,11:48:59.029,56.9200,100
42599646111376,11:49:59.646,56.9400,100
42639892281181,11:50:39.892,56.9700,100
42639892690470,11:50:39.892,56.9700,100
42769653359543,11:52:49.653,56.9300,100
42792930105259,11:53:12.930,56.9600,60
42792930128919,11:53:12.930,56.9600,11
42792930661185,11:53:12.930,56.9600,29
43336549373780,12:02:16.549,56.9700,100
43403023276595,12:03:23.023,56.9700,25
43403023276595,12:03:23.023,56.9700,27
43403023912660,12:03:23.023,56.9700,73
43403313230222,12:03:23.313,56.9700,100
43410474698550,12:03:30.474,56.9600,100
43410832795708,12:03:30.832,56.9500,100
43410832803517,12:03:30.832,56.9500,100
43528003528496,12:05:28.003,56.9400,100
43549738048857,12:05:49.738,56.9400,100
43549738048857,12:05:49.738,56.9400,65
43549738710041,12:05:49.738,56.9400,7
43643055850073,12:07:23.055,56.9300,3
43691476653902,12:08:11.476,56.9400,13
43691476692983,12:08:11.476,56.9400,10
43691476917359,12:08:11.476,56.9400,3
43691476917359,12:08:11.476,56.9400,7
43743339012359,12:09:03.339,56.9400,10
43743339012359,12:09:03.339,56.9400,100
43901036229003,12:11:41.036,56.9600,6
43901036252585,12:11:41.036,56.9600,4
43915588488057,12:11:55.588,56.9700,2
43915588488057,12:11:55.588,56.9700,6
43916612914171,12:11:56.612,56.9700,94
43938525301253,12:12:18.525,56.9800,100
43938525301253,12:12:18.525,56.9800,26
43976436075164,12:12:56.436,56.9900,1
43976436075164,12:12:56.436,56.9900,99
43976436518671,12:12:56.436,56.9900,1
43986715879395,12:13:06.715,57.0000,2
44059459984681,12:14:19.459,56.9900,100
44059460011806,12:14:19.460,56.9900,100
44059460898822,12:14:19.460,56.9800,100
44059460898822,12:14:19.460,56.9800,1
44059460898822,12:14:19.460,56.9800,100
44059460898822,12:14:19.460,56.9800,100
44059785076291,12:14:19.785,56.9800,100
44059785115317,12:14:19.785,56.9700,100
44059785141446,12:14:19.785,56.9700,100
44059785142126,12:14:19.785,56.9700,100
44186752717306,12:16:26.752,56.9800,100
44260265962474,12:17:40.265,56.9900,1
44262073869014,12:17:42.073,56.9900,5
44262073869014,12:17:42.073,56.9900,95
44262073954775,12:17:42.073,56.9900,5
44321213152054,12:18:41.213,56.9900,10
44333591775813,12:18:53.591,56.9800,90
44339822912690,12:18:59.822,56.9700,100
44339822912690,12:18:59.822,56.9700,100
44634822871975,12:23:54.822,56.9600,20
44634822873412,12:23:54.822,56.9600,5
44813296300785,12:26:53.296,56.9500,200
44813296326428,12:26:53.296,56.9500,1
44818751133088,12:26:58.751,56.9500,18
44818751133088,12:26:58.751,56.9500,93
44818751198955,12:26:58.751,56.9500,7
44868770141286,12:27:48.770,56.9600,100
44868770655362,12:27:48.770,56.9600,16
44868770678771,12:27:48.770,56.9600,9
44868771104829,12:27:48.771,56.9600,1
44954378447343,12:29:14.378,56.9700,5
45090052648601,12:31:30.052,56.9500,3
45149964512375,12:32:29.964,56.9500,100
45235561793982,12:33:55.561,56.9600,100
45235561793982,12:33:55.561,56.9600,100
45235561827520,12:33:55.561,56.9600,3
45316389417479,12:35:16.389,56.9400,6
45321442192950,12:35:21.442,56.9200,14
45352127388996,12:35:52.127,56.9200,186
45653186249058,12:40:53.186,56.9200,100
45653186249058,12:40:53.186,56.9200,100
45653186249058,12:40:53.186,56.9200,29
45676698060109,12:41:16.698,56.9200,100
45692190436953,12:41:32.190,56.9100,100
45692190436953,12:41:32.190,56.9100,100
45692190485930,12:41:32.190,56.9100,100
45692833835515,12:41:32.833,56.8900,39
45692833835515,12:41:32.833,56.8900,100
45777508569307,12:42:57.508,56.8800,100
45825347322652,12:43:45.347,56.8600,10
45825347348872,12:43:45.347,56.8600,90
45838519733006,12:43:58.519,56.8700,100
45854756477269,12:44:14.756,56.8600,100
45904030676050,12:45:04.030,56.8600,100
45904030780057,12:45:04.030,56.8600,16
45904030782672,12:45:04.030,56.8600,84
45913576365294,12:45:13.576,56.8700,98
46070019234107,12:47:50.019,56.8500,100
46081498633331,12:48:01.498,56.8500,1
46092024086362,12:48:12.024,56.8600,30
46092024750275,12:48:12.024,56.8700,2
46092024750275,12:48:12.024,56.8700,8
46103465611437,12:48:23.465,56.8800,82
46103465684401,12:48:23.465,56.8800,18
46104732482312,12:48:24.732,56.8700,23
46139859478570,12:48:59.859,56.8700,10
46146496043574,12:49:06.496,56.8650,100
46201410733892,12:50:01.410,56.8700,100
46201412203287,12:50:01.412,56.8700,100
46285984108141,12:51:25.984,56.8900,2
46285984108141,12:51:25.984,56.8900,6
46285984108141,12:51:25.984,56.8900,92
46285984701949,12:51:25.984,56.8900,8
46287426462849,12:51:27.426,56.8800,100
46504164282700,12:55:04.164,56.8600,100
46522497013839,12:55:22.497,56.8500,100
46525402850722,12:55:25.402,56.8600,100
46546109351012,12:55:46.109,56.8500,100
46549739780378,12:55:49.739,56.8400,100
47145025364315,13:05:45.025,56.7400,100
47145025364315,13:05:45.025,56.7400,100
47293325932850,13:08:13.325,56.7200,100
47296259107658,13:08:16.259,56.7200,40
47339287192932,13:08:59.287,56.7300,13
47339287367332,13:08:59.287,56.7400,161
47339287394101,13:08:59.287,56.7400,139
47339287394101,13:08:59.287,56.7400,161
47339287408468,13:08:59.287,56.7400,39
47339287408468,13:08:59.287,56.7400,3
47339287408468,13:08:59.287,56.7400,3
47339290557290,13:08:59.290,56.7500,91
47339290558898,13:08:59.290,56.7500,9
47339290558898,13:08:59.290,56.7500,91
47339290580953,13:08:59.290,56.7500,9
47359078684320,13:09:19.078,56.7600,1
47578931331991,13:12:58.931,56.7700,33
47578931331991,13:12:58.931,56.7700,100
47578932152879,13:12:58.932,56.7700,3
47629124865602,13:13:49.124,56.7800,100
47629124865602,13:13:49.124,56.7800,100
47629203059106,13:13:49.203,56.7900,100
48131566037323,13:22:11.566,56.7800,6
48131566037323,13:22:11.566,56.7800,5
48131566037323,13:22:11.566,56.7800,5
48131566037323,13:22:11.566,56.7800,28
48137096727298,13:22:17.096,56.7800,72
48137096727298,13:22:17.096,56.7800,28
48137096757438,13:22:17.096,56.7800,72
48137096757438,13:22:17.096,56.7800,4
48137096757438,13:22:17.096,56.7800,35
48137100058302,13:22:17.100,56.7900,100
48137100083204,13:22:17.100,56.7900,49
48137111439024,13:22:17.111,56.7900,12
48170261199280,13:22:50.261,56.7600,100
48170261199280,13:22:50.261,56.7600,100
48170261199280,13:22:50.261,56.7600,100
48206252531006,13:23:26.252,56.7600,4
48206252531006,13:23:26.252,56.7700,96
48206252558789,13:23:26.252,56.7700,4
48289813851284,13:24:49.813,56.7800,100
48305873633346,13:25:05.873,56.7700,3
48305873664415,13:25:05.873,56.7700,97
48305873664415,13:25:05.873,56.7700,100
48412426352529,13:26:52.426,56.7700,6
48412426352529,13:26:52.426,56.7700,94
48420809610484,13:27:00.809,56.7700,6
48420809610484,13:27:00.809,56.7700,2
48703017622036,13:31:43.017,56.7600,100
48703017622036,13:31:43.017,56.7600,100
48703017655614,13:31:43.017,56.7600,51
48703017664998,13:31:43.017,56.7600,51
48703210806817,13:31:43.210,56.7500,100
48703210806817,13:31:43.210,56.7500,100
48703210806817,13:31:43.210,56.7500,1
48703492145668,13:31:43.492,56.7400,6
48721316829795,13:32:01.316,56.7400,10
48821524872575,13:33:41.524,56.7400,18
48821524902502,13:33:41.524,56.7400,66
48831604875847,13:33:51.604,56.6800,100
48831604875847,13:33:51.604,56.6800,1
48845576906143,13:34:05.576,56.6800,10
48845576906143,13:34:05.576,56.6800,5
48845576906143,13:34:05.576,56.6800,10
48845576906143,13:34:05.576,56.6800,75
48845576934014,13:34:05.576,56.6800,4
48845576986715,13:34:05.576,56.6800,21
48991078041051,13:36:31.078,56.6900,100
48991078041051,13:36:31.078,56.6900,100
48991078041051,13:36:31.078,56.6900,37
48991078535583,13:36:31.078,56.6900,28
48991078560226,13:36:31.078,56.6900,1
48991079651691,13:36:31.079,56.6900,100
49045471653093,13:37:25.471,56.6900,20
49045471653093,13:37:25.471,56.6900,5
49045471653093,13:37:25.471,56.6900,72
49045471793839,13:37:25.471,56.6900,28
49046752383430,13:37:26.752,56.7000,100
49046752814657,13:37:26.752,56.7100,100
49222502876378,13:40:22.502,56.7100,4
49303596776900,13:41:43.596,56.7100,1
49338337023008,13:42:18.337,56.6900,1
49522639492445,13:45:22.639,56.6900,8
49522639621724,13:45:22.639,56.6900,8
49522639697303,13:45:22.639,56.6900,8
49578159795806,13:46:18.159,56.7100,55
49578160001419,13:46:18.160,56.7100,57
49578160001419,13:46:18.160,56.7100,39
49816479955762,13:50:16.479,56.7000,100
49969553910404,13:52:49.553,56.7000,100
49970724363454,13:52:50.724,56.6900,100
49970724363454,13:52:50.724,56.6900,100
50001091315259,13:53:21.091,56.7000,100
50001091315259,13:53:21.091,56.7000,5
50001091315259,13:53:21.091,56.7000,95
50001091346779,13:53:21.091,56.7000,49
50001093237947,13:53:21.093,56.7000,32
50001093362837,13:53:21.093,56.7000,24
50001093362837,13:53:21.093,56.7100,25
50001093659592,13:53:21.093,56.7100,49
50046317318121,13:54:06.317,56.7000,100
50058173898964,13:54:18.173,56.7000,5
50162933096707,13:56:02.933,56.7200,13
50162933096707,13:56:02.933,56.7200,5
50240078475610,13:57:20.078,56.7150,100
50402687933413,14:00:02.687,56.7000,100
50402687933413,14:00:02.687,56.7000,100
50402687933413,14:00:02.687,56.7000,100
50402703045986,14:00:02.703,56.7100,10
50402703045986,14:00:02.703,56.7200,90
50402737758448,14:00:02.737,56.6900,100
50407473444368,14:00:07.473,56.7200,43
50407584595600,14:00:07.584,56.7300,4
50407584595600,14:00:07.584,56.7300,96
50407584627805,14:00:07.584,56.7300,4
50407584670699,14:00:07.584,56.7300,4
50407584693142,14:00:07.584,56.7300,4
50407584787177,14:00:07.584,56.7300,92
50407584787177,14:00:07.584,56.7300,8
50407615069478,14:00:07.615,56.7300,92
50408990444051,14:00:08.990,56.7300,4
50408990444051,14:00:08.990,56.7400,100
50408990444051,14:00:08.990,56.7400,96
50408991322974,14:00:08.991,56.7400,21
50408991322974,14:00:08.991,56.7400,100
50409010149882,14:00:09.010,56.7500,24
50409010178225,14:00:09.010,56.7500,21
50410861564211,14:00:10.861,56.7500,55
50446519014771,14:00:46.519,56.7900,26
50456210344758,14:00:56.210,56.8300,100
50480363409193,14:01:20.363,56.8600,100
50480363409193,14:01:20.363,56.8700,3
50480369593278,14:01:20.369,56.8700,100
50537059013509,14:02:17.059,56.8300,100
50537093406352,14:02:17.093,56.8300,5
50537093406352,14:02:17.093,56.8300,17
50544331582441,14:02:24.331,56.8300,3
50544331582441,14:02:24.331,56.8300,100
50652628145357,14:04:12.628,56.9100,100
50652628767914,14:04:12.628,56.9100,11
50652628767914,14:04:12.628,56.9100,94
50652629399130,14:04:12.629,56.9100,6
50652629399130,14:04:12.629,56.9100,44
50652629399130,14:04:12.629,56.9100,50
50652629898653,14:04:12.629,56.9100,50
50662498002236,14:04:22.498,56.9300,100
50662498672456,14:04:22.498,56.9300,60
50678385304136,14:04:38.385,56.9400,50
50678385626237,14:04:38.385,56.9400,50
50678386302435,14:04:38.386,56.9400,5
50678386976861,14:04:38.386,56.9500,5
50678387698686,14:04:38.387,56.9400,100
50711707390686,14:05:11.707,56.9600,2
50735650122785,14:05:35.650,56.9700,100
50939211729494,14:08:59.211,56.9700,100
50939211729494,14:08:59.211,56.9800,10
50939211729494,14:08:59.211,56.9800,44
50939211729494,14:08:59.211,56.9800,16
50939211799715,14:08:59.211,56.9800,100
50939211831551,14:08:59.211,56.9800,100
50939212260361,14:08:59.212,56.9800,110
51027271183849,14:10:27.271,56.9400,7
51027271397186,14:10:27.271,56.9300,100
51027271427165,14:10:27.271,56.9300,100
51029283530251,14:10:29.283,56.9200,35
51029283530251,14:10:29.283,56.9200,65
51029284089730,14:10:29.284,56.9200,35
51029285075985,14:10:29.285,56.9100,100
51030400250828,14:10:30.400,56.9000,71
51030917299418,14:10:30.917,56.9000,29
51037542960938,14:10:37.542,56.9100,135
51037542960938,14:10:37.542,56.9100,100
51037544439515,14:10:37.544,56.9100,65
51045505905880,14:10:45.505,56.9400,4
51045505905880,14:10:45.505,56.9500,96
51089123931429,14:11:29.123,56.9700,114
51089179059625,14:11:29.179,56.9700,99
51114077469601,14:11:54.077,56.9800,100
51159969406444,14:12:39.969,57.0000,45
51159969406444,14:12:39.969,57.0000,82
51159969412306,14:12:39.969,57.0000,18
51159969412306,14:12:39.969,57.0000,100
51176971025490,14:12:56.971,57.0200,96
51176971060645,14:12:56.971,57.0200,4
51176971060645,14:12:56.971,57.0300,1
51176971060645,14:12:56.971,57.0300,85
51176971380025,14:12:56.971,57.0300,10
51176980584667,14:12:56.980,57.0400,100
51324254969844,14:15:24.254,57.0200,7
51329510785644,14:15:29.510,57.0100,100
51329510785644,14:15:29.510,57.0100,100
51381648920097,14:16:21.648,57.0300,49
51381648979067,14:16:21.648,57.0300,48
51381649013386,14:16:21.649,57.0300,1
51381649050198,14:16:21.649,57.0300,2
51381649050198,14:16:21.649,57.0300,45
51381649271657,14:16:21.649,57.0300,1
51381654815371,14:16:21.654,57.0500,110
51429660892392,14:17:09.660,57.1000,107
51661040473660,14:21:01.040,57.1700,10
51669523612023,14:21:09.523,57.1700,100
51669523612023,14:21:09.523,57.1700,100
51701910216353,14:21:41.910,57.1800,4
51759561756864,14:22:39.561,57.2000,100
51786627633721,14:23:06.627,57.2200,5
51803991683475,14:23:23.991,57.2200,95
52013644698965,14:26:53.644,57.1500,14
52017507603303,14:26:57.507,57.1500,200
52077384099808,14:27:57.384,57.1350,100
52132961744329,14:28:52.961,57.1100,100
52210842267445,14:30:10.842,57.1050,100
52211848494262,14:30:11.848,57.1300,4
52211848494262,14:30:11.848,57.1300,52
52211853598543,14:30:11.853,57.1400,10
52211853598543,14:30:11.853,57.1400,10
52211853598543,14:30:11.853,57.1400,5
52212608900200,14:30:12.608,57.1300,100
52212609022200,14:30:12.609,57.1300,88
52212609022200,14:30:12.609,57.1200,100
52257834420702,14:30:57.834,57.1500,4
52257834420702,14:30:57.834,57.1500,100
52257834633148,14:30:57.834,57.1500,100
52257834767608,14:30:57.834,57.1500,73
52257835297979,14:30:57.835,57.1500,100
52257835390774,14:30:57.835,57.1500,100
52257842583054,14:30:57.842,57.1500,100
52262681074420,14:31:02.681,57.1600,100
52309510015034,14:31:49.510,57.1500,100
52309516301959,14:31:49.516,57.1400,100
52424642921649,14:33:44.642,57.1600,52
52424642921649,14:33:44.642,57.1600,5
52424642921649,14:33:44.642,57.1600,100
52424644429126,14:33:44.644,57.1700,6
52424649448602,14:33:44.649,57.1800,7
52424706551925,14:33:44.706,57.1800,88
52452054433611,14:34:12.054,57.1900,4
52452054433611,14:34:12.054,57.2100,2
52452054565488,14:34:12.054,57.2100,4
52543824106966,14:35:43.824,57.1900,18
52543824106966,14:35:43.824,57.1900,100
52566068755215,14:36:06.068,57.1800,100
52566071313878,14:36:06.071,57.1700,100
52572390248587,14:36:12.390,57.1700,5
52572390248587,14:36:12.390,57.1700,100
52577401734296,14:36:17.401,57.1600,3
52628736506027,14:37:08.736,57.1400,1
52642598741118,14:37:22.598,57.1700,4
52642598741118,14:37:22.598,57.1700,5
52642598741118,14:37:22.598,57.1700,5
52642598741118,14:37:22.598,57.1700,37
52642598741118,14:37:22.598,57.1700,58
52642598758383,14:37:22.598,57.1700,42
52642601524037,14:37:22.601,57.1700,100
52710476446448,14:38:30.476,57.1700,52
52756258246406,14:39:16.258,57.1800,48
52756258277903,14:39:16.258,57.1800,52
52756258868552,14:39:16.258,57.1700,48
52756258930430,14:39:16.258,57.1700,4
52756258963056,14:39:16.258,57.1700,44
52834720609522,14:40:34.720,57.1600,100
52844171710242,14:40:44.171,57.1600,17
52939641052362,14:42:19.641,57.1800,5
52939641052362,14:42:19.641,57.1800,100
52939641052362,14:42:19.641,57.1800,57
52939642705728,14:42:19.642,57.1600,10
52939643830824,14:42:19.643,57.1500,10
52939644396621,14:42:19.644,57.1300,98
52939644396621,14:42:19.644,57.1300,100
52953818741110,14:42:33.818,57.1300,100
52953818741110,14:42:33.818,57.1300,100
52986113134855,14:43:06.113,57.1300,56
52986113289678,14:43:06.113,57.1300,44
52989136982671,14:43:09.136,57.1500,10
53087057256427,14:44:47.057,57.1600,100
53087057256427,14:44:47.057,57.1600,100
53160526180975,14:46:00.526,57.1600,37
53189256887010,14:46:29.256,57.1700,15
53193138148919,14:46:33.138,57.1900,6
53208795216754,14:46:48.795,57.2000,1
53224995022197,14:47:04.995,57.2100,1
53224995062888,14:47:04.995,57.2200,100
53241049506756,14:47:21.049,57.2200,25
53241049506756,14:47:21.049,57.2200,11
53241049569294,14:47:21.049,57.2200,14
53241049569294,14:47:21.049,57.2200,48
53246397267777,14:47:26.397,57.2200,100
53297190375049,14:48:17.190,57.2100,100
53306444915677,14:48:26.444,57.2200,5
53315632734515,14:48:35.632,57.2300,5
53315632734515,14:48:35.632,57.2300,46
53315632791254,14:48:35.632,57.2300,14
53315632791254,14:48:35.632,57.2300,86
53315632989081,14:48:35.632,57.2300,14
53315633201713,14:48:35.633,57.2300,100
53422716509366,14:50:22.716,57.2400,89
53422717179113,14:50:22.717,57.2500,5
53438326722392,14:50:38.326,57.2700,5
53438326722392,14:50:38.326,57.2700,5
53534423581548,14:52:14.423,57.2800,4
53534423581548,14:52:14.423,57.2900,5
53534423581548,14:52:14.423,57.2900,96
53542043754835,14:52:22.043,57.3000,10
53542043754835,14:52:22.043,57.3000,5
53542159060887,14:52:22.159,57.3100,5
53555720077542,14:52:35.720,57.3200,4
53555720077542,14:52:35.720,57.3200,2
53570140783652,14:52:50.140,57.3000,100
53614924735539,14:53:34.924,57.3400,5
53647039598083,14:54:07.039,57.3400,86
53647039648263,14:54:07.039,57.3400,14
53797688772083,14:56:37.688,57.3600,2
53806346132720,14:56:46.346,57.3700,8
53806346132720,14:56:46.346,57.3700,66
53806346132720,14:56:46.346,57.3700,2
53822934157158,14:57:02.934,57.3500,1
53829799678039,14:57:09.799,57.3500,84
53829799700365,14:57:09.799,57.3500,16
53829799700365,14:57:09.799,57.3500,58
53829799707928,14:57:09.799,57.3500,42
53829804040228,14:57:09.804,57.3500,100
53898581148572,14:58:18.581,57.3700,37
53898581148572,14:58:18.581,57.3700,72
53898581158831,14:58:18.581,57.3700,74
53898581430363,14:58:18.581,57.3700,54
53898582929542,14:58:18.582,57.3800,5
53898582929542,14:58:18.582,57.3800,100
53898582929542,14:58:18.582,57.3800,95
53898582957895,14:58:18.582,57.3800,5
53898582957895,14:58:18.582,57.3800,2
53910642551665,14:58:30.642,57.4000,5
53957082639859,14:59:17.082,57.4100,5
53957096587010,14:59:17.096,57.4200,100
53960476959867,14:59:20.476,57.4200,18
53960476985915,14:59:20.476,57.4200,82
53960476985915,14:59:20.476,57.4200,100
54007225810729,15:00:07.225,57.4100,100
54007227724414,15:00:07.227,57.4100,31
54007227724414,15:00:07.227,57.4100,69
54007228793699,15:00:07.228,57.4100,31
54110765262725,15:01:50.765,57.4000,100
54125299742404,15:02:05.299,57.4000,100
54125299742404,15:02:05.299,57.4000,100
54125299742404,15:02:05.299,57.4000,1
54126693831835,15:02:06.693,57.3900,100
54126693831835,15:02:06.693,57.3900,100
54126693831835,15:02:06.693,57.3900,100
54126693831835,15:02:06.693,57.3900,100
54126693831835,15:02:06.693,57.3900,100
54260347429442,15:04:20.347,57.3500,100
54260347452795,15:04:20.347,57.3500,100
54260347452795,15:04:20.347,57.3500,95
54265514542599,15:04:25.514,57.3400,10
54265514542599,15:04:25.514,57.3400,5
54265514542599,15:04:25.514,57.3400,9
54265541446311,15:04:25.541,57.3500,5
54265836177264,15:04:25.836,57.3400,100
54265836177264,15:04:25.836,57.3400,50
54353470353176,15:05:53.470,57.3400,51
54353470353176,15:05:53.470,57.3400,49
54353470622612,15:05:53.470,57.3400,51
54366580917474,15:06:06.580,57.3200,100
54383287288139,15:06:23.287,57.3100,100
54387335935897,15:06:27.335,57.2900,6
54387336075450,15:06:27.336,57.2900,1
54477328643443,15:07:57.328,57.2900,87
54477328720108,15:07:57.328,57.2900,62
54477328735022,15:07:57.328,57.2900,27
54477329036595,15:07:57.329,57.2900,124
54477329036595,15:07:57.329,57.3000,100
54477329036595,15:07:57.329,57.3000,5
54477329036595,15:07:57.329,57.3000,2
54477329036595,15:07:57.329,57.3000,5
54477329036595,15:07:57.329,57.3000,64
54477329078398,15:07:57.329,57.3000,44
54477329078398,15:07:57.329,57.3000,18
54477329134264,15:07:57.329,57.3000,20
54477329167386,15:07:57.329,57.3000,42
54484849149500,15:08:04.849,57.3000,20
54484849149500,15:08:04.849,57.3000,79
54545495491413,15:09:05.495,57.2800,100
54545495491413,15:09:05.495,57.2800,100
54546261688072,15:09:06.261,57.2700,100
54552121288902,15:09:12.121,57.2600,5
54562911783920,15:09:22.911,57.2700,100
54562911783920,15:09:22.911,57.2700,100
54562911783920,15:09:22.911,57.2700,15
54572529393938,15:09:32.529,57.2800,53
54572529452829,15:09:32.529,57.2800,47
54591277233363,15:09:51.277,57.2700,100
54731788226068,15:12:11.788,57.2100,100
54731788226068,15:12:11.788,57.2100,100
54776907423420,15:12:56.907,57.1600,5
54807882661843,15:13:27.882,57.1900,6
54921903805052,15:15:21.903,57.1800,100
54921903805052,15:15:21.903,57.1800,4
54921903805052,15:15:21.903,57.1800,10
54921903809158,15:15:21.903,57.1800,4
54922005504620,15:15:22.005,57.1900,87
54922005504620,15:15:22.005,57.1900,6
54922106281933,15:15:22.106,57.1900,2
54922106304201,15:15:22.106,57.1900,40
54922106353170,15:15:22.106,57.1900,58
54922106353170,15:15:22.106,57.1900,100
54931741089841,15:15:31.741,57.2000,100
54931771698469,15:15:31.771,57.2100,100
54943072345558,15:15:43.072,57.2200,1
54948012106254,15:15:48.012,57.2300,10
54948012106254,15:15:48.012,57.2300,100
54961500086822,15:16:01.500,57.2400,4
54998474841433,15:16:38.474,57.2500,100
54998474841990,15:16:38.474,57.2500,100
54998474849946,15:16:38.474,57.2500,100
54998474852414,15:16:38.474,57.2500,100
54998750253288,15:16:38.750,57.2400,100
55138281376601,15:18:58.281,57.2500,100
55138281376601,15:18:58.281,57.2500,5
55138281376601,15:18:58.281,57.2500,95
55138282131685,15:18:58.282,57.2500,5
55172228254114,15:19:32.228,57.2600,76
55172228293559,15:19:32.228,57.2600,24
55172228293559,15:19:32.228,57.2600,100
55175345958556,15:19:35.345,57.2700,10
55175345958556,15:19:35.345,57.2700,100
55204103351696,15:20:04.103,57.2800,5
55270148284706,15:21:10.148,57.2900,1
55292376796805,15:21:32.376,57.2800,53
55292376823167,15:21:32.376,57.2800,47
55292376823167,15:21:32.376,57.2800,100
55293033582620,15:21:33.033,57.2600,100
55293033582620,15:21:33.033,57.2600,100
55293033607429,15:21:33.033,57.2600,100
55330601937637,15:22:10.601,57.2400,100
55330601937637,15:22:10.601,57.2400,100
55330601937637,15:22:10.601,57.2400,100
55330602030026,15:22:10.602,57.2400,100
55346680252909,15:22:26.680,57.2300,100
55370119537251,15:22:50.119,57.2100,100
55448110491047,15:24:08.110,57.1800,100
55461248903344,15:24:21.248,57.1800,100
55461248903344,15:24:21.248,57.1800,10
55461252037146,15:24:21.252,57.1700,15
55461252037146,15:24:21.252,57.1700,10
55463510526173,15:24:23.510,57.1600,80
55463510552298,15:24:23.510,57.1600,20
55463539573700,15:24:23.539,57.1600,100
55463539573700,15:24:23.539,57.1600,100
55465531676859,15:24:25.531,57.1700,100
55465531676859,15:24:25.531,57.1700,100
55465531676859,15:24:25.531,57.1700,107
55469799453427,15:24:29.799,57.1700,100
55469799453427,15:24:29.799,57.1700,100
55486429018482,15:24:46.429,57.1600,100
55486431114310,15:24:46.431,57.1600,98
55569728301627,15:26:09.728,57.1600,100
55569728301627,15:26:09.728,57.1700,20
55600029682753,15:26:40.029,57.1700,80
55600029682753,15:26:40.029,57.1700,10
55600029682753,15:26:40.029,57.1700,10
55613607243360,15:26:53.607,57.1700,100
55613607243360,15:26:53.607,57.1700,151
55613607263186,15:26:53.607,57.1700,49
55615751011279,15:26:55.751,57.1700,100
55642617873072,15:27:22.617,57.1700,200
55642617898715,15:27:22.617,57.1700,100
55642618205798,15:27:22.618,57.1700,94
55642618205798,15:27:22.618,57.1700,6
55642618261149,15:27:22.618,57.1700,94
55673111613177,15:27:53.111,57.1700,200
55673111613619,15:27:53.111,57.1700,100
55673111613619,15:27:53.111,57.1700,100
55673243715403,15:27:53.243,57.1900,18
55673243715403,15:27:53.243,57.1900,4
55673637709608,15:27:53.637,57.1900,4
55674910387148,15:27:54.910,57.1950,100
55674910387148,15:27:54.910,57.2000,5
55674910387148,15:27:54.910,57.2000,8
55674910963426,15:27:54.910,57.2000,20
55674912060283,15:27:54.912,57.2000,80
55748094471234,15:29:08.094,57.2000,5
55748094471234,15:29:08.094,57.1900,16
55748094547538,15:29:08.094,57.1900,21
55748094842770,15:29:08.094,57.1900,21
55748095271957,15:29:08.095,57.1900,17
55748095306136,15:29:08.095,57.1900,4
55748095341918,15:29:08.095,57.1900,13
55757464319039,15:29:17.464,57.1900,5
55757464319039,15:29:17.464,57.1900,5
55757464319039,15:29:17.464,57.1900,100
55802559457582,15:30:02.559,57.1700,100
55803519619362,15:30:03.519,57.1600,3
55803519648222,15:30:03.519,57.1600,97
55803568889115,15:30:03.568,57.1500,6
55803595581230,15:30:03.595,57.1600,42
55831242914681,15:30:31.242,57.1500,100
55831242955951,15:30:31.242,57.1500,99
55831242976886,15:30:31.242,57.1500,1
55872437613629,15:31:12.437,57.1700,8
55872437613629,15:31:12.437,57.1700,68
55872437708233,15:31:12.437,57.1700,32
55872437708233,15:31:12.437,57.1700,44
55872437783982,15:31:12.437,57.1700,56
55872437783982,15:31:12.437,57.1700,20
55872438149221,15:31:12.438,57.1700,2
55872438349014,15:31:12.438,57.1700,4
55872438680575,15:31:12.438,57.1700,72
55872438860966,15:31:12.438,57.1700,2
55931946498921,15:32:11.946,57.1700,96
55931946527275,15:32:11.946,57.1700,37
55933845638742,15:32:13.845,57.1600,8
55933845745504,15:32:13.845,57.1600,8
55933846123614,15:32:13.846,57.1600,8
55991870240287,15:33:11.870,57.1600,100
55999151100412,15:33:19.151,57.1500,9
56001535032217,15:33:21.535,57.1500,91
56020499125607,15:33:40.499,57.1500,100
56020499125607,15:33:40.499,57.1500,56
56042716876887,15:34:02.716,57.1400,5
56042717044249,15:34:02.717,57.1400,3
56042721303300,15:34:02.721,57.1300,100
56042721303300,15:34:02.721,57.1300,100
56042729844730,15:34:02.729,57.1200,100
56127246201809,15:35:27.246,57.1100,100
56127246201809,15:35:27.246,57.1100,100
56189118627865,15:36:29.118,57.1100,6
56189118627865,15:36:29.118,57.1100,100
56199979469170,15:36:39.979,57.1100,200
56245553238175,15:37:25.553,57.1200,100
56245553603857,15:37:25.553,57.1200,100
56245553603857,15:37:25.553,57.1200,100
56245553603857,15:37:25.553,57.1200,100
56253523495496,15:37:33.523,57.1200,4
56255216434575,15:37:35.216,57.1300,100
56323482858650,15:38:43.482,57.1400,100
56323482861280,15:38:43.482,57.1400,50
56323483283518,15:38:43.483,57.1400,13
56323483283518,15:38:43.483,57.1400,100
56324039594025,15:38:44.039,57.1500,5
56324104608532,15:38:44.104,57.1600,3
56360450169453,15:39:20.450,57.1700,5
56360450169453,15:39:20.450,57.1700,5
56360450169453,15:39:20.450,57.1700,90
56360450197222,15:39:20.450,57.1700,10
56387001898607,15:39:47.001,57.1800,100
56427387646711,15:40:27.387,57.1800,44
56428136655833,15:40:28.136,57.1800,1
56463104616120,15:41:03.104,57.1800,200
56463104616120,15:41:03.104,57.1800,100
56479098189351,15:41:19.098,57.1800,100
56483269175380,15:41:23.269,57.1700,100
56483269175380,15:41:23.269,57.1700,100
56483269208939,15:41:23.269,57.1700,100
56498843992095,15:41:38.843,57.1600,1
56498843992095,15:41:38.843,57.1600,31
56569694104065,15:42:49.694,57.1700,100
56569694104065,15:42:49.694,57.1700,100
56569694104065,15:42:49.694,57.1700,190
56569694104065,15:42:49.694,57.1700,100
56573654609690,15:42:53.654,57.1800,4
56573657270262,15:42:53.657,57.1900,100
56631530424962,15:43:51.530,57.2000,5
56631530424962,15:43:51.530,57.2000,5
56645647671303,15:44:05.647,57.2100,10
56645647671303,15:44:05.647,57.2100,8
56652091718821,15:44:12.091,57.2000,100
56667830902340,15:44:27.830,57.2000,100
56667831679761,15:44:27.831,57.2000,100
56667831854257,15:44:27.831,57.2000,100
56702076392187,15:45:02.076,57.2200,5
56702303923781,15:45:02.303,57.2300,66
56702304217183,15:45:02.304,57.2300,59
56702304217183,15:45:02.304,57.2300,7
56702304442893,15:45:02.304,57.2300,93
56702305308819,15:45:02.305,57.2400,1
56702883281005,15:45:02.883,57.2400,100
56708546513737,15:45:08.546,57.2300,71
56709033242363,15:45:09.033,57.2400,13
56710960808999,15:45:10.960,57.2400,10
56710960808999,15:45:10.960,57.2400,13
56711009921866,15:45:11.009,57.2300,29
56717713293597,15:45:17.713,57.2300,34
56717713736357,15:45:17.713,57.2300,32
56717713770261,15:45:17.713,57.2300,2
56717713802758,15:45:17.713,57.2300,30
56717714741572,15:45:17.714,57.2300,2
56736161764614,15:45:36.161,57.2500,2
56736161764614,15:45:36.161,57.2500,3
56747171406489,15:45:47.171,57.2600,7
56747171406489,15:45:47.171,57.2600,93
56763095168343,15:46:03.095,57.2500,8
56871458450533,15:47:51.458,57.2500,30
56871458450533,15:47:51.458,57.2500,15
56871458450533,15:47:51.458,57.2500,100
56871458450533,15:47:51.458,57.2500,9
56871458450533,15:47:51.458,57.2500,38
56871458483852,15:47:51.458,57.2500,62
56871458483852,15:47:51.458,57.2500,100
56871458483852,15:47:51.458,57.2500,100
56871458483852,15:47:51.458,57.2500,100
56871458483852,15:47:51.458,57.2500,100
56871458661420,15:47:51.458,57.2500,100
56871458760450,15:47:51.458,57.2500,100
56889052711412,15:48:09.052,57.2500,9
56889052711412,15:48:09.052,57.2500,100
56889052711412,15:48:09.052,57.2500,100
56889052711412,15:48:09.052,57.2500,100
56889052711412,15:48:09.052,57.2500,100
56889052711412,15:48:09.052,57.2500,28
56889052747302,15:48:09.052,57.2500,72
56889052747302,15:48:09.052,57.2500,200
56889054322409,15:48:09.054,57.2600,100
56889054322409,15:48:09.054,57.2600,100
56889054322409,15:48:09.054,57.2600,100
56900658834550,15:48:20.658,57.2700,91
56900658864268,15:48:20.658,57.2700,9
56900658864268,15:48:20.658,57.2700,100
56900658864268,15:48:20.658,57.2700,18
56900658866118,15:48:20.658,57.2700,3
56900661761322,15:48:20.661,57.2700,5
56906455930357,15:48:26.455,57.2700,39
56906456104255,15:48:26.456,57.2700,61
56913235340773,15:48:33.235,57.2600,100
57010510383983,15:50:10.510,57.2600,49
57010527990175,15:50:10.527,57.2600,30
57010527995696,15:50:10.527,57.2600,18
57013043227678,15:50:13.043,57.2600,50
57013043253479,15:50:13.043,57.2600,253
57013043253479,15:50:13.043,57.2600,100
57013326650917,15:50:13.326,57.2600,100
57065030132645,15:51:05.030,57.2500,1
57111360679946,15:51:51.360,57.2500,300
57111360870496,15:51:51.360,57.2500,100
57111360870496,15:51:51.360,57.2500,100
57111360870496,15:51:51.360,57.2500,73
57111360871648,15:51:51.360,57.2500,222
57121277224949,15:52:01.277,57.2500,12
57140029332293,15:52:20.029,57.2400,1
57140029332293,15:52:20.029,57.2400,100
57140029332293,15:52:20.029,57.2400,41
57140029402587,15:52:20.029,57.2400,245
57141627517709,15:52:21.627,57.2300,50
57145168681491,15:52:25.168,57.2100,1
57159211528714,15:52:39.211,57.2100,5
57159211528714,15:52:39.211,57.2100,95
57159211560315,15:52:39.211,57.2100,5
57168418955306,15:52:48.418,57.1900,100
57168418955306,15:52:48.418,57.1900,168
57168418955306,15:52:48.418,57.1900,300
57175324435739,15:52:55.324,57.1900,100
57190785755843,15:53:10.785,57.2000,7
57190785755843,15:53:10.785,57.2000,100
57190785755843,15:53:10.785,57.2000,5
57190785755843,15:53:10.785,57.2000,32
57190785755843,15:53:10.785,57.2000,110
57190785755843,15:53:10.785,57.2000,8
57215647730594,15:53:35.647,57.2000,100
57215647730594,15:53:35.647,57.2000,121
57215648134723,15:53:35.648,57.2000,79
57215648134723,15:53:35.648,57.2000,100
57215648171341,15:53:35.648,57.2000,4
57215648171341,15:53:35.648,57.2000,38
57215649398624,15:53:35.649,57.2000,100
57215650200897,15:53:35.650,57.2000,62
57237140111831,15:53:57.140,57.2100,100
57237140111831,15:53:57.140,57.2100,11
57246189844603,15:54:06.189,57.2100,32
57263069626780,15:54:23.069,57.2200,193
57263069642890,15:54:23.069,57.2200,7
57263069642890,15:54:23.069,57.2200,42
57263069651588,15:54:23.069,57.2200,58
57263069651588,15:54:23.069,57.2200,20
57263069688477,15:54:23.069,57.2200,14
57263069711194,15:54:23.069,57.2200,5
57263099813521,15:54:23.099,57.2200,123
57263099866420,15:54:23.099,57.2200,38
57263100849238,15:54:23.100,57.2200,100
57300126271452,15:55:00.126,57.2300,50
57300936435999,15:55:00.936,57.2300,50
57300936435999,15:55:00.936,57.2300,50
57300938301706,15:55:00.938,57.2300,50
57300938301706,15:55:00.938,57.2300,100
57308324774142,15:55:08.324,57.2500,3
57308325088840,15:55:08.325,57.2500,9
57310365253167,15:55:10.365,57.2600,3
57344073962236,15:55:44.073,57.2700,5
57344073962236,15:55:44.073,57.2700,195
57344253986468,15:55:44.253,57.2700,5
57349869946884,15:55:49.869,57.2800,10
57349869946884,15:55:49.869,57.2800,100
57379029925823,15:56:19.029,57.2800,1
57379030039708,15:56:19.030,57.2800,1
57379151394241,15:56:19.151,57.2800,22
57379151493179,15:56:19.151,57.2800,22
57379151814102,15:56:19.151,57.2800,22
57379151852132,15:56:19.151,57.2800,32
57385306720463,15:56:25.306,57.2600,100
57388768998375,15:56:28.768,57.2500,14
57452141454683,15:57:32.141,57.2400,11
57452141770683,15:57:32.141,57.2400,89
57452141770683,15:57:32.141,57.2400,7
57453262154267,15:57:33.262,57.2500,100
57453262154267,15:57:33.262,57.2500,100
57453262154267,15:57:33.262,57.2500,5
57453263142404,15:57:33.263,57.2500,100
57457926909591,15:57:37.926,57.2500,50
57457926940152,15:57:37.926,57.2500,50
57457932951988,15:57:37.932,57.2500,100
57473414324631,15:57:53.414,57.2500,99
57473419112563,15:57:53.419,57.2500,1
57480149942759,15:58:00.149,57.2400,100
57480149942759,15:58:00.149,57.2400,100
57480251794308,15:58:00.251,57.2400,40
57480251794308,15:58:00.251,57.2400,40
57483463067491,15:58:03.463,57.2200,7
57483463067491,15:58:03.463,57.2200,5
57483463067491,15:58:03.463,57.2200,10
57483463067491,15:58:03.463,57.2200,93
57483463119978,15:58:03.463,57.2200,7
57494679131043,15:58:14.679,57.2200,4
57507585147146,15:58:27.585,57.2200,100
57527316439772,15:58:47.316,57.2300,6
57530385944396,15:58:50.385,57.2300,86
57530385952420,15:58:50.385,57.2300,7
57530385996026,15:58:50.385,57.2300,7
57530385996026,15:58:50.385,57.2300,80
57530386033698,15:58:50.386,57.2300,20
57540957094495,15:59:00.957,57.2400,99
57540957122542,15:59:00.957,57.2400,1
57540969339636,15:59:00.969,57.2400,100
57545971356080,15:59:05.971,57.2600,28
57548032029283,15:59:08.032,57.2600,46
57549553813581,15:59:09.553,57.2600,26
57549553813581,15:59:09.553,57.2600,64
57549553844333,15:59:09.553,57.2600,36
57550074869641,15:59:10.074,57.2600,3
57581534102182,15:59:41.534,57.2700,47
57581838099348,15:59:41.838,57.2700,100
57581838128662,15:59:41.838,57.2700,53
57581838128662,15:59:41.838,57.2700,100
57582018467819,15:59:42.018,57.2700,94
57594302243337,15:59:54.302,57.2500,3
57594302269034,15:59:54.302,57.2500,11
57594302269034,15:59:54.302,57.2500,98
57596114491608,15:59:56.114,57.2100,100
57600446459998,16:00:00.446,0.0000,0
