timestamp,time,price,volume
34200653755788,09:30:00.653,55.5800,14210
34295542084539,09:31:35.542,55.6000,82
34325413945942,09:32:05.413,55.5700,100
34325413954553,09:32:05.413,55.5700,200
34325413985050,09:32:05.413,55.5700,250
34325425628823,09:32:05.425,55.5850,100
34325425628823,09:32:05.425,55.5800,100
34325425628823,09:32:05.425,55.5800,100
34349629760408,09:32:29.629,55.5900,100
34393020805722,09:33:13.020,55.6000,100
34393020805722,09:33:13.020,55.6000,200
34489697570664,09:34:49.697,55.5900,40
34489697589062,09:34:49.697,55.5900,60
34503030513936,09:35:03.030,55.6000,12
34503030651872,09:35:03.030,55.6000,88
34533553961519,09:35:33.553,55.6000,100
34533553988301,09:35:33.553,55.6000,500
34533553988301,09:35:33.553,55.6000,300
34620577004663,09:37:00.577,55.5950,100
34620579622393,09:37:00.579,55.5950,100
34626107703555,09:37:06.107,55.6000,38
34626107703555,09:37:06.107,55.6000,62
34626107703555,09:37:06.107,55.6000,100
34670205978485,09:37:50.205,55.6000,244
34670206000160,09:37:50.206,55.6000,180
34670206012534,09:37:50.206,55.6000,76
34670206012534,09:37:50.206,55.6000,46
34670206024265,09:37:50.206,55.6000,100
34670206074130,09:37:50.206,55.6000,54
34677627745227,09:37:57.627,55.6000,100
34677627745227,09:37:57.627,55.6000,100
34678210810698,09:37:58.210,55.6050,50
34681914218482,09:38:01.914,55.6100,100
34681914218482,09:38:01.914,55.6100,300
34681914218482,09:38:01.914,55.6100,100
34681919597048,09:38:01.919,55.6150,100
34730740404764,09:38:50.740,55.6150,100
34731947264554,09:38:51.947,55.6150,100
34767227819645,09:39:27.227,55.6150,7
34787527556057,09:39:47.527,55.6200,135
34787527585192,09:39:47.527,55.6200,165
34787527585192,09:39:47.527,55.6200,100
34788703046177,09:39:48.703,55.6250,400
34788703046177,09:39:48.703,55.6250,100
34807648234335,09:40:07.648,55.6250,100
34883209632566,09:41:23.209,55.6200,100
34884210461551,09:41:24.210,55.6200,200
34884210461551,09:41:24.210,55.6200,100
34884210734979,09:41:24.210,55.6200,200
34906135925618,09:41:46.135,55.6000,200
34906135925618,09:41:46.135,55.6000,100
34906135925618,09:41:46.135,55.6000,100
34989631127905,09:43:09.631,55.6000,100
34989631127905,09:43:09.631,55.6000,100
35019795993375,09:43:39.795,55.6000,100
35035732817165,09:43:55.732,55.6000,100
35043776316419,09:44:03.776,55.6000,200
35043776316419,09:44:03.776,55.6000,100
35043776316419,09:44:03.776,55.6000,32
35105885253693,09:45:05.885,55.6000,100
35105885253693,09:45:05.885,55.6000,9
35105885253693,09:45:05.885,55.6000,3
35117140397113,09:45:17.140,55.6050,400
35139608179509,09:45:39.608,55.6000,97
35216670136475,09:46:56.670,55.6000,15
35216670136475,09:46:56.670,55.6000,100
35216670136475,09:46:56.670,55.6000,5
35216670136475,09:46:56.670,55.6000,80
35330638882882,09:48:50.638,55.5800,181
35350206862682,09:49:10.206,55.5800,100
35423540883320,09:50:23.540,55.5900,222
35423540940321,09:50:23.540,55.5900,78
35602868015433,09:53:22.868,55.5650,4
35631869467202,09:53:51.869,55.5650,2
35685436754147,09:54:45.436,55.5750,100
35685436917902,09:54:45.436,55.5800,40
35685436979773,09:54:45.436,55.5800,60
35695782408151,09:54:55.782,55.5800,100
35806654292433,09:56:46.654,55.5600,100
35806663387101,09:56:46.663,55.5600,100
35806663387101,09:56:46.663,55.5600,100
35806663387101,09:56:46.663,55.5600,200
35806663387101,09:56:46.663,55.5600,100
35806663387101,09:56:46.663,55.5600,200
35806663387101,09:56:46.663,55.5600,300
35809878169202,09:56:49.878,55.5550,1
35820448850168,09:57:00.448,55.5600,500
35820448850168,09:57:00.448,55.5600,100
35820448850168,09:57:00.448,55.5600,1
35820448850168,09:57:00.448,55.5600,100
35820448850168,09:57:00.448,55.5600,1
35820448850168,09:57:00.448,55.5600,1
35820448850168,09:57:00.448,55.5600,1000
35820448850168,09:57:00.448,55.5600,100
35821012844655,09:57:01.012,55.5600,18
36000601516533,10:00:00.601,55.5400,100
36000602410948,10:00:00.602,55.5400,400
36038572742794,10:00:38.572,55.5350,5
36170456575088,10:02:50.456,55.5100,100
36205760895909,10:03:25.760,55.5050,100
36205760895909,10:03:25.760,55.5050,400
36205760895909,10:03:25.760,55.5000,72
36205760895909,10:03:25.760,55.5000,200
36205760895909,10:03:25.760,55.5000,200
36206410253065,10:03:26.410,55.5100,200
36206410253065,10:03:26.410,55.5100,200
36206410253065,10:03:26.410,55.5100,471
36206411343044,10:03:26.411,55.5100,200
36206411343044,10:03:26.411,55.5100,200
36208451781865,10:03:28.451,55.5100,200
36381118033214,10:06:21.118,55.5000,100
36432255748338,10:07:12.255,55.5100,100
36466116960874,10:07:46.116,55.4850,400
36476968799117,10:07:56.968,55.4900,200
36476968799117,10:07:56.968,55.4900,200
36476968799117,10:07:56.968,55.4900,200
36476968799117,10:07:56.968,55.4900,100
36476968799117,10:07:56.968,55.4900,100
36505981024662,10:08:25.981,55.4950,100
37105775224347,10:18:25.775,55.5000,162
37108492600537,10:18:28.492,55.5000,134
37108492647856,10:18:28.492,55.5000,304
37173681318507,10:19:33.681,55.5000,100
37194499510270,10:19:54.499,55.5050,400
37194499510270,10:19:54.499,55.5050,100
37223639805097,10:20:23.639,55.5100,83
37223639845147,10:20:23.639,55.5100,17
37553188214723,10:25:53.188,55.5400,100
37557458373005,10:25:57.458,55.5400,100
37693655939099,10:28:13.655,55.5300,135
37693656000643,10:28:13.656,55.5300,65
37693656000643,10:28:13.656,55.5300,100
37748107181524,10:29:08.107,55.5400,300
38195157325565,10:36:35.157,55.5500,300
38195157325565,10:36:35.157,55.5500,50
38195157325565,10:36:35.157,55.5500,200
38222003555232,10:37:02.003,55.5600,100
38222003555232,10:37:02.003,55.5600,189
38222003599716,10:37:02.003,55.5600,111
38234781071431,10:37:14.781,55.5600,100
38271103173103,10:37:51.103,55.5400,100
38284618383978,10:38:04.618,55.5300,200
38284618383978,10:38:04.618,55.5300,300
38638595860354,10:43:58.595,55.5800,200
38657472553480,10:44:17.472,55.5900,174
38657472571527,10:44:17.472,55.5900,146
38657472987370,10:44:17.472,55.5900,180
38657472987370,10:44:17.472,55.5900,100
38658385073140,10:44:18.385,55.5950,3000
38658885594663,10:44:18.885,55.5950,400
38658885594663,10:44:18.885,55.5950,2600
38661228230276,10:44:21.228,55.6000,200
38661228230276,10:44:21.228,55.6000,200
38661229766224,10:44:21.229,55.6000,500
38661229766224,10:44:21.229,55.6000,200
38661229766224,10:44:21.229,55.6000,100
38661229766224,10:44:21.229,55.6000,100
38661232000133,10:44:21.232,55.6000,100
38679402453440,10:44:39.402,55.6000,200
38679402453440,10:44:39.402,55.6000,100
38710451527174,10:45:10.451,55.6050,400
38824212633191,10:47:04.212,55.6000,174
38824212679905,10:47:04.212,55.6000,192
38824212868981,10:47:04.212,55.6000,134
38960770994149,10:49:20.770,55.5900,100
38960771117158,10:49:20.771,55.5900,100
39007489701760,10:50:07.489,55.5800,200
39007489701760,10:50:07.489,55.5800,1
39219421126902,10:53:39.421,55.5700,100
39320160208369,10:55:20.160,55.5900,200
39320160208369,10:55:20.160,55.5900,200
39320160208369,10:55:20.160,55.5900,200
39320160208369,10:55:20.160,55.5900,200
39320160208369,10:55:20.160,55.5900,200
39320160208369,10:55:20.160,55.5900,100
39320163608027,10:55:20.163,55.5900,200
39320163608027,10:55:20.163,55.5900,100
39529125157062,10:58:49.125,55.5850,400
39529125157062,10:58:49.125,55.5900,200
39529125157062,10:58:49.125,55.5900,200
39529125366488,10:58:49.125,55.5850,100
39529153484444,10:58:49.153,55.5900,100
39529153484444,10:58:49.153,55.5900,200
39529153484444,10:58:49.153,55.5900,200
39529155488454,10:58:49.155,55.5900,100
39529177875944,10:58:49.177,55.5900,200
39529177875944,10:58:49.177,55.5900,100
39529177875944,10:58:49.177,55.5900,100
39529177875944,10:58:49.177,55.5900,300
39529177875944,10:58:49.177,55.5900,100
39530078858957,10:58:50.078,55.5900,200
39633085095411,11:00:33.085,55.6100,66
39633085134671,11:00:33.085,55.6100,34
39663462920086,11:01:03.462,55.6300,500
39667173789227,11:01:07.173,55.6300,100
39720223704437,11:02:00.223,55.6350,400
39911088038200,11:05:11.088,55.6250,165
39976429568530,11:06:16.429,55.6200,200
40218376260373,11:10:18.376,55.6100,100
40218376260373,11:10:18.376,55.6100,200
40218376260373,11:10:18.376,55.6100,200
40218376884847,11:10:18.376,55.6100,200
40218376884847,11:10:18.376,55.6100,100
40218376884847,11:10:18.376,55.6100,200
40218377524118,11:10:18.377,55.6100,200
40218377524118,11:10:18.377,55.6100,46
40218609113159,11:10:18.609,55.6100,54
40327112133560,11:12:07.112,55.6200,100
40327112133560,11:12:07.112,55.6200,200
40373743335131,11:12:53.743,55.6200,91
40509768370148,11:15:09.768,55.6300,100
40776912000033,11:19:36.912,55.6200,100
40786953642107,11:19:46.953,55.6200,20
40861088568539,11:21:01.088,55.6200,200
40981017512704,11:23:01.017,55.6100,73
40981017565708,11:23:01.017,55.6100,27
41110385869869,11:25:10.385,55.6000,79
41110386345896,11:25:10.386,55.6000,21
41244203485429,11:27:24.203,55.6000,21
41404740438324,11:30:04.740,55.6250,100
41495043357879,11:31:35.043,55.6300,155
41497022661288,11:31:37.022,55.6300,100
41519711999877,11:31:59.711,55.6400,200
41595913435211,11:33:15.913,55.6500,26
41657589926585,11:34:17.589,55.6500,47
41657589952712,11:34:17.589,55.6500,12
41657590042038,11:34:17.590,55.6500,241
41699185867617,11:34:59.185,55.6800,200
41699185867617,11:34:59.185,55.6800,200
41938066547367,11:38:58.066,55.6550,100
41938066547367,11:38:58.066,55.6550,14
42054405369575,11:40:54.405,55.6400,590
42121011524437,11:42:01.011,55.6500,21
42132481989364,11:42:12.481,55.6600,4
42350511589025,11:45:50.511,55.6800,200
42350511589025,11:45:50.511,55.6800,100
42352815056124,11:45:52.815,55.6800,26
42700306901255,11:51:40.306,55.6500,100
42774222317887,11:52:54.222,55.6600,200
42774222317887,11:52:54.222,55.6600,100
42775127371294,11:52:55.127,55.6600,100
42775127371294,11:52:55.127,55.6600,100
42981289956068,11:56:21.289,55.6700,3000
43198671655832,11:59:58.671,55.6800,12
43198671721386,11:59:58.671,55.6800,2988
43200099591412,12:00:00.099,55.6850,71
43201010878702,12:00:01.010,55.6900,1
43201010905009,12:00:01.010,55.6900,199
43201010905009,12:00:01.010,55.6900,200
43208699500567,12:00:08.699,55.6950,100
43208699500567,12:00:08.699,55.6950,74
43296604259297,12:01:36.604,55.6900,182
43296604296425,12:01:36.604,55.6900,218
43485501861046,12:04:45.501,55.7000,100
43485501883552,12:04:45.501,55.7000,100
43622712890829,12:07:02.712,55.7000,5
43744518739893,12:09:04.518,55.7000,2
43744518831294,12:09:04.518,55.7000,41
43744518855972,12:09:04.518,55.7000,157
44060904033567,12:14:20.904,55.7000,100
44215819530887,12:16:55.819,55.7000,200
44281014644672,12:18:01.014,55.7100,200
44281014644672,12:18:01.014,55.7100,200
44281014644672,12:18:01.014,55.7100,100
44330436682422,12:18:50.436,55.7100,100
44553369656886,12:22:33.369,55.7000,100
44701230091990,12:25:01.230,55.6850,400
44701230091990,12:25:01.230,55.6900,800
44701230091990,12:25:01.230,55.6900,100
44701230100988,12:25:01.230,55.6900,100
44701231351010,12:25:01.231,55.6900,100
44701255553713,12:25:01.255,55.6900,100
44701255553713,12:25:01.255,55.6900,100
44701255553713,12:25:01.255,55.6900,200
44701280764721,12:25:01.280,55.6900,200
44701280764721,12:25:01.280,55.6900,100
44701280764721,12:25:01.280,55.6900,100
44701280764721,12:25:01.280,55.6900,200
44701305437642,12:25:01.305,55.6900,200
44701305437642,12:25:01.305,55.6900,100
44701326543004,12:25:01.326,55.6950,400
44701326543004,12:25:01.326,55.6950,100
44701326543004,12:25:01.326,55.7000,800
44701326543004,12:25:01.326,55.7000,200
44701326543004,12:25:01.326,55.7000,200
44701326543004,12:25:01.326,55.7000,100
44701326543004,12:25:01.326,55.7000,100
44701329784951,12:25:01.329,55.7000,100
44701370798971,12:25:01.370,55.7000,100
44701370798971,12:25:01.370,55.7000,200
44701370798971,12:25:01.370,55.7000,100
44701372040414,12:25:01.372,55.7000,200
44701372040414,12:25:01.372,55.7000,100
44701372040414,12:25:01.372,55.7000,200
44701372040414,12:25:01.372,55.7000,200
44701372040414,12:25:01.372,55.7000,200
44773420532367,12:26:13.420,55.6900,200
44773420532367,12:26:13.420,55.6900,124
45068660747996,12:31:08.660,55.6650,100
45144812461390,12:32:24.812,55.6600,100
45146353751674,12:32:26.353,55.6500,100
45146353751674,12:32:26.353,55.6500,100
45146453569201,12:32:26.453,55.6500,100
45185414807866,12:33:05.414,55.6500,200
45185414807866,12:33:05.414,55.6500,100
45221062331914,12:33:41.062,55.6500,100
45221062331914,12:33:41.062,55.6500,94
45287819683618,12:34:47.819,55.6500,100
45310947986475,12:35:10.947,55.6550,100
45347351795722,12:35:47.351,55.6500,100
45349824966073,12:35:49.824,55.6500,200
45349824966073,12:35:49.824,55.6500,100
45350405540285,12:35:50.405,55.6500,100
45350504910872,12:35:50.504,55.6500,200
45351403507299,12:35:51.403,55.6500,100
45352133585338,12:35:52.133,55.6500,200
45390280307714,12:36:30.280,55.6400,100
45390280307714,12:36:30.280,55.6400,200
45464906266746,12:37:44.906,55.6500,7
45487218937462,12:38:07.218,55.6600,120
45670819374693,12:41:10.819,55.6700,100
45670819399692,12:41:10.819,55.6700,100
45852286741713,12:44:12.286,55.6600,100
45855340768871,12:44:15.340,55.6600,100
45855340768871,12:44:15.340,55.6600,200
45893343685069,12:44:53.343,55.6650,100
45897707348330,12:44:57.707,55.6650,100
45928249516321,12:45:28.249,55.6700,100
45990078920784,12:46:30.078,55.6700,100
45990078920784,12:46:30.078,55.6700,100
46190815316692,12:49:50.815,55.6650,100
46500063238571,12:55:00.063,55.6700,100
46500162591558,12:55:00.162,55.6700,100
46509470959871,12:55:09.470,55.6750,100
46509470959871,12:55:09.470,55.6750,400
46509470959871,12:55:09.470,55.6800,100
46509473628741,12:55:09.473,55.6800,100
46509473628741,12:55:09.473,55.6800,161
46561742647555,12:56:01.742,55.6600,100
46561742647555,12:56:01.742,55.6600,127
46561742717835,12:56:01.742,55.6600,73
46562017365047,12:56:02.017,55.6650,100
46651905673911,12:57:31.905,55.6600,200
46727624402375,12:58:47.624,55.6600,200
46727624402375,12:58:47.624,55.6600,200
46727624402375,12:58:47.624,55.6600,100
46727628672310,12:58:47.628,55.6550,400
46727628672310,12:58:47.628,55.6500,193
46727628672310,12:58:47.628,55.6500,100
46727628672310,12:58:47.628,55.6500,200
46727628672310,12:58:47.628,55.6500,200
46727628745901,12:58:47.628,55.6500,100
46727629088548,12:58:47.629,55.6500,17
46727630817344,12:58:47.630,55.6500,83
46727630817344,12:58:47.630,55.6500,200
46727631531089,12:58:47.631,55.6500,200
46727631531089,12:58:47.631,55.6500,24
46727633936367,12:58:47.633,55.6500,76
46727633936367,12:58:47.633,55.6500,200
46727634114548,12:58:47.634,55.6500,24
46727635813872,12:58:47.635,55.6500,176
46727635813872,12:58:47.635,55.6500,100
46727635813872,12:58:47.635,55.6500,124
46727637926186,12:58:47.637,55.6500,276
46727637926186,12:58:47.637,55.6500,200
46727637926186,12:58:47.637,55.6500,400
46727637986467,12:58:47.637,55.6500,200
46727780006145,12:58:47.780,55.6500,400
46727780006145,12:58:47.780,55.6500,200
46727780006145,12:58:47.780,55.6500,200
46727899997770,12:58:47.899,55.6500,400
46729600466046,12:58:49.600,55.6500,300
46729600466046,12:58:49.600,55.6500,200
46729600466046,12:58:49.600,55.6500,200
46729600466046,12:58:49.600,55.6500,100
46968226829240,13:02:48.226,55.6450,13
46968250794711,13:02:48.250,55.6450,10
46968616780372,13:02:48.616,55.6450,17
46969613018994,13:02:49.613,55.6450,10
47072106282284,13:04:32.106,55.6450,100
47093618886734,13:04:53.618,55.6450,75
47145215394652,13:05:45.215,55.6600,46
47145215406842,13:05:45.215,55.6600,54
47232968794851,13:07:12.968,55.6600,36
47293798422712,13:08:13.798,55.6650,100
47461721429008,13:11:01.721,55.6700,89
47463114315412,13:11:03.114,55.6700,100
47463114452981,13:11:03.114,55.6700,11
47495756604011,13:11:35.756,55.6750,100
47556871353159,13:12:36.871,55.6750,8
47607208300113,13:13:27.208,55.6750,100
47628378403601,13:13:48.378,55.6700,100
47712854721158,13:15:12.854,55.6600,100
47911420571138,13:18:31.420,55.6750,100
47976807298966,13:19:36.807,55.6700,22
47976810799291,13:19:36.810,55.6650,100
48004649007207,13:20:04.649,55.6600,6
48004649839463,13:20:04.649,55.6600,94
48004656096014,13:20:04.656,55.6550,400
48184155724732,13:23:04.155,55.6400,100
48291848879893,13:24:51.848,55.6500,100
48400511221817,13:26:40.511,55.6500,62
48454854854206,13:27:34.854,55.6550,100
48502335877387,13:28:22.335,55.6550,100
48626543643830,13:30:26.543,55.6550,100
48626544259957,13:30:26.544,55.6550,100
48777446523253,13:32:57.446,55.6550,100
49027965931687,13:37:07.965,55.6500,200
49027965931687,13:37:07.965,55.6500,100
49027965931687,13:37:07.965,55.6500,100
49027965931687,13:37:07.965,55.6500,200
49028000508427,13:37:08.000,55.6500,100
49158549886382,13:39:18.549,55.6450,100
49230797934638,13:40:30.797,55.6450,100
49455277364805,13:44:15.277,55.6250,8
49553908174504,13:45:53.908,55.6100,200
49553908174504,13:45:53.908,55.6100,200
49553908174504,13:45:53.908,55.6100,100
49553908174504,13:45:53.908,55.6100,32
49572462283275,13:46:12.462,55.6100,68
49572462283275,13:46:12.462,55.6100,100
49572462283275,13:46:12.462,55.6100,100
49572462283275,13:46:12.462,55.6100,200
49572462283275,13:46:12.462,55.6100,200
49572462283275,13:46:12.462,55.6100,32
49592645558340,13:46:32.645,55.6050,100
49724529402747,13:48:44.529,55.6000,200
49724529402747,13:48:44.529,55.6000,61
49724529481725,13:48:44.529,55.6000,39
49911560940257,13:51:51.560,55.6050,25
49969865962472,13:52:49.865,55.6100,100
49969865962472,13:52:49.865,55.6100,100
50034059076421,13:53:54.059,55.6100,47
50037236157729,13:53:57.236,55.6100,53
50037236157729,13:53:57.236,55.6100,47
50058827175910,13:54:18.827,55.6100,100
50058839555102,13:54:18.839,55.6150,100
50058845064235,13:54:18.845,55.6150,100
50154994258074,13:55:54.994,55.6100,100
50160985508932,13:56:00.985,55.6100,900
50160985508932,13:56:00.985,55.6100,200
50160985508932,13:56:00.985,55.6100,498
50160985508932,13:56:00.985,55.6100,200
50160985508932,13:56:00.985,55.6100,100
50161048902350,13:56:01.048,55.6100,200
50161048902350,13:56:01.048,55.6100,200
50184046831332,13:56:24.046,55.6100,100
50227255752334,13:57:07.255,55.6150,100
50337001068553,13:58:57.001,55.6300,100
50337001068553,13:58:57.001,55.6400,100
50337001068553,13:58:57.001,55.6400,400
50337002316705,13:58:57.002,55.6300,1100
50337002316705,13:58:57.002,55.6300,800
50337002316705,13:58:57.002,55.6300,200
50347513805441,13:59:07.513,55.6100,700
50347513825632,13:59:07.513,55.6100,100
50347513830324,13:59:07.513,55.6100,200
50347568298082,13:59:07.568,55.6000,800
50347568540539,13:59:07.568,55.6000,200
50347568575919,13:59:07.568,55.6000,168
50401575843762,14:00:01.575,55.6200,300
50401576124510,14:00:01.576,55.6200,300
50401576206811,14:00:01.576,55.6200,12
50401580482878,14:00:01.580,55.6200,400
50402693832655,14:00:02.693,55.6100,230
50402693841848,14:00:02.693,55.6100,570
50402693841848,14:00:02.693,55.6100,104
50402693993089,14:00:02.693,55.6100,234
50402694995009,14:00:02.694,55.6100,62
50402702093388,14:00:02.702,55.6200,100
50402702587061,14:00:02.702,55.6200,100
50402703883359,14:00:02.703,55.6200,88
50402703883359,14:00:02.703,55.6200,54
50402709595312,14:00:02.709,55.6200,312
50402709806991,14:00:02.709,55.6200,34
50402709806991,14:00:02.709,55.6200,300
50402710075286,14:00:02.710,55.6200,100
50402711354230,14:00:02.711,55.6200,300
50402711754678,14:00:02.711,55.6200,200
50402715895094,14:00:02.715,55.6100,100
50402716899891,14:00:02.716,55.6200,139
50402766679623,14:00:02.766,55.6200,61
50402850695029,14:00:02.850,55.6500,100
50403121988042,14:00:03.121,55.6400,300
50404607128121,14:00:04.607,55.6600,200
50405739035939,14:00:05.739,55.6600,200
50405739035939,14:00:05.739,55.6600,100
50407548040745,14:00:07.548,55.6700,100
50409962317516,14:00:09.962,55.7300,200
50409962489327,14:00:09.962,55.7300,300
50409962502588,14:00:09.962,55.7300,100
50409962503267,14:00:09.962,55.7300,100
50414195866376,14:00:14.195,55.8200,100
50414195912042,14:00:14.195,55.8200,300
50414196366968,14:00:14.196,55.8200,379
50414196444122,14:00:14.196,55.8200,21
50415227888888,14:00:15.227,55.8000,100
50415227901597,14:00:15.227,55.8000,179
50415227929064,14:00:15.227,55.8000,121
50415227960663,14:00:15.227,55.8000,100
50415731543100,14:00:15.731,55.7800,400
50415731603258,14:00:15.731,55.7800,200
50423321321359,14:00:23.321,55.8000,100
50423321321359,14:00:23.321,55.8000,100
50423321321359,14:00:23.321,55.8000,200
50423322179306,14:00:23.322,55.8100,100
50423324865702,14:00:23.324,55.8100,200
50423374142362,14:00:23.374,55.8100,100
50423758964373,14:00:23.758,55.8000,100
50424435398860,14:00:24.435,55.7900,100
50427877003251,14:00:27.877,55.7900,500
50436598627844,14:00:36.598,55.8300,8
50446509401839,14:00:46.509,55.8100,500
50462159383563,14:01:02.159,55.8500,150
50547842366403,14:02:27.842,55.8200,100
50572270811909,14:02:52.270,55.8600,100
50666129705153,14:04:26.129,55.9400,99
50666129899611,14:04:26.129,55.9400,1
50666130437522,14:04:26.130,55.9500,1
50666540308015,14:04:26.540,55.9500,3
50704236092719,14:05:04.236,55.9700,159
50735549836220,14:05:35.549,55.9600,100
50753345076753,14:05:53.345,55.9800,215
50968683214015,14:09:28.683,55.9300,100
51019395008231,14:10:19.395,55.9400,18
51019395206971,14:10:19.395,55.9400,2
51019395371153,14:10:19.395,55.9400,80
51019395374769,14:10:19.395,55.9400,80
51028345940257,14:10:28.345,55.9400,200
51061005574589,14:11:01.005,55.9700,100
51240926775500,14:14:00.926,55.9900,200
51256418323256,14:14:16.418,56.0000,32
51290139793204,14:14:50.139,56.0000,8
51290139793204,14:14:50.139,56.0000,2
51290139793204,14:14:50.139,56.0000,17
51290139793204,14:14:50.139,56.0000,73
51300875862614,14:15:00.875,55.9800,200
51300875862614,14:15:00.875,55.9800,100
51301255429140,14:15:01.255,55.9800,100
51301255561005,14:15:01.255,55.9800,100
51308591104521,14:15:08.591,55.9850,100
51308591104521,14:15:08.591,55.9900,100
51308591298432,14:15:08.591,55.9900,100
51308591298432,14:15:08.591,55.9900,69
51308592389185,14:15:08.592,55.9900,100
51348142629619,14:15:48.142,55.9900,100
51371063149853,14:16:11.063,56.0000,22
51371063149853,14:16:11.063,56.0000,79
51371063179845,14:16:11.063,56.0000,321
51371063179845,14:16:11.063,56.0000,150
51371063179845,14:16:11.063,56.0000,154
51371063179845,14:16:11.063,56.0000,239
51371063179845,14:16:11.063,56.0000,116
51371363931820,14:16:11.363,56.0100,300
51390512928077,14:16:30.512,56.0200,100
51390512928077,14:16:30.512,56.0200,134
51390512940497,14:16:30.512,56.0200,266
51390512940497,14:16:30.512,56.0200,100
51393536681038,14:16:33.536,56.0100,100
51400266612683,14:16:40.266,56.0200,100
51400266647975,14:16:40.266,56.0200,300
51400266647975,14:16:40.266,56.0200,100
51405814975778,14:16:45.814,56.0200,100
51417881651825,14:16:57.881,56.0100,100
51429647259553,14:17:09.647,56.0200,100
51429648305699,14:17:09.648,56.0200,100
51429648305699,14:17:09.648,56.0200,200
51429792113266,14:17:09.792,56.0300,300
51429792113266,14:17:09.792,56.0300,200
51442020356471,14:17:22.020,56.0100,100
51454935182207,14:17:34.935,56.0000,100
51474353221261,14:17:54.353,56.0100,100
51474353298799,14:17:54.353,56.0100,100
51474355501656,14:17:54.355,56.0100,100
51476841105531,14:17:56.841,56.0100,100
51476841113215,14:17:56.841,56.0100,100
51478902994972,14:17:58.902,56.0200,1
51485163933538,14:18:05.163,56.0300,24
51485163959452,14:18:05.163,56.0300,176
51488231272747,14:18:08.231,56.0300,100
51491225684651,14:18:11.225,56.0200,100
51491225684651,14:18:11.225,56.0200,100
51570998289781,14:19:30.998,56.0400,1
51570998314724,14:19:30.998,56.0400,199
51583915620371,14:19:43.915,56.0500,200
51583915620371,14:19:43.915,56.0500,200
51639756126646,14:20:39.756,56.0300,200
51639756358842,14:20:39.756,56.0300,100
51654772876497,14:20:54.772,56.0500,21
51701869488507,14:21:41.869,56.1000,200
51701869488507,14:21:41.869,56.1000,200
51718116689759,14:21:58.116,56.1100,100
51759079374863,14:22:39.079,56.1000,368
51762920941348,14:22:42.920,56.1100,200
51762920941348,14:22:42.920,56.1100,136
51803797999800,14:23:23.797,56.1300,100
51803798336909,14:23:23.798,56.1300,100
51803798336909,14:23:23.798,56.1300,94
51806970964825,14:23:26.970,56.1350,100
51806971065902,14:23:26.971,56.1300,100
51844907975206,14:24:04.907,56.1300,200
51844907975206,14:24:04.907,56.1300,100
51844907975206,14:24:04.907,56.1300,100
51962511010641,14:26:02.511,56.1100,100
51962511010641,14:26:02.511,56.1100,100
51962511010641,14:26:02.511,56.1100,100
51995376381205,14:26:35.376,56.1000,100
51995376381205,14:26:35.376,56.1000,100
52007408372955,14:26:47.408,56.0900,8
52016397482257,14:26:56.397,56.0800,400
52016397482257,14:26:56.397,56.0800,200
52016397482257,14:26:56.397,56.0800,200
52053696113920,14:27:33.696,56.0700,100
52065732386537,14:27:45.732,56.0600,100
52065732404477,14:27:45.732,56.0600,6
52077088468127,14:27:57.088,56.0500,100
52077088468127,14:27:57.088,56.0500,200
52112475848498,14:28:32.475,56.0500,100
52150253232346,14:29:10.253,56.0500,156
52150253245566,14:29:10.253,56.0500,44
52150253245566,14:29:10.253,56.0500,100
52155097456725,14:29:15.097,56.0300,200
52176781153445,14:29:36.781,56.0300,99
52202504061236,14:30:02.504,56.0400,7
52202504107309,14:30:02.504,56.0400,93
52204772993138,14:30:04.772,56.0300,100
52211647535333,14:30:11.647,56.0400,1
52211647722670,14:30:11.647,56.0400,327
52211651361667,14:30:11.651,56.0400,322
52259851721155,14:30:59.851,56.0500,100
52259851721155,14:30:59.851,56.0500,100
52289153241224,14:31:29.153,56.0600,100
52299597380241,14:31:39.597,56.0600,1
52300939091874,14:31:40.939,56.0600,99
52310469302977,14:31:50.469,56.0600,1
52310469302977,14:31:50.469,56.0600,12
52328031857222,14:32:08.031,56.0600,100
52339747502079,14:32:19.747,56.0700,1
52354319011694,14:32:34.319,56.0800,100
52393002553239,14:33:13.002,56.0900,77
52393002626851,14:33:13.002,56.0900,77
52393002680767,14:33:13.002,56.0900,46
52393002680767,14:33:13.002,56.0900,31
52393002706770,14:33:13.002,56.0900,69
52429661785728,14:33:49.661,56.0900,200
52429661785728,14:33:49.661,56.0900,100
52496853233768,14:34:56.853,56.1200,200
52496853233768,14:34:56.853,56.1200,900
52496853233768,14:34:56.853,56.1200,300
52496853233768,14:34:56.853,56.1200,200
52496853233768,14:34:56.853,56.1200,200
52496853233768,14:34:56.853,56.1200,100
52496939182625,14:34:56.939,56.1200,100
52508453771598,14:35:08.453,56.1300,200
52508453771598,14:35:08.453,56.1300,100
52511011215598,14:35:11.011,56.1300,3
52511011240915,14:35:11.011,56.1300,197
52561773940388,14:36:01.773,56.1100,127
52561773979787,14:36:01.773,56.1100,46
52561774006352,14:36:01.774,56.1100,27
52561774006352,14:36:01.774,56.1100,100
52561774019289,14:36:01.774,56.1100,81
52564487901566,14:36:04.487,56.1000,200
52564487901566,14:36:04.487,56.1000,200
52578446351104,14:36:18.446,56.0900,7
52578446390812,14:36:18.446,56.0900,93
52579318481053,14:36:19.318,56.1000,100
52579327720821,14:36:19.327,56.1000,100
52606621021449,14:36:46.621,56.0900,100
52629402547356,14:37:09.402,56.0900,25
52629402554484,14:37:09.402,56.0900,75
52635959744741,14:37:15.959,56.0900,200
52635959746536,14:37:15.959,56.0900,100
52642474706403,14:37:22.474,56.1100,1
52642671514333,14:37:22.671,56.1100,101
52642671523529,14:37:22.671,56.1100,198
52642671523529,14:37:22.671,56.1100,101
52642671674190,14:37:22.671,56.1100,200
52642671674190,14:37:22.671,56.1100,200
52642671674190,14:37:22.671,56.1100,100
52642671674190,14:37:22.671,56.1100,100
52642671697750,14:37:22.671,56.1100,100
52642671697750,14:37:22.671,56.1100,99
52649611994502,14:37:29.611,56.1200,100
52710338504050,14:38:30.338,56.1400,100
52720029896215,14:38:40.029,56.1500,200
52720029896215,14:38:40.029,56.1500,300
52720029896215,14:38:40.029,56.1500,200
52720029896215,14:38:40.029,56.1500,100
52720029896215,14:38:40.029,56.1500,300
52720701891304,14:38:40.701,56.1500,66
52720702354109,14:38:40.702,56.1500,34
52720702354109,14:38:40.702,56.1500,400
52759524386463,14:39:19.524,56.1400,11
52779296858632,14:39:39.296,56.1300,81
52779296907337,14:39:39.296,56.1300,19
52811239336967,14:40:11.239,56.1300,9
52811287088761,14:40:11.287,56.1300,100
52813542206464,14:40:13.542,56.1400,200
52813542206464,14:40:13.542,56.1400,100
52843361070648,14:40:43.361,56.1400,200
52848298231694,14:40:48.298,56.1350,300
52871811642339,14:41:11.811,56.1450,230
52875738360500,14:41:15.738,56.1400,200
52921648998938,14:42:01.648,56.1500,7
52921649025065,14:42:01.649,56.1500,193
52958902930567,14:42:38.902,56.1600,37
52958902944090,14:42:38.902,56.1600,63
52958902944090,14:42:38.902,56.1600,100
52981092649392,14:43:01.092,56.1600,100
52981092664165,14:43:01.092,56.1600,12
53034653684150,14:43:54.653,56.1500,100
53046399864820,14:44:06.399,56.1500,154
53046400014861,14:44:06.400,56.1500,46
53046400014861,14:44:06.400,56.1500,42
53046400130781,14:44:06.400,56.1500,58
53064093546850,14:44:24.093,56.1500,13
53097635960767,14:44:57.635,56.1700,36
53097635960767,14:44:57.635,56.1700,100
53111668687573,14:45:11.668,56.1600,100
53116886610094,14:45:16.886,56.1600,114
53117502397950,14:45:17.502,56.1650,5
53162544189809,14:46:02.544,56.1750,100
53162545272047,14:46:02.545,56.1750,100
53162546544449,14:46:02.546,56.1750,100
53189256386892,14:46:29.256,56.1900,100
53189256449861,14:46:29.256,56.1900,100
53190764774383,14:46:30.764,56.1900,200
53190764774383,14:46:30.764,56.1900,18
53190764820278,14:46:30.764,56.1900,82
53205617086200,14:46:45.617,56.1900,100
53205617203317,14:46:45.617,56.1900,100
53205617228779,14:46:45.617,56.1900,200
53205617228779,14:46:45.617,56.1900,100
53244189855797,14:47:24.189,56.2200,100
53244189856797,14:47:24.189,56.2200,100
53244189918156,14:47:24.189,56.2200,100
53245544908794,14:47:25.544,56.2100,100
53337149726882,14:48:57.149,56.2050,200
53337149726882,14:48:57.149,56.2000,200
53342462648957,14:49:02.462,56.2000,131
53342462695366,14:49:02.462,56.2000,69
53413662605840,14:50:13.662,56.1800,100
53413662605840,14:50:13.662,56.1800,200
53413662605840,14:50:13.662,56.1800,100
53445139384507,14:50:45.139,56.1600,200
53445139384507,14:50:45.139,56.1600,200
53445139384507,14:50:45.139,56.1600,200
53457005242768,14:50:57.005,56.1500,100
53511095586559,14:51:51.095,56.1300,100
53529083120685,14:52:09.083,56.1500,200
53552350459722,14:52:32.350,56.1600,100
53557642124126,14:52:37.642,56.1600,100
53557642134607,14:52:37.642,56.1600,100
53557642260986,14:52:37.642,56.1600,100
53595461639975,14:53:15.461,56.1800,100
53700791249692,14:55:00.791,56.1900,100
53731105642974,14:55:31.105,56.1900,100
53731105642974,14:55:31.105,56.1900,200
53731105642974,14:55:31.105,56.1900,12
53803136455646,14:56:43.136,56.2200,100
53815075603394,14:56:55.075,56.2100,200
53815075603394,14:56:55.075,56.2100,100
53823754949822,14:57:03.754,56.2100,100
53830790712817,14:57:10.790,56.2000,100
53854968229352,14:57:34.968,56.1900,2
53854982069853,14:57:34.982,56.1900,98
53854982069853,14:57:34.982,56.1900,100
53872795414344,14:57:52.795,56.1800,100
53881181123131,14:58:01.181,56.1800,2
53882461338340,14:58:02.461,56.1800,100
53978453727686,14:59:38.453,56.2300,1
53979320528490,14:59:39.320,56.2350,190
54037434758465,15:00:37.434,56.2400,200
54037434758465,15:00:37.434,56.2400,100
54046104505301,15:00:46.104,56.2400,100
54046104598509,15:00:46.104,56.2400,100
54046105134864,15:00:46.105,56.2400,265
54046106879367,15:00:46.106,56.2400,35
54077938157089,15:01:17.938,56.2300,100
54101409636998,15:01:41.409,56.2350,100
54120772062984,15:02:00.772,56.2300,100
54190591191345,15:03:10.591,56.2200,100
54195612858558,15:03:15.612,56.2200,82
54200797464294,15:03:20.797,56.2200,100
54210277228212,15:03:30.277,56.2100,93
54232125366313,15:03:52.125,56.2100,100
54260323429363,15:04:20.323,56.1900,100
54260323429363,15:04:20.323,56.1900,5
54279125600905,15:04:39.125,56.1850,100
54306456130821,15:05:06.456,56.1900,100
54308658711958,15:05:08.658,56.1800,100
54326324631934,15:05:26.324,56.1700,63
54326324693288,15:05:26.324,56.1700,37
54383251218726,15:06:23.251,56.1700,100
54383251218726,15:06:23.251,56.1700,100
54383251218726,15:06:23.251,56.1700,13
54392032102791,15:06:32.032,56.1650,77
54401788897388,15:06:41.788,56.1650,200
54416508503195,15:06:56.508,56.1700,100
54421508916752,15:07:01.508,56.1700,100
54428153792995,15:07:08.153,56.1600,100
54449857872467,15:07:29.857,56.1700,200
54473872784701,15:07:53.872,56.1700,100
54517699939089,15:08:37.699,56.1800,100
54543097169668,15:09:03.097,56.1700,100
54548300946935,15:09:08.300,56.1600,100
54591807189791,15:09:51.807,56.1600,100
54600195301147,15:10:00.195,56.1500,100
54640008781286,15:10:40.008,56.1300,100
54640015697462,15:10:40.015,56.1200,328
54642403074367,15:10:42.403,56.1150,300
54642404356256,15:10:42.404,56.1150,500
54642404356256,15:10:42.404,56.1150,248
54642425147430,15:10:42.425,56.1100,400
54642425147430,15:10:42.425,56.1100,200
54642425147430,15:10:42.425,56.1100,200
54642425269465,15:10:42.425,56.1100,200
54642425269465,15:10:42.425,56.1100,100
54642432840888,15:10:42.432,56.1100,52
54642433432459,15:10:42.433,56.1100,100
54682030656731,15:11:22.030,56.0900,200
54682030656731,15:11:22.030,56.0900,100
54682030656731,15:11:22.030,56.0900,200
54682053186381,15:11:22.053,56.0800,400
54682053186381,15:11:22.053,56.0800,200
54682053186381,15:11:22.053,56.0800,200
54682053186381,15:11:22.053,56.0800,100
54682058174807,15:11:22.058,56.0800,200
54682082849810,15:11:22.082,56.0800,200
54682082849810,15:11:22.082,56.0800,100
54682083236395,15:11:22.083,56.0800,300
54682083275120,15:11:22.083,56.0800,291
54682083293485,15:11:22.083,56.0800,100
54682083336630,15:11:22.083,56.0800,109
54682083336630,15:11:22.083,56.0800,9
54682083358659,15:11:22.083,56.0800,191
54682103425784,15:11:22.103,56.0800,800
54682103425784,15:11:22.103,56.0800,100
54682103425784,15:11:22.103,56.0800,600
54682103425784,15:11:22.103,56.0800,200
54682103425784,15:11:22.103,56.0800,200
54682103425784,15:11:22.103,56.0800,200
54682103425784,15:11:22.103,56.0800,100
54682103928126,15:11:22.103,56.0800,200
54682103928126,15:11:22.103,56.0800,100
54682107798511,15:11:22.107,56.0800,100
54682107798511,15:11:22.107,56.0800,200
54687151123782,15:11:27.151,56.0800,1
54687151175931,15:11:27.151,56.0800,199
54687151175931,15:11:27.151,56.0800,200
54699093719124,15:11:39.093,56.0800,100
54719027854199,15:11:59.027,56.0800,100
54775821809919,15:12:55.821,56.0900,13
54775821809919,15:12:55.821,56.0900,87
54787342121496,15:13:07.342,56.1000,102
54789163836137,15:13:09.163,56.1000,300
54791143345939,15:13:11.143,56.1000,100
54791143379636,15:13:11.143,56.1000,267
54791143383378,15:13:11.143,56.1000,500
54791143404058,15:13:11.143,56.1000,1231
54802938161765,15:13:22.938,56.1000,100
54817937559278,15:13:37.937,56.1000,100
54898273520284,15:14:58.273,56.1000,100
54901929328482,15:15:01.929,56.0900,90
54999201854798,15:16:39.201,56.1100,100
54999201854798,15:16:39.201,56.1100,100
55058981756422,15:17:38.981,56.1100,100
55079545657138,15:17:59.545,56.1100,100
55079545682234,15:17:59.545,56.1100,100
55101713201542,15:18:21.713,56.1100,1
55119332822478,15:18:39.332,56.1100,100
55119332822478,15:18:39.332,56.1100,13
55190957159876,15:19:50.957,56.1100,100
55272653157205,15:21:12.653,56.1300,100
55272653157205,15:21:12.653,56.1300,100
55296668668751,15:21:36.668,56.1200,100
55296668731174,15:21:36.668,56.1200,100
55310709692818,15:21:50.709,56.1200,100
55310709711438,15:21:50.709,56.1200,100
55373879869576,15:22:53.879,56.1100,200
55378694039202,15:22:58.694,56.1100,1
55378938076123,15:22:58.938,56.1100,100
55382256355870,15:23:02.256,56.1100,100
55466292560250,15:24:26.292,56.1200,1
55466292588183,15:24:26.292,56.1200,199
55466292588183,15:24:26.292,56.1200,100
55466292588183,15:24:26.292,56.1200,200
55469254198920,15:24:29.254,56.1200,200
55525333439729,15:25:25.333,56.1100,100
55525333483442,15:25:25.333,56.1100,100
55525333489813,15:25:25.333,56.1100,100
55525333489813,15:25:25.333,56.1100,13
55525333489813,15:25:25.333,56.1100,100
55525333499014,15:25:25.333,56.1100,100
55552378828455,15:25:52.378,56.1000,100
55552378828455,15:25:52.378,56.1000,100
55657332132990,15:27:37.332,56.1000,3
55673109572678,15:27:53.109,56.1100,100
55673110457719,15:27:53.110,56.1100,100
55721260174250,15:28:41.260,56.1300,100
55721260475637,15:28:41.260,56.1300,100
55721260535487,15:28:41.260,56.1300,100
55721260557410,15:28:41.260,56.1300,1
55721260590391,15:28:41.260,56.1300,99
55747016027589,15:29:07.016,56.1300,95
55747016514614,15:29:07.016,56.1300,5
55747016514614,15:29:07.016,56.1300,100
55803574452583,15:30:03.574,56.0850,200
55812741655474,15:30:12.741,56.0800,200
55868333810933,15:31:08.333,56.0900,100
55868333815774,15:31:08.333,56.0900,100
55942196281654,15:32:22.196,56.0900,13
55968215505633,15:32:48.215,56.0900,113
56062003957629,15:34:22.003,56.0600,100
56088490466960,15:34:48.490,56.0600,100
56092273296494,15:34:52.273,56.0500,400
56196448160082,15:36:36.448,56.0600,200
56196448160082,15:36:36.448,56.0600,100
56196448160082,15:36:36.448,56.0600,100
56196448160082,15:36:36.448,56.0600,106
56196564280319,15:36:36.564,56.0600,100
56361444196746,15:39:21.444,56.0800,200
56361444196746,15:39:21.444,56.0800,200
56361444196746,15:39:21.444,56.0800,200
56361444196746,15:39:21.444,56.0800,378
56441952413297,15:40:41.952,56.0800,200
56457891078622,15:40:57.891,56.0800,100
56457891078622,15:40:57.891,56.0800,13
56463183575117,15:41:03.183,56.0700,100
56463183575117,15:41:03.183,56.0700,150
56463186267186,15:41:03.186,56.0700,100
56463192560074,15:41:03.192,56.0700,100
56468002206261,15:41:08.002,56.0700,150
56468002216350,15:41:08.002,56.0700,250
56480465418235,15:41:20.465,56.0700,500
56480465422566,15:41:20.465,56.0700,499
56480466477250,15:41:20.466,56.0700,251
56523406535768,15:42:03.406,56.0600,1
56576985625848,15:42:56.985,56.0600,15
56576985625848,15:42:56.985,56.0600,100
56646937168678,15:44:06.937,56.0800,28
56666948791201,15:44:26.948,56.0700,20
56695001095573,15:44:55.001,56.0600,60
56695001249452,15:44:55.001,56.0600,40
56700401875979,15:45:00.401,56.0600,400
56703719295422,15:45:03.719,56.0700,100
56783878293083,15:46:23.878,56.0800,6
56894698316605,15:48:14.698,56.0900,20
56910375813999,15:48:30.375,56.0800,20
56910375813999,15:48:30.375,56.0800,80
56929255574349,15:48:49.255,56.0750,20
56939119907777,15:48:59.119,56.0800,3
56939120184476,15:48:59.120,56.0800,110
56998460944222,15:49:58.460,56.0900,20
57010507674695,15:50:10.507,56.0800,100
57010507674695,15:50:10.507,56.0800,8
57013322623225,15:50:13.322,56.0700,100
57014729098684,15:50:14.729,56.0650,116
57066796904884,15:51:06.796,56.0800,20
57130825414362,15:52:10.825,56.0700,20
57182108675061,15:53:02.108,56.0450,100
57182109184467,15:53:02.109,56.0450,100
57182109184467,15:53:02.109,56.0450,100
57200126159809,15:53:20.126,56.0450,9
57200126659631,15:53:20.126,56.0450,191
57285038738529,15:54:45.038,56.0300,300
57285038857679,15:54:45.038,56.0300,300
57285039018953,15:54:45.039,56.0300,300
57285039112392,15:54:45.039,56.0300,300
57285039193320,15:54:45.039,56.0300,300
57285039263171,15:54:45.039,56.0300,300
57285039369120,15:54:45.039,56.0300,200
57285039369120,15:54:45.039,56.0300,20
57291660661561,15:54:51.660,56.0200,12
57300092110905,15:55:00.092,56.0300,300
57317928789202,15:55:17.928,56.0450,600
57442927010199,15:57:22.927,56.0400,100
57469068698961,15:57:49.068,56.0300,100
57469068757915,15:57:49.068,56.0300,100
57469068757915,15:57:49.068,56.0300,23
57481001975063,15:58:01.001,56.0200,2000
57481001975063,15:58:01.001,56.0200,100
57481001975063,15:58:01.001,56.0200,58
57481002195221,15:58:01.002,56.0200,371
57481002267421,15:58:01.002,56.0200,101
57481002570453,15:58:01.002,56.0200,100
57481002618307,15:58:01.002,56.0200,16
57481002737148,15:58:01.002,56.0200,100
57512901317341,15:58:32.901,56.0200,200
57512901317341,15:58:32.901,56.0200,100
57512901317341,15:58:32.901,56.0200,200
57526118227778,15:58:46.118,56.0200,100
57529231505065,15:58:49.231,56.0200,100
57529231652324,15:58:49.231,56.0200,100
57529234969310,15:58:49.234,56.0200,200
57529234969310,15:58:49.234,56.0200,200
57591218981081,15:59:51.218,56.0200,6
57591218981081,15:59:51.218,56.0200,2
57597112404880,15:59:57.112,56.0300,2
57598512476958,15:59:58.512,56.0450,100
57600555015971,16:00:00.555,56.0400,1173
