timestamp,time,price,volume
31319359747776,08:41:59.359,67.9400,500
31319369494108,08:41:59.369,67.9400,200
34200566470322,09:30:00.566,0.0000,0
34301834842040,09:31:41.834,67.0100,101
34339070041595,09:32:19.070,67.0800,200
34339070423131,09:32:19.070,67.0000,200
34339070468693,09:32:19.070,67.0000,200
34339070717796,09:32:19.070,67.0400,200
34339072398934,09:32:19.072,67.0700,69
34339072414351,09:32:19.072,67.0700,31
34339072414351,09:32:19.072,67.0700,3
34339072418836,09:32:19.072,67.0700,34
34339072426622,09:32:19.072,67.0700,34
34339072433723,09:32:19.072,67.0700,9
34339075193999,09:32:19.075,67.0800,100
34341005991544,09:32:21.005,67.0800,60
34341005991544,09:32:21.005,67.0300,40
34341007395815,09:32:21.007,67.0300,60
34341007395815,09:32:21.007,67.0200,3
34341007420169,09:32:21.007,67.0200,97
34341008137696,09:32:21.008,67.0500,100
34352791005536,09:32:32.791,67.0000,100
34371336079100,09:32:51.336,67.0000,100
34374685756349,09:32:54.685,67.0400,100
34374685756349,09:32:54.685,67.0400,100
34374685800879,09:32:54.685,67.0500,100
34374686412502,09:32:54.686,67.0900,100
34374687157691,09:32:54.687,67.0900,100
34419538878931,09:33:39.538,67.0600,9
34419539062377,09:33:39.539,67.0600,9
34419539115752,09:33:39.539,67.0600,9
34419539159068,09:33:39.539,67.0600,9
34419539208883,09:33:39.539,67.0600,9
34419539251356,09:33:39.539,67.0600,9
34419539286660,09:33:39.539,67.0600,46
34419539286660,09:33:39.539,67.0500,9
34419539362537,09:33:39.539,67.0000,200
34494062024278,09:34:54.062,67.0500,8
34494062024278,09:34:54.062,67.0400,12
34494062024278,09:34:54.062,67.0000,24
34494062024278,09:34:54.062,67.0000,56
34494062509866,09:34:54.062,67.0300,10
34494062509866,09:34:54.062,67.0400,90
34494062535237,09:34:54.062,67.0400,10
34494062625829,09:34:54.062,67.0400,90
34494062802377,09:34:54.062,67.1100,23
34494062821478,09:34:54.062,67.1100,77
34500813136898,09:35:00.813,67.0700,10
34600354184090,09:36:40.354,67.0300,30
34600354184090,09:36:40.354,67.0200,170
34600354192290,09:36:40.354,67.0200,30
34600354210058,09:36:40.354,67.0200,3
34600354213784,09:36:40.354,67.0200,4
34600354329202,09:36:40.354,67.0200,63
34600354735908,09:36:40.354,67.0200,30
34600354735908,09:36:40.354,67.0100,1
34600354737385,09:36:40.354,67.0100,35
34600354739124,09:36:40.354,67.0100,34
34600356798753,09:36:40.356,67.0600,15
34605615025678,09:36:45.615,67.0000,100
34606283043311,09:36:46.283,67.0000,132
34606283043311,09:36:46.283,67.0000,68
34606284576866,09:36:46.284,67.0000,100
34606284672494,09:36:46.284,67.0000,30
34606284883055,09:36:46.284,67.0000,2
34606284883055,09:36:46.284,66.9900,98
34606752680127,09:36:46.752,66.9900,2
34606753185065,09:36:46.753,66.9800,100
34607981237721,09:36:47.981,66.9900,100
34607981261651,09:36:47.981,66.9900,47
34617634723138,09:36:57.634,67.0300,5
34617634723138,09:36:57.634,67.0300,95
34617634754083,09:36:57.634,67.0300,5
34617634852891,09:36:57.634,67.0100,10
34617634885423,09:36:57.634,67.0100,90
34617635051508,09:36:57.635,67.0100,10
34617635051508,09:36:57.635,67.0100,90
34663981109499,09:37:43.981,67.0100,100
34663981221101,09:37:43.981,67.0100,100
34663981296798,09:37:43.981,67.0100,100
34663981577229,09:37:43.981,67.0100,30
34663981577229,09:37:43.981,67.0000,28
34693647659573,09:38:13.647,67.0600,100
34744370635103,09:39:04.370,67.2000,2
34911338973178,09:41:51.338,67.1500,88
34911338973178,09:41:51.338,67.0800,100
34911338973178,09:41:51.338,67.0800,12
34911339007199,09:41:51.339,67.0800,88
34971836168321,09:42:51.836,67.0500,14
34971836168321,09:42:51.836,67.0200,100
34971836168321,09:42:51.836,67.0200,86
35062502939824,09:44:22.502,67.0500,95
35062502939824,09:44:22.502,67.0300,5
35076706997901,09:44:36.706,67.0400,100
35076706997901,09:44:36.706,67.0300,95
35076706997901,09:44:36.706,67.0200,100
35076706997901,09:44:36.706,67.0200,5
35144869733404,09:45:44.869,67.0400,100
35144869733404,09:45:44.869,67.0200,95
35144869733404,09:45:44.869,67.0200,100
35144869967538,09:45:44.869,67.0200,19
35144870102414,09:45:44.870,67.0200,81
35144870102414,09:45:44.870,67.0200,19
35144870115547,09:45:44.870,67.0200,5
35144870115547,09:45:44.870,67.0200,41
35144870226115,09:45:44.870,67.0200,59
35147907917491,09:45:47.907,67.0200,20
35147907917491,09:45:47.907,67.0200,20
35147907917491,09:45:47.907,67.0200,60
35147908728575,09:45:47.908,67.0200,40
35147908728575,09:45:47.908,67.0200,100
35147911680401,09:45:47.911,67.0200,10
35147911736122,09:45:47.911,67.0300,15
35147913539508,09:45:47.913,67.0400,100
35147913575845,09:45:47.913,67.0400,100
35147913592770,09:45:47.913,67.0400,37
35147913703629,09:45:47.913,67.0400,100
35147914157579,09:45:47.914,67.0500,100
35147970822993,09:45:47.970,67.0200,70
35148009965296,09:45:48.009,67.0100,100
35150010802267,09:45:50.010,67.0300,100
35168924537430,09:46:08.924,67.0000,22
35168924537430,09:46:08.924,67.0000,78
35393583915361,09:49:53.583,66.8000,100
35562025087179,09:52:42.025,66.6700,100
35616489083240,09:53:36.489,66.6800,100
35616489083240,09:53:36.489,66.6800,100
35616489149701,09:53:36.489,66.6800,100
35648449119314,09:54:08.449,66.7100,100
35755343436410,09:55:55.343,66.7900,100
35774633980733,09:56:14.633,66.7500,100
36016301249336,10:00:16.301,66.7200,5
36261095782279,10:04:21.095,66.7000,100
36261095809060,10:04:21.095,66.7000,100
36261095809060,10:04:21.095,66.7000,16
36261095809060,10:04:21.095,66.7000,8
36261096321288,10:04:21.096,66.7000,100
36261096697664,10:04:21.096,66.6900,10
36261097470559,10:04:21.097,66.7000,100
36261097495188,10:04:21.097,66.7000,100
36264002845068,10:04:24.002,66.6700,14
36264002845068,10:04:24.002,66.6700,22
36264002870453,10:04:24.002,66.6700,78
36300110928207,10:05:00.110,66.6200,5
36300110928207,10:05:00.110,66.6200,95
36310924408156,10:05:10.924,66.6200,5
36347188092614,10:05:47.188,66.5800,100
36406603196968,10:06:46.603,66.6000,23
36406603202655,10:06:46.603,66.6000,34
36406603204355,10:06:46.603,66.6000,37
36406603208131,10:06:46.603,66.6000,6
36406603208131,10:06:46.603,66.6100,55
36406603211195,10:06:46.603,66.6100,45
36406603211195,10:06:46.603,66.6100,66
36406603259741,10:06:46.603,66.6100,34
36406603259741,10:06:46.603,66.6100,8
36406603259741,10:06:46.603,66.6100,100
36406604723296,10:06:46.604,66.6200,100
36410854340847,10:06:50.854,66.5700,100
36445084624245,10:07:25.084,66.5500,7
36445084991025,10:07:25.084,66.5400,20
36445758673144,10:07:25.758,66.5600,100
36469727095295,10:07:49.727,66.5600,100
36469727095295,10:07:49.727,66.5700,100
36469727120666,10:07:49.727,66.5700,100
36469728337453,10:07:49.728,66.5800,100
36534721099120,10:08:54.721,66.5900,100
36534721099120,10:08:54.721,66.5900,7
36534721099120,10:08:54.721,66.5900,93
36534721220258,10:08:54.721,66.5900,100
36552576894232,10:09:12.576,66.5200,100
36553363109142,10:09:13.363,66.5000,100
36612245360250,10:10:12.245,66.5300,37
36612245365211,10:10:12.245,66.5300,36
36612245370096,10:10:12.245,66.5300,27
36612245370096,10:10:12.245,66.5300,82
36612245372885,10:10:12.245,66.5300,18
36612245372885,10:10:12.245,66.5300,43
36612245374549,10:10:12.245,66.5300,57
36612245374549,10:10:12.245,66.5300,5
36612245390701,10:10:12.245,66.5300,100
36612245726012,10:10:12.245,66.5400,100
36715042484723,10:11:55.042,66.5800,92
36903487004100,10:15:03.487,66.5500,200
36913635301285,10:15:13.635,66.5100,100
36913636300684,10:15:13.636,66.5000,45
36913636658467,10:15:13.636,66.5000,5
36913636702383,10:15:13.636,66.5000,50
36913651218048,10:15:13.651,66.4600,100
36913651271062,10:15:13.651,66.4500,100
36914066579589,10:15:14.066,66.4600,100
36934214372888,10:15:34.214,66.3700,100
36981033736629,10:16:21.033,66.2900,7
37063912461034,10:17:43.912,66.2800,100
37063912648844,10:17:43.912,66.2800,15
37063912648844,10:17:43.912,66.2900,36
37063912660686,10:17:43.912,66.2900,64
37063912660686,10:17:43.912,66.2900,4
37063913098762,10:17:43.913,66.3000,100
37063913098762,10:17:43.913,66.3000,100
37093955223488,10:18:13.955,66.2400,68
37093955230915,10:18:13.955,66.2400,32
37093955254942,10:18:13.955,66.2300,8
37135705992078,10:18:55.705,66.2300,7
37169462079778,10:19:29.462,66.2300,30
37169462079778,10:19:29.462,66.2400,100
37169462079778,10:19:29.462,66.2400,100
37169462079778,10:19:29.462,66.2400,70
37169465925775,10:19:29.465,66.2400,30
37177017859808,10:19:37.017,66.2600,100
37183172321558,10:19:43.172,66.2700,100
37201742329184,10:20:01.742,66.2700,100
37225906849729,10:20:25.906,66.3100,4
37225906849729,10:20:25.906,66.3300,96
37225906966962,10:20:25.906,66.3300,104
37359066592932,10:22:39.066,66.4000,4
37359066775492,10:22:39.066,66.4100,6
37359066778468,10:22:39.066,66.4100,77
37359066787771,10:22:39.066,66.4100,10
37359066828730,10:22:39.066,66.4100,7
37359727601725,10:22:39.727,66.4200,200
37359728541565,10:22:39.728,66.4300,100
37568835432311,10:26:08.835,66.3700,100
37622305848815,10:27:02.305,66.3500,100
37709910585553,10:28:29.910,66.3600,100
37709924720221,10:28:29.924,66.3300,5
37709924720221,10:28:29.924,66.3300,95
37709948358356,10:28:29.948,66.3300,5
37709948565658,10:28:29.948,66.3400,15
37709949475964,10:28:29.949,66.3400,25
37709949475964,10:28:29.949,66.3400,20
37709949475964,10:28:29.949,66.3400,20
37709949475964,10:28:29.949,66.3400,20
37709949475964,10:28:29.949,66.3400,5
37709949475964,10:28:29.949,66.3400,10
37709949509536,10:28:29.949,66.3400,10
37709949509536,10:28:29.949,66.3400,20
37709949520188,10:28:29.949,66.3400,30
37709949551629,10:28:29.949,66.3200,100
37717970981209,10:28:37.970,66.3200,100
37717970981209,10:28:37.970,66.3000,100
37812675340590,10:30:12.675,66.3200,1
37812675397141,10:30:12.675,66.3200,1
37812675532559,10:30:12.675,66.3300,1
37812675598774,10:30:12.675,66.3400,100
37812679074091,10:30:12.679,66.3500,99
37812679097604,10:30:12.679,66.3500,101
37820805518466,10:30:20.805,66.3800,100
37830015416462,10:30:30.015,66.4100,100
37944172695273,10:32:24.172,66.4900,100
37944172758070,10:32:24.172,66.5000,4
37944172758070,10:32:24.172,66.5000,96
37944172785770,10:32:24.172,66.5000,4
37944173454140,10:32:24.173,66.5400,100
38011218339586,10:33:31.218,66.5200,100
38097061607984,10:34:57.061,66.5200,100
38156217113906,10:35:56.217,66.5700,4
38156217113906,10:35:56.217,66.5700,100
38156217113906,10:35:56.217,66.5700,3
38156218583269,10:35:56.218,66.5800,100
38156218635029,10:35:56.218,66.5900,100
38156218687384,10:35:56.218,66.5900,100
38194746001426,10:36:34.746,66.6100,100
38194746001426,10:36:34.746,66.6100,3
38200999382889,10:36:40.999,66.6200,9
38200999385736,10:36:40.999,66.6200,38
38200999517557,10:36:40.999,66.6200,39
38200999523739,10:36:40.999,66.6200,14
38234802374645,10:37:14.802,66.6600,100
38234802380373,10:37:14.802,66.6600,100
38234805918438,10:37:14.805,66.6400,7
38234805918438,10:37:14.805,66.6400,69
38234805992368,10:37:14.805,66.6400,31
38234806397600,10:37:14.806,66.6400,20
38261541781517,10:37:41.541,66.6200,9
38300495348103,10:38:20.495,66.6300,4
38300495458745,10:38:20.495,66.6400,100
38595041820640,10:43:15.041,66.6250,100
38657438911133,10:44:17.438,66.6250,100
38820089165569,10:47:00.089,66.5800,81
38820089190953,10:47:00.089,66.5800,19
38820089190953,10:47:00.089,66.5800,131
38820089190953,10:47:00.089,66.5800,100
38820089574930,10:47:00.089,66.5700,48
38820089576115,10:47:00.089,66.5700,52
38820089829166,10:47:00.089,66.5700,24
38820089876163,10:47:00.089,66.5700,14
38820089985746,10:47:00.089,66.5700,15
38820090163430,10:47:00.090,66.5700,23
38820090260001,10:47:00.090,66.5700,29
38820091998644,10:47:00.091,66.5700,29
38820092398502,10:47:00.092,66.5700,4
38820164460568,10:47:00.164,66.5500,1
38820164484820,10:47:00.164,66.5500,99
38820165160796,10:47:00.165,66.5400,100
38821193417430,10:47:01.193,66.5150,100
38822775506445,10:47:02.775,66.4800,100
38908752244576,10:48:28.752,66.4600,2
38908836962788,10:48:28.836,66.4300,95
38944752060133,10:49:04.752,66.4900,100
38944752285853,10:49:04.752,66.4900,86
38944752688249,10:49:04.752,66.4900,14
38944752688249,10:49:04.752,66.4900,100
38944753075599,10:49:04.753,66.4900,20
38961161063139,10:49:21.161,66.5100,100
38961161950066,10:49:21.161,66.5200,100
38966652434767,10:49:26.652,66.5200,20
38966652434767,10:49:26.652,66.5200,80
39172842013941,10:52:52.842,66.5000,11
39172842024717,10:52:52.842,66.5000,11
39172842893027,10:52:52.842,66.4900,2
39172843338516,10:52:52.843,66.4900,32
39172843338516,10:52:52.843,66.4900,80
39172843985566,10:52:52.843,66.4900,32
39173262224296,10:52:53.262,66.4900,21
39173304666376,10:52:53.304,66.4700,7
39245104318215,10:54:05.104,66.4800,92
39245104329914,10:54:05.104,66.4900,56
39245105135746,10:54:05.105,66.4900,44
39245105202875,10:54:05.105,66.4900,100
39249027759352,10:54:09.027,66.5000,100
39283178630151,10:54:43.178,66.5100,100
39283178678210,10:54:43.178,66.5200,28
39283179608595,10:54:43.179,66.5200,72
39287165221509,10:54:47.165,66.5200,20
39287165221509,10:54:47.165,66.5200,100
39287165221509,10:54:47.165,66.5200,80
39332821667795,10:55:32.821,66.5000,100
39332822244973,10:55:32.822,66.5000,100
39332822498725,10:55:32.822,66.5200,30
39332836991206,10:55:32.836,66.5000,29
39332836991206,10:55:32.836,66.5000,10
39332836991206,10:55:32.836,66.5000,61
39333197287808,10:55:33.197,66.4900,2
39333197287808,10:55:33.197,66.4900,98
39344197262292,10:55:44.197,66.5200,100
39344352970738,10:55:44.352,66.5100,100
39367755836603,10:56:07.755,66.4900,30
39375403516312,10:56:15.403,66.4900,1
39375403935282,10:56:15.403,66.4900,69
39375403935282,10:56:15.403,66.4900,2
39375403935282,10:56:15.403,66.4900,29
39375403975200,10:56:15.403,66.4900,71
39433689226541,10:57:13.689,66.4500,100
39433689294263,10:57:13.689,66.4500,100
39433689464248,10:57:13.689,66.4500,61
39440542138415,10:57:20.542,66.4300,5
39518419829132,10:58:38.419,66.4500,67
39518420833503,10:58:38.420,66.4600,28
39571773017471,10:59:31.773,66.4400,1
39571773042570,10:59:31.773,66.4400,11
39571773042570,10:59:31.773,66.4400,2
39571773043680,10:59:31.773,66.4400,13
39580617073821,10:59:40.617,66.4800,28
39580617627378,10:59:40.617,66.4800,30
39580618845833,10:59:40.618,66.4800,60
39580619495667,10:59:40.619,66.4800,30
39580620412456,10:59:40.620,66.4800,30
39580621045786,10:59:40.621,66.4800,22
39580621045786,10:59:40.621,66.4800,8
39580622775368,10:59:40.622,66.4800,30
39599918181748,10:59:59.918,66.4900,11
39599918242747,10:59:59.918,66.4900,23
39599918311774,10:59:59.918,66.4900,22
39599918353477,10:59:59.918,66.4900,34
39599918398776,10:59:59.918,66.4900,10
39599918602141,10:59:59.918,66.5200,15
39618519462068,11:00:18.519,66.5300,60
39618519491198,11:00:18.519,66.5300,40
39618519950659,11:00:18.519,66.5300,100
39618520641124,11:00:18.520,66.5300,30
39619195462301,11:00:19.195,66.5000,100
39619229499193,11:00:19.229,66.4600,100
39636326563651,11:00:36.326,66.5100,8
39636326690422,11:00:36.326,66.5100,7
39636326746321,11:00:36.326,66.5100,22
39663140182520,11:01:03.140,66.5300,70
39671943410664,11:01:11.943,66.5800,7
39677128336338,11:01:17.128,66.5800,93
39677128336338,11:01:17.128,66.5800,100
39677128336338,11:01:17.128,66.5900,7
39677128415059,11:01:17.128,66.5900,32
39677128744710,11:01:17.128,66.5700,60
39677128744710,11:01:17.128,66.5900,1
39677128769706,11:01:17.128,66.5900,60
39705197905238,11:01:45.197,66.5500,100
39705861174861,11:01:45.861,66.5500,17
39713136139114,11:01:53.136,66.6200,7
39713136562891,11:01:53.136,66.6200,8
39742155954334,11:02:22.155,66.5500,87
39792345632482,11:03:12.345,66.5500,2
39799477309945,11:03:19.477,66.5400,2
39808520486229,11:03:28.520,66.5300,5
39808520486229,11:03:28.520,66.5300,1
39836275489211,11:03:56.275,66.5700,23
39836275596937,11:03:56.275,66.5700,17
39836275596937,11:03:56.275,66.5700,25
39836275596937,11:03:56.275,66.5800,2
39836275663121,11:03:56.275,66.5800,41
39836275663749,11:03:56.275,66.5800,3
39836276062242,11:03:56.276,66.5700,21
39836276142122,11:03:56.276,66.5700,2
39836276142122,11:03:56.276,66.5800,15
39839120639127,11:03:59.120,66.5700,1
39875196584325,11:04:35.196,66.5300,1
39875196584325,11:04:35.196,66.5300,3
39875196584325,11:04:35.196,66.5300,1
39897289946995,11:04:57.289,66.5200,1
39976552987626,11:06:16.552,66.5000,1
39976552987626,11:06:16.552,66.5000,99
39976553220655,11:06:16.553,66.5000,1
39976553220655,11:06:16.553,66.5000,3
39976554046328,11:06:16.554,66.4900,35
39976559130546,11:06:16.559,66.4900,1
39976559130546,11:06:16.559,66.4900,84
39978131890921,11:06:18.131,66.4800,100
40006196021809,11:06:46.196,66.4800,1
40006196021809,11:06:46.196,66.4800,1
40032462244941,11:07:12.462,66.4700,1
40053732724629,11:07:33.732,66.4500,16
40053732724629,11:07:33.732,66.4500,1
40053732724629,11:07:33.732,66.4500,79
40060942289915,11:07:40.942,66.4700,6
40060942289915,11:07:40.942,66.4700,100
40060942289915,11:07:40.942,66.4700,100
40060942594295,11:07:40.942,66.4800,82
40060942623743,11:07:40.942,66.4800,18
40060942678262,11:07:40.942,66.4800,100
40061442818227,11:07:41.442,66.4800,100
40061442818227,11:07:41.442,66.4900,100
40061442843787,11:07:41.442,66.4900,100
40061442845107,11:07:41.442,66.4900,100
40061443320784,11:07:41.443,66.5000,100
40109117749056,11:08:29.117,66.5500,67
40133237493780,11:08:53.237,66.6200,100
40174415650419,11:09:34.415,66.6600,100
40175197905532,11:09:35.197,66.6300,6
40229759049317,11:10:29.759,66.6500,100
40229759241158,11:10:29.759,66.6600,100
40229762461387,11:10:29.762,66.6400,10
40230196191359,11:10:30.196,66.6300,2
40230196439070,11:10:30.196,66.6200,2
40230196439070,11:10:30.196,66.6200,1
40320153850219,11:12:00.153,66.6300,10
40320153850219,11:12:00.153,66.6300,100
40320154102592,11:12:00.154,66.6400,100
40320154253700,11:12:00.154,66.6500,100
40436626002240,11:13:56.626,66.6700,100
40441916201556,11:14:01.916,66.6900,100
40477397069638,11:14:37.397,66.6900,88
40477397079629,11:14:37.397,66.6900,5
40477397085680,11:14:37.397,66.6900,7
40477397085680,11:14:37.397,66.7000,6
40477397113480,11:14:37.397,66.7000,94
40477397113480,11:14:37.397,66.7000,1
40539894126539,11:15:39.894,66.6800,5
40539894126539,11:15:39.894,66.6800,5
40539894755569,11:15:39.894,66.6600,4
40539894755569,11:15:39.894,66.6600,6
40539894755569,11:15:39.894,66.6600,100
40539894755569,11:15:39.894,66.6600,89
40539894757020,11:15:39.894,66.6600,11
40539894817522,11:15:39.894,66.6500,100
40745653386438,11:19:05.653,66.6500,1
40745653386438,11:19:05.653,66.6500,100
40745653386438,11:19:05.653,66.6500,1
40745653386438,11:19:05.653,66.6500,5
40745653911192,11:19:05.653,66.6500,100
40745658802524,11:19:05.658,66.6400,5
40745947014269,11:19:05.947,66.6500,67
40765897012410,11:19:25.897,66.6400,13
40765897012410,11:19:25.897,66.6400,1
40765897861960,11:19:25.897,66.6300,1
40765899702469,11:19:25.899,66.6200,100
40892236691810,11:21:32.236,66.6200,100
40892237301444,11:21:32.237,66.6300,100
40892241253931,11:21:32.241,66.6400,100
40914763065958,11:21:54.763,66.6500,100
40914763065958,11:21:54.763,66.6500,100
40920072983832,11:22:00.072,66.6500,1
40920072983832,11:22:00.072,66.6400,99
40920074372659,11:22:00.074,66.6300,2
40930520799864,11:22:10.520,66.6100,2
40930520799864,11:22:10.520,66.6100,1
40930520799864,11:22:10.520,66.6100,37
40941275690493,11:22:21.275,66.5800,100
40993769368081,11:23:13.769,66.6000,100
41036332340734,11:23:56.332,66.6300,100
41071978171123,11:24:31.978,66.6400,40
41080409477614,11:24:40.409,66.6400,52
41148949775581,11:25:48.949,66.6400,1
41148949775581,11:25:48.949,66.6400,1
41148950346413,11:25:48.950,66.6400,100
41195025078408,11:26:35.025,66.6100,1
41195025078408,11:26:35.025,66.6100,1
41195025078408,11:26:35.025,66.6100,1
41222000819528,11:27:02.000,66.6200,100
41222002080967,11:27:02.002,66.6400,100
41222002686770,11:27:02.002,66.6400,100
41222003895707,11:27:02.003,66.6500,100
41289703579035,11:28:09.703,66.6900,100
41419713366496,11:30:19.713,66.6800,1
41419713366496,11:30:19.713,66.6800,1
41419713366496,11:30:19.713,66.6800,1
41424719455673,11:30:24.719,66.7100,100
41498112441779,11:31:38.112,66.7500,100
41506045729804,11:31:46.045,66.7700,54
41509765976862,11:31:49.765,66.7700,100
41532312886053,11:32:12.312,66.7800,100
41532312886053,11:32:12.312,66.7800,1
41532312886053,11:32:12.312,66.7800,100
41695056537912,11:34:55.056,66.8300,2
41695056537912,11:34:55.056,66.8300,37
41695056551385,11:34:55.056,66.8300,50
41695056563794,11:34:55.056,66.8300,13
41695143461173,11:34:55.143,66.8500,4
41696036720225,11:34:56.036,66.8500,100
41869088326780,11:37:49.088,66.8300,3
41869088326780,11:37:49.088,66.8300,1
41869088326780,11:37:49.088,66.8300,3
41869088340773,11:37:49.088,66.8300,7
41869088340773,11:37:49.088,66.8300,19
41869088340773,11:37:49.088,66.8300,100
41869088340773,11:37:49.088,66.8300,5
41869088342211,11:37:49.088,66.8300,2
41873298315319,11:37:53.298,66.8500,100
41873298315319,11:37:53.298,66.8500,100
41951420349135,11:39:11.420,66.8400,1
41951420349135,11:39:11.420,66.8400,1
41951420349135,11:39:11.420,66.8400,100
41951420555961,11:39:11.420,66.8400,100
41980013566996,11:39:40.013,66.8400,1
41980013566996,11:39:40.013,66.8300,5
41980013566996,11:39:40.013,66.8300,23
42004773558281,11:40:04.773,66.8700,100
42004773588928,11:40:04.773,66.8700,100
42004773588928,11:40:04.773,66.8700,3
42018038078146,11:40:18.038,66.8800,100
42070278992376,11:41:10.278,66.9200,100
42133017172247,11:42:13.017,66.9400,3
42188326443860,11:43:08.326,66.9800,100
42240823911993,11:44:00.823,66.9900,99
42240823979197,11:44:00.823,66.9900,1
42240823979197,11:44:00.823,66.9900,1
42240910070792,11:44:00.910,67.0100,1
42240926722193,11:44:00.926,67.0100,1
42540851057265,11:49:00.851,67.0200,2
42571141103603,11:49:31.141,67.0200,62
42571141103603,11:49:31.141,67.0200,4
42571201948998,11:49:31.201,67.0300,1
42600443123315,11:50:00.443,67.0300,99
42638945141314,11:50:38.945,67.0300,1
42662705229875,11:51:02.705,67.0000,1
42662705229875,11:51:02.705,67.0000,5
42662705229875,11:51:02.705,67.0000,96
42662705234360,11:51:02.705,67.0000,4
42662705244887,11:51:02.705,67.0000,4
42662705245477,11:51:02.705,67.0000,4
42662705256763,11:51:02.705,67.0000,4
42662705766975,11:51:02.705,67.0000,100
42662723956450,11:51:02.723,66.9900,100
42662724388274,11:51:02.724,66.9800,1
42662724388274,11:51:02.724,66.9800,6
42662811010848,11:51:02.811,66.9800,1
42693883577171,11:51:33.883,66.9800,1
42693883577171,11:51:33.883,66.9800,99
42693890044911,11:51:33.890,66.9700,5
42693890044911,11:51:33.890,66.9700,94
42693890071222,11:51:33.890,66.9700,6
42694650620260,11:51:34.650,66.9600,100
42694651278186,11:51:34.651,66.9400,100
42694651312676,11:51:34.651,66.9400,46
42694651365394,11:51:34.651,66.9400,54
42695090870823,11:51:35.090,66.9350,100
42718701263590,11:51:58.701,66.9500,53
42718701365318,11:51:58.701,66.9500,47
42718701365318,11:51:58.701,66.9500,3
42718840992450,11:51:58.840,66.9800,100
42883030315674,11:54:43.030,67.0100,3
43025580718705,11:57:05.580,67.0100,2
43042369269888,11:57:22.369,67.0100,2
43225196081603,12:00:25.196,67.0300,100
43225197131619,12:00:25.197,67.0100,100
43225197131619,12:00:25.197,67.0100,100
43225197261516,12:00:25.197,67.0200,100
43225649570239,12:00:25.649,67.0000,1
43225650188195,12:00:25.650,66.9900,1
43300203184544,12:01:40.203,66.9500,100
43306387070815,12:01:46.387,66.9300,100
43306387096130,12:01:46.387,66.9300,100
43306387096130,12:01:46.387,66.9300,1
43356348719770,12:02:36.348,66.9600,100
43356348759918,12:02:36.348,66.9600,2
43356649657482,12:02:36.649,66.9300,1
43440371328376,12:04:00.371,66.9300,1
43440371328376,12:04:00.371,66.9300,6
43468036086540,12:04:28.036,66.9400,2
43534560394326,12:05:34.560,66.9100,2
43534560394326,12:05:34.560,66.9100,1
43534560394326,12:05:34.560,66.9100,1
43561525344130,12:06:01.525,66.9000,1
43561525344130,12:06:01.525,66.9000,12
43561526246464,12:06:01.526,66.8900,3
43594281137119,12:06:34.281,66.8800,1
43594283092584,12:06:34.283,66.8700,200
43594283092584,12:06:34.283,66.8700,100
43594283092584,12:06:34.283,66.8700,2
43622769210338,12:07:02.769,66.8700,20
43622769210338,12:07:02.769,66.8800,100
43622769210338,12:07:02.769,66.8800,80
43622769241757,12:07:02.769,66.8800,20
43681505001344,12:08:01.505,66.8700,1
43839015408356,12:10:39.015,66.9200,100
43839015408356,12:10:39.015,66.9200,100
43839035948015,12:10:39.035,66.9300,100
43859797076161,12:10:59.797,66.9400,100
43884794698219,12:11:24.794,66.9800,100
43976773139836,12:12:56.773,67.0000,2
43976773139836,12:12:56.773,67.0000,2
44063281814481,12:14:23.281,66.9600,4
44063281814481,12:14:23.281,66.9600,5
44063282114588,12:14:23.282,66.9600,100
44063282298724,12:14:23.282,66.9700,100
44063282298724,12:14:23.282,66.9700,15
44063282994888,12:14:23.282,66.9800,5
44071204189779,12:14:31.204,67.0000,2
44071204302794,12:14:31.204,67.0100,100
44071205198219,12:14:31.205,67.0200,10
44079211577035,12:14:39.211,67.0500,31
44079211601635,12:14:39.211,67.0500,69
44079212467098,12:14:39.212,67.0600,20
44085490761108,12:14:45.490,67.0700,100
44085507526498,12:14:45.507,67.0900,10
44085507552106,12:14:45.507,67.0900,100
44086332042695,12:14:46.332,67.0900,3
44086332042695,12:14:46.332,67.0900,97
44087512094583,12:14:47.512,67.1000,43
44087512098507,12:14:47.512,67.1000,57
44087512124139,12:14:47.512,67.0900,100
44089431889102,12:14:49.431,67.1300,100
44124784362169,12:15:24.784,67.1100,27
44209415379739,12:16:49.415,67.1400,20
44209415379739,12:16:49.415,67.1400,4
44209419133517,12:16:49.419,67.1500,100
44209419739720,12:16:49.419,67.1600,73
44209419771526,12:16:49.419,67.1600,27
44209419823819,12:16:49.419,67.1700,100
44209422407143,12:16:49.422,67.1700,100
44213629716394,12:16:53.629,67.1800,100
44218360985021,12:16:58.360,67.2000,2
44239476021266,12:17:19.476,67.1700,4
44239476080421,12:17:19.476,67.1600,3
44242479048419,12:17:22.479,67.1300,1
44242482928460,12:17:22.482,67.1200,6
44242482953608,12:17:22.482,67.1200,94
44253714775295,12:17:33.714,67.1100,73
44253714775295,12:17:33.714,67.1100,1
44283924522596,12:18:03.924,67.1000,1
44283924522596,12:18:03.924,67.1000,1
44321037193878,12:18:41.037,67.0800,1
44321037193878,12:18:41.037,67.0800,1
44337076809276,12:18:57.076,67.1000,40
44396834297952,12:19:56.834,67.0800,1
44396843891253,12:19:56.843,67.0700,1
44401306633418,12:20:01.306,67.0800,3
44466949953846,12:21:06.949,67.0700,2
44470420675369,12:21:10.420,67.0600,2
44470420750069,12:21:10.420,67.0500,1
44470420750069,12:21:10.420,67.0500,1
44470421227571,12:21:10.421,67.0400,1
44470461594863,12:21:10.461,67.0500,1
44471476534814,12:21:11.476,67.0700,100
44471476534814,12:21:11.476,67.0700,100
44474540245220,12:21:14.540,67.1000,100
44474540245220,12:21:14.540,67.1000,3
44502107691678,12:21:42.107,67.1100,89
44502107719833,12:21:42.107,67.1100,11
44502107719833,12:21:42.107,67.1100,100
44502108881580,12:21:42.108,67.1200,20
44521418248227,12:22:01.418,67.1400,51
44582263127679,12:23:02.263,67.1500,20
44582263127679,12:23:02.263,67.1500,80
44691774009886,12:24:51.774,67.1100,1
44691774009886,12:24:51.774,67.1100,2
44691774009886,12:24:51.774,67.1100,1
44691774009886,12:24:51.774,67.1100,5
44691774162766,12:24:51.774,67.1000,2
44691774162766,12:24:51.774,67.1000,1
44691774172539,12:24:51.774,67.0900,46
44691774411266,12:24:51.774,67.1100,25
44700075489610,12:25:00.075,67.1100,20
44700075489610,12:25:00.075,67.1100,20
44700078990693,12:25:00.078,67.1000,100
44705955191751,12:25:05.955,67.1100,1
44761337101824,12:26:01.337,67.1100,38
44761337128347,12:26:01.337,67.1100,46
44761337443901,12:26:01.337,67.1100,16
44761340865524,12:26:01.340,67.1200,100
44761340865524,12:26:01.340,67.1200,100
44762099316822,12:26:02.099,67.1500,23
44762099341332,12:26:02.099,67.1500,23
44813354829102,12:26:53.354,67.1200,21
44813354924530,12:26:53.354,67.1200,79
44813354924530,12:26:53.354,67.1200,1
44813354924530,12:26:53.354,67.1200,4
45130523167423,12:32:10.523,67.1000,1
45130523167423,12:32:10.523,67.1000,1
45130523167423,12:32:10.523,67.1000,1
45130523167423,12:32:10.523,67.1000,100
45130524558801,12:32:10.524,67.0900,1
45130524558801,12:32:10.524,67.0900,1
45134506661720,12:32:14.506,67.0700,100
45144601604667,12:32:24.601,67.0700,5
45144601604667,12:32:24.601,67.0700,1
45144601604667,12:32:24.601,67.0700,5
45144602420696,12:32:24.602,67.0600,5
45203012200119,12:33:23.012,67.0500,100
45203012238794,12:33:23.012,67.0500,1
45203012238794,12:33:23.012,67.0500,5
45277032857740,12:34:37.032,67.0300,70
45277032857740,12:34:37.032,67.0300,100
45277032857740,12:34:37.032,67.0300,100
45277032857740,12:34:37.032,67.0300,1
45277033173341,12:34:37.033,67.0400,100
45277033520801,12:34:37.033,67.0500,16
45277034297517,12:34:37.034,67.0500,84
45376388922597,12:36:16.388,67.0300,14
45384203228108,12:36:24.203,67.0300,86
45504989753138,12:38:24.989,67.0300,1
45504989753138,12:38:24.989,67.0300,6
45529541854770,12:38:49.541,67.0500,100
45529544815998,12:38:49.544,67.0600,100
45644815627547,12:40:44.815,67.0800,100
45644815787795,12:40:44.815,67.0900,20
45644815787795,12:40:44.815,67.0900,3
45644817065743,12:40:44.817,67.1000,100
45705330859771,12:41:45.330,67.0800,5
45732238595235,12:42:12.238,67.0700,5
45732238595235,12:42:12.238,67.0700,95
45816786206818,12:43:36.786,67.0500,3
45816786206818,12:43:36.786,67.0500,8
45831597751089,12:43:51.597,67.0500,2
45831607104879,12:43:51.607,67.0500,100
45843280068377,12:44:03.280,67.0600,100
45843280068377,12:44:03.280,67.0600,3
45843284254130,12:44:03.284,67.0800,100
45843284306539,12:44:03.284,67.0800,100
45851871460140,12:44:11.871,67.0700,200
45851871489669,12:44:11.871,67.0700,1
45851871489669,12:44:11.871,67.0700,9
45870026867266,12:44:30.026,67.0600,2
45892916346746,12:44:52.916,67.0500,1
45892916346746,12:44:52.916,67.0500,2
45926685806448,12:45:26.685,67.0800,100
45960052677463,12:46:00.052,67.0600,2
45960052677463,12:46:00.052,67.0600,98
46094816639282,12:48:14.816,67.1000,69
46094816639282,12:48:14.816,67.1000,3
46094816639282,12:48:14.816,67.1000,28
46108970464587,12:48:28.970,67.1100,100
46108980584476,12:48:28.980,67.1200,10
46108980584476,12:48:28.980,67.1200,90
46108981059076,12:48:28.981,67.1200,100
46221132959218,12:50:21.132,67.1300,100
46221132993427,12:50:21.132,67.1300,3
46221133625520,12:50:21.133,67.1400,100
46255349991992,12:50:55.349,67.1500,1
46255350649989,12:50:55.350,67.1500,3
46256006881385,12:50:56.006,67.1600,100
46313191544652,12:51:53.191,67.1200,2
46313191544652,12:51:53.191,67.1200,21
46313191544652,12:51:53.191,67.1200,100
46438468174784,12:53:58.468,67.1500,100
46438524345297,12:53:58.524,67.1600,1
46455856506585,12:54:15.856,67.1200,1
46455856506585,12:54:15.856,67.1200,99
46475867312500,12:54:35.867,67.1200,1
46475867556483,12:54:35.867,67.1200,100
46484431452658,12:54:44.431,67.1100,100
46484431452658,12:54:44.431,67.1100,4
46484431452658,12:54:44.431,67.1100,1
46535033841593,12:55:35.033,67.0900,2
46540064943007,12:55:40.064,67.0800,100
46540068892489,12:55:40.068,67.0800,1
46543386519832,12:55:43.386,67.0900,26
46567321178801,12:56:07.321,67.0900,74
46569275603402,12:56:09.275,67.1000,100
46569275632913,12:56:09.275,67.1000,3
46673083404399,12:57:53.083,67.1000,38
46728008145945,12:58:48.008,67.1000,12
46782948911966,12:59:42.948,67.1100,3
46826433510289,13:00:26.433,67.1100,1
46826434255773,13:00:26.434,67.1100,1
46826434279975,13:00:26.434,67.1100,1
46947379769824,13:02:27.379,67.1300,100
46947379769824,13:02:27.379,67.1300,3
46976005847367,13:02:56.005,67.1300,1
47009199034667,13:03:29.199,67.1100,1
47009199034667,13:03:29.199,67.1100,3
47009199034667,13:03:29.199,67.1100,100
47032616025979,13:03:52.616,67.1000,4
47032616025979,13:03:52.616,67.1000,1
47084100783872,13:04:44.100,67.0900,13
47084100783872,13:04:44.100,67.0900,87
47100024621705,13:05:00.024,67.0900,100
47108384175081,13:05:08.384,67.1000,6
47153309264547,13:05:53.309,67.1000,94
47153309264547,13:05:53.309,67.1000,4
47153309264547,13:05:53.309,67.1000,2
47153309295094,13:05:53.309,67.1000,98
47153310474015,13:05:53.310,67.1100,100
47153310925383,13:05:53.310,67.1100,100
47153352405089,13:05:53.352,67.1200,1
47159136478190,13:05:59.136,67.1200,99
47159136478190,13:05:59.136,67.1200,100
47159171243724,13:05:59.171,67.1200,32
47159197248641,13:05:59.197,67.1300,1
47164515271589,13:06:04.515,67.1200,1
47164516944983,13:06:04.516,67.1200,100
47164516944983,13:06:04.516,67.1200,100
47247317225336,13:07:27.317,67.1200,60
47247317256873,13:07:27.317,67.1200,40
47247317496859,13:07:27.317,67.1300,8
47247317655115,13:07:27.317,67.1300,30
47247317741240,13:07:27.317,67.1300,40
47247317919113,13:07:27.317,67.1300,21
47247318680087,13:07:27.318,67.1400,20
47247318680087,13:07:27.318,67.1400,62
47247318707249,13:07:27.318,67.1400,38
47247637068043,13:07:27.637,67.1300,5
47329904431918,13:08:49.904,67.1300,1
47329904431918,13:08:49.904,67.1300,3
47329928541659,13:08:49.928,67.1100,100
47329928541659,13:08:49.928,67.1100,100
47329928566412,13:08:49.928,67.1100,2
47368238757684,13:09:28.238,67.1300,100
47368238757684,13:09:28.238,67.1300,10
47371011027349,13:09:31.011,67.1200,1
47371011027349,13:09:31.011,67.1200,2
47444782098959,13:10:44.782,67.1100,12
47444782098959,13:10:44.782,67.1100,1
47501298898328,13:11:41.298,67.1100,1
47522140791550,13:12:02.140,67.0900,2
47522140791550,13:12:02.140,67.0900,97
47522140991691,13:12:02.140,67.0900,100
47522141520651,13:12:02.141,67.0900,5
47717037236343,13:15:17.037,67.1100,2
47717037653279,13:15:17.037,67.1100,16
47763017648132,13:16:03.017,67.1200,100
47763018777886,13:16:03.018,67.1300,100
47826437516081,13:17:06.437,67.1400,1
47855271573197,13:17:35.271,67.1400,2
47855271573197,13:17:35.271,67.1400,98
47855271601140,13:17:35.271,67.1400,2
47855271601140,13:17:35.271,67.1400,100
47855272315982,13:17:35.272,67.1500,10
47855272315982,13:17:35.272,67.1500,100
47855295803344,13:17:35.295,67.1600,100
47855296191419,13:17:35.296,67.1600,100
47856070298625,13:17:36.070,67.1700,20
47922017675956,13:18:42.017,67.1500,1
47922017675956,13:18:42.017,67.1500,8
47922017675956,13:18:42.017,67.1500,99
47922017701988,13:18:42.017,67.1500,1
47922018195883,13:18:42.018,67.1500,100
48045702408791,13:20:45.702,67.1500,12
48045719968060,13:20:45.719,67.1500,36
48045862285614,13:20:45.862,67.1400,1
48046004295207,13:20:46.004,67.1300,1
48046004295207,13:20:46.004,67.1300,100
48046004872511,13:20:46.004,67.1300,100
48046150760519,13:20:46.150,67.1400,100
48095695728840,13:21:35.695,67.1600,5
48095695728840,13:21:35.695,67.1600,100
48095697873506,13:21:35.697,67.1700,20
48095698200592,13:21:35.698,67.1800,20
48095698200592,13:21:35.698,67.1800,100
48095698200592,13:21:35.698,67.1800,100
48095698200592,13:21:35.698,67.1800,100
48095698257305,13:21:35.698,67.1800,100
48095729401530,13:21:35.729,67.1900,20
48178765909820,13:22:58.765,67.1900,200
48178765909820,13:22:58.765,67.2000,20
48178765909820,13:22:58.765,67.2000,80
48178766044276,13:22:58.766,67.2000,20
48178766044276,13:22:58.766,67.2000,100
48178766044276,13:22:58.766,67.2000,5
48178767507828,13:22:58.767,67.2100,20
48178767927089,13:22:58.767,67.2200,20
48178767927089,13:22:58.767,67.2200,100
48178767927089,13:22:58.767,67.2200,80
48178767956622,13:22:58.767,67.2200,20
48178767960397,13:22:58.767,67.2200,100
48178778199281,13:22:58.778,67.2200,27
48178778200542,13:22:58.778,67.2200,27
48184152384477,13:23:04.152,67.2300,10
48184152384477,13:23:04.152,67.2300,100
48184152451911,13:23:04.152,67.2400,78
48184152451911,13:23:04.152,67.2400,5
48184152451911,13:23:04.152,67.2400,17
48184155387170,13:23:04.155,67.2500,100
48184481850097,13:23:04.481,67.2600,20
48184656306320,13:23:04.656,67.2700,10
48207205772565,13:23:27.205,67.2900,20
48207212539840,13:23:27.212,67.2900,100
48207215875464,13:23:27.215,67.3000,10
48224095064952,13:23:44.095,67.3100,20
48224095123339,13:23:44.095,67.3200,100
48245931188166,13:24:05.931,67.3200,100
48255582681168,13:24:15.582,67.2900,1
48255582683728,13:24:15.582,67.2900,1
48255583285342,13:24:15.583,67.2900,2
48255583538035,13:24:15.583,67.2900,26
48255583668885,13:24:15.583,67.2800,9
48255583668885,13:24:15.583,67.2800,91
48255584275052,13:24:15.584,67.2800,9
48255584275052,13:24:15.584,67.2800,72
48255584384402,13:24:15.584,67.2800,100
48255585448060,13:24:15.585,67.2700,100
48255585448060,13:24:15.585,67.2700,2
48255595568820,13:24:15.595,67.2700,98
48255596170259,13:24:15.596,67.2700,93
48255596686318,13:24:15.596,67.2700,100
48279157415976,13:24:39.157,67.2700,69
48346689013374,13:25:46.689,67.2650,100
48439838753791,13:27:19.838,67.2600,1
48439838753791,13:27:19.838,67.2600,1
48442136685296,13:27:22.136,67.2500,12
48442140766793,13:27:22.140,67.2500,1
48643702037946,13:30:43.702,67.2900,75
48643702037946,13:30:43.702,67.2900,6
48647268908314,13:30:47.268,67.3100,100
48799841515653,13:33:19.841,67.3200,20
48799841515653,13:33:19.841,67.3200,80
48799841515653,13:33:19.841,67.3200,7
48799843116450,13:33:19.843,67.3200,100
48824709578679,13:33:44.709,67.3100,100
48824709639193,13:33:44.709,67.3100,15
48824710384482,13:33:44.710,67.3100,100
48834730390412,13:33:54.730,67.3100,2
48873039895348,13:34:33.039,67.3200,2
48873998442733,13:34:33.998,67.3000,6
48873998442733,13:34:33.998,67.3000,8
48873998582712,13:34:33.998,67.3000,40
48873998929030,13:34:33.998,67.3000,37
48873999019695,13:34:33.999,67.3000,100
48914547690198,13:35:14.547,67.2900,3
48919955032147,13:35:19.955,67.2800,100
48933016158050,13:35:33.016,67.2600,63
48953066594262,13:35:53.066,67.2600,2
49173284812216,13:39:33.284,67.2400,1
49180009080835,13:39:40.009,67.2400,1
49229654845189,13:40:29.654,67.2400,20
49229655261280,13:40:29.655,67.2600,20
49229655287852,13:40:29.655,67.2600,80
49229655287852,13:40:29.655,67.2600,100
49229655287852,13:40:29.655,67.2600,6
49229655288869,13:40:29.655,67.2600,96
49282798008612,13:41:22.798,67.2800,2
49353984682022,13:42:33.984,67.2600,100
49353984682022,13:42:33.984,67.2600,2
49353984682022,13:42:33.984,67.2600,100
49353985618909,13:42:33.985,67.2600,100
49353986481035,13:42:33.986,67.2500,100
49353986481035,13:42:33.986,67.2500,2
49441784342884,13:44:01.784,67.2100,100
49507871147327,13:45:07.871,67.1600,4
49507871147327,13:45:07.871,67.1600,6
49569847817101,13:46:09.847,67.1700,10
49569847817101,13:46:09.847,67.1700,4
49569847817101,13:46:09.847,67.1700,100
49577601234357,13:46:17.601,67.1800,100
49577601234357,13:46:17.601,67.1800,100
49606075128388,13:46:46.075,67.1500,100
49606075167444,13:46:46.075,67.1500,1
49612414408342,13:46:52.414,67.1500,100
49626571373783,13:47:06.571,67.1300,1
49626571373783,13:47:06.571,67.1300,1
49626571395900,13:47:06.571,67.1300,69
49626571405280,13:47:06.571,67.1300,30
49626571405280,13:47:06.571,67.1200,1
49626571411599,13:47:06.571,67.1200,31
49626571691409,13:47:06.571,67.1200,68
49750049856927,13:49:10.049,67.0900,1
49764847200527,13:49:24.847,67.0700,2
49778381418550,13:49:38.381,67.0500,100
49778381418550,13:49:38.381,67.0500,1
49778381418550,13:49:38.381,67.0500,1
49801482371798,13:50:01.482,67.0300,2
49803016511363,13:50:03.016,67.0300,98
49803016511363,13:50:03.016,67.0300,1
49803016511363,13:50:03.016,67.0300,1
49824310538269,13:50:24.310,67.0300,2
49824310538269,13:50:24.310,67.0300,15
49829848782477,13:50:29.848,67.0200,2
49837395177171,13:50:37.395,67.0000,1
49837395177171,13:50:37.395,67.0000,1
49844848954554,13:50:44.848,67.0000,20
49849453419067,13:50:49.453,66.9800,1
49863680924676,13:51:03.680,66.9900,100
49863680924676,13:51:03.680,66.9900,100
49863682280773,13:51:03.682,66.9900,100
49863682495939,13:51:03.682,66.9800,10
49863682590775,13:51:03.682,66.9700,10
49863683379542,13:51:03.683,66.9600,1
49863684179765,13:51:03.684,66.9500,100
49863684245023,13:51:03.684,66.9500,1
50000992643230,13:53:20.992,66.9200,1
50000992643230,13:53:20.992,66.9200,1
50002042739844,13:53:22.042,66.9000,100
50002042739844,13:53:22.042,66.9000,2
50002489080390,13:53:22.489,66.8800,100
50002491759637,13:53:22.491,66.8800,10
50008311385191,13:53:28.311,66.8800,24
50008316387254,13:53:28.316,66.8800,76
50026714703483,13:53:46.714,66.8700,1
50026714703483,13:53:46.714,66.8700,1
50029868739786,13:53:49.868,66.8800,93
50029868739786,13:53:49.868,66.8800,7
50029868765475,13:53:49.868,66.8800,93
50030205898194,13:53:50.205,66.8900,100
50030205898194,13:53:50.205,66.8900,100
50030205924095,13:53:50.205,66.8900,1
50035948548016,13:53:55.948,66.8600,5
50090650609147,13:54:50.650,66.8200,1
50090650609147,13:54:50.650,66.8200,5
50090891494819,13:54:50.891,66.8100,1
50149258828701,13:55:49.258,66.7800,2
50149258828701,13:55:49.258,66.7700,1
50151087649887,13:55:51.087,66.8000,100
50191852923266,13:56:31.852,66.7800,1
50243131970042,13:57:23.131,66.7600,2
50243132449294,13:57:23.132,66.7500,1
50339980371055,13:58:59.980,66.7700,100
50340047159695,13:59:00.047,66.7500,4
50374063515746,13:59:34.063,66.7900,100
50374063515746,13:59:34.063,66.7900,10
50374063515746,13:59:34.063,66.7900,90
50374063559455,13:59:34.063,66.7900,10
50374072844936,13:59:34.072,66.8100,100
50397528563807,13:59:57.528,66.8400,11
50402757768273,14:00:02.757,66.8500,62
50402757775721,14:00:02.757,66.8500,38
50405721443619,14:00:05.721,66.8700,7
50405721443619,14:00:05.721,66.8700,3
50405721443619,14:00:05.721,66.8700,63
50405721445962,14:00:05.721,66.8700,37
50405734006923,14:00:05.734,66.8900,54
50405734039318,14:00:05.734,66.8800,100
50405734039318,14:00:05.734,66.8900,46
50405734040835,14:00:05.734,66.8900,100
50406728790594,14:00:06.728,66.9100,20
50406736190115,14:00:06.736,66.9300,87
50406736190115,14:00:06.736,66.9300,13
50406825320296,14:00:06.825,66.9400,7
50406825320296,14:00:06.825,66.9400,13
50406825320296,14:00:06.825,66.9400,7
50406825320296,14:00:06.825,66.9400,73
50406825320296,14:00:06.825,66.9400,100
50406825558742,14:00:06.825,66.9500,10
50411557095607,14:00:11.557,67.0100,100
50411557125016,14:00:11.557,67.0200,20
50411557199434,14:00:11.557,67.0300,97
50411558591281,14:00:11.558,67.0300,23
50413728427260,14:00:13.728,67.0600,100
50413728921461,14:00:13.728,67.0600,20
50423324080061,14:00:23.324,67.0900,100
50423331997057,14:00:23.331,67.0800,100
50423331997057,14:00:23.331,67.0800,100
50423347501786,14:00:23.347,67.0700,100
50446511530879,14:00:46.511,67.0500,2
50446511530879,14:00:46.511,67.0500,100
50446512228400,14:00:46.512,67.0300,100
50537826569016,14:02:17.826,67.0600,2
50537826648769,14:02:17.826,67.0600,98
50537826648769,14:02:17.826,67.0600,100
50537826648769,14:02:17.826,67.0600,2
50593191643150,14:03:13.191,67.1000,4
50593191643150,14:03:13.191,67.1200,62
50593191646694,14:03:13.191,67.1200,38
50598794655973,14:03:18.794,67.1600,18
50600977069051,14:03:20.977,67.1600,8
50600977083432,14:03:20.977,67.1600,8
50600977098480,14:03:20.977,67.1600,20
50600977298117,14:03:20.977,67.1600,27
50600977306856,14:03:20.977,67.1600,19
50697994201430,14:04:57.994,67.2800,100
50697995133307,14:04:57.995,67.3100,1
50874774784502,14:07:54.774,67.2900,2
50874774793530,14:07:54.774,67.2900,86
50874774795963,14:07:54.774,67.2900,12
50874774795963,14:07:54.774,67.2900,7
50874774795963,14:07:54.774,67.2900,6
50874774795963,14:07:54.774,67.2900,1
50874774795963,14:07:54.774,67.2900,100
50874776231020,14:07:54.776,67.3000,5
50874776231020,14:07:54.776,67.2900,95
50912641571768,14:08:32.641,67.3400,9
50924125525244,14:08:44.125,67.3400,21
50924125539124,14:08:44.125,67.3400,79
50924125916050,14:08:44.125,67.3400,2
50924125976665,14:08:44.125,67.3400,98
50924126817236,14:08:44.126,67.3500,10
50931964198398,14:08:51.964,67.3600,12
50942186129589,14:09:02.186,67.4000,2
50942186129589,14:09:02.186,67.4000,54
50942186148297,14:09:02.186,67.4000,46
50942187974760,14:09:02.187,67.4100,100
50942187974760,14:09:02.187,67.4100,100
50962814177108,14:09:22.814,67.3700,10
50962814628752,14:09:22.814,67.3700,10
50962814628752,14:09:22.814,67.3700,2
50982731064854,14:09:42.731,67.3800,3
51029403515059,14:10:29.403,67.3700,1
51029403515059,14:10:29.403,67.3700,99
51029403868488,14:10:29.403,67.3700,1
51060973226666,14:11:00.973,67.4300,3
51060973226666,14:11:00.973,67.4300,39
51060973243027,14:11:00.973,67.4300,42
51060973243533,14:11:00.973,67.4300,13
51060973243533,14:11:00.973,67.4300,20
51095850879300,14:11:35.850,67.4900,67
51095850879300,14:11:35.850,67.4900,100
51105053770683,14:11:45.053,67.4600,100
51165642259287,14:12:45.642,67.5000,12
51165642259287,14:12:45.642,67.5000,51
51165642259287,14:12:45.642,67.5000,100
51165642259287,14:12:45.642,67.5000,7
51207211562647,14:13:27.211,67.5800,100
51209613353587,14:13:29.613,67.5800,100
51275824914710,14:14:35.824,67.5800,10
51306195173093,14:15:06.195,67.6200,72
51331346589055,14:15:31.346,67.5400,44
51331346612963,14:15:31.346,67.5400,44
51331346615617,14:15:31.346,67.5400,12
51331346615617,14:15:31.346,67.5400,1
51331348017469,14:15:31.348,67.5300,42
51331348295547,14:15:31.348,67.5400,44
51331348450533,14:15:31.348,67.5400,56
51331560397927,14:15:31.560,67.5400,100
51331668598549,14:15:31.668,67.5500,25
51333756516025,14:15:33.756,67.5500,75
51333756516025,14:15:33.756,67.5500,25
51333756541746,14:15:33.756,67.5500,75
51334860892707,14:15:34.860,67.5400,100
51343038083547,14:15:43.038,67.5300,6
51343038083547,14:15:43.038,67.5300,1
51343051957429,14:15:43.051,67.5200,17
51348162657884,14:15:48.162,67.5500,100
51367179340179,14:16:07.179,67.5800,12
51408158500998,14:16:48.158,67.6000,100
51408158500998,14:16:48.158,67.6100,100
51408162034626,14:16:48.162,67.6300,11
51410026789713,14:16:50.026,67.6300,1
51410026789713,14:16:50.026,67.6300,1
51416381643939,14:16:56.381,67.6500,200
51416397098371,14:16:56.397,67.6400,8
51416397111501,14:16:56.397,67.6400,20
51416397184910,14:16:56.397,67.6500,10
51433941209354,14:17:13.941,67.6400,6
51449411383249,14:17:29.411,67.6500,200
51449411955997,14:17:29.411,67.6300,29
51449413258211,14:17:29.413,67.6500,27
51473876248542,14:17:53.876,67.6500,100
51523161108712,14:18:43.161,67.6500,128
51571609844530,14:19:31.609,67.6700,100
51571609844530,14:19:31.609,67.6700,100
51571609844530,14:19:31.609,67.6700,12
51571609844530,14:19:31.609,67.6700,63
51571610580138,14:19:31.610,67.6800,40
51571610604382,14:19:31.610,67.6800,60
51572056971179,14:19:32.056,67.6700,27
51572056971179,14:19:32.056,67.6700,100
51572056971179,14:19:32.056,67.6700,1
51572058181130,14:19:32.058,67.6700,100
51572059027615,14:19:32.059,67.6800,10
51572059531876,14:19:32.059,67.6700,10
51579862224140,14:19:39.862,67.6500,100
51579862292724,14:19:39.862,67.6500,100
51579862835696,14:19:39.862,67.6500,100
51579862838790,14:19:39.862,67.6500,72
51579862838790,14:19:39.862,67.6400,28
51579880878132,14:19:39.880,67.6400,40
51581363019507,14:19:41.363,67.6450,100
51641291109536,14:20:41.291,67.6400,32
51641291109536,14:20:41.291,67.6400,100
51641291353115,14:20:41.291,67.6400,86
51641415787663,14:20:41.415,67.6500,100
51654021479411,14:20:54.021,67.6900,20
51654147514934,14:20:54.147,67.6700,100
51690220539941,14:21:30.220,67.6800,100
51690225457483,14:21:30.225,67.7000,100
51690508244455,14:21:30.508,67.7000,100
51690508306630,14:21:30.508,67.7100,100
51744544602782,14:22:24.544,67.7600,83
51744544602782,14:22:24.544,67.7600,100
51744544602782,14:22:24.544,67.7600,12
51840110671530,14:24:00.110,67.7600,18
51840110671530,14:24:00.110,67.7600,1
51840110671530,14:24:00.110,67.7600,100
51840110671530,14:24:00.110,67.7600,1
51840111433585,14:24:00.111,67.7500,100
51840112119109,14:24:00.112,67.7500,20
51840112497105,14:24:00.112,67.7500,20
51843316263201,14:24:03.316,67.7400,100
51843317222090,14:24:03.317,67.7300,100
51859072359693,14:24:19.072,67.7100,200
51859072359693,14:24:19.072,67.7200,100
51859072359693,14:24:19.072,67.7300,100
51859074514414,14:24:19.074,67.7300,100
51859074514414,14:24:19.074,67.7300,12
51864955935379,14:24:24.955,67.7500,100
51895341150255,14:24:55.341,67.7600,1
51895343146729,14:24:55.343,67.7600,100
52031463834456,14:27:11.463,67.7600,161
52039863037904,14:27:19.863,67.7800,200
52048585764164,14:27:28.585,67.7600,5
52048585764164,14:27:28.585,67.7600,90
52048585764164,14:27:28.585,67.7500,5
52060668154275,14:27:40.668,67.7500,100
52060668154275,14:27:40.668,67.7500,3
52060668957448,14:27:40.668,67.7500,60
52060669056933,14:27:40.669,67.7600,5
52060692345779,14:27:40.692,67.7800,100
52060692345779,14:27:40.692,67.7800,73
52065887172900,14:27:45.887,67.7600,25
52065887172900,14:27:45.887,67.7600,75
52068672166724,14:27:48.672,67.7900,30
52068672608180,14:27:48.672,67.7900,70
52068672608180,14:27:48.672,67.7900,12
52068672608180,14:27:48.672,67.7900,100
52069809114000,14:27:49.809,67.8100,100
52069809499119,14:27:49.809,67.8100,29
52082506529767,14:28:02.506,67.7900,100
52082506684303,14:28:02.506,67.8000,10
52082507466690,14:28:02.507,67.7900,10
52104864789851,14:28:24.864,67.7900,1
52114876206752,14:28:34.876,67.8200,12
52114876206752,14:28:34.876,67.8200,100
52125743595610,14:28:45.743,67.8400,100
52125743595610,14:28:45.743,67.8400,73
52125778847628,14:28:45.778,67.8500,100
52131331091908,14:28:51.331,67.8400,100
52131331091908,14:28:51.331,67.8300,100
52228785038647,14:30:28.785,67.9000,100
52228785038647,14:30:28.785,67.9000,12
52230177549423,14:30:30.177,67.9400,75
52231034009680,14:30:31.034,67.9000,100
52233540707566,14:30:33.540,67.9400,100
52237472840553,14:30:37.472,67.9400,20
52275185438849,14:31:15.185,67.9700,100
52281943790160,14:31:21.943,67.9400,2
52281943790160,14:31:21.943,67.9400,100
52281946659400,14:31:21.946,67.9400,1
52310162084357,14:31:50.162,67.9300,1
52310162084357,14:31:50.162,67.9300,1
52310162084357,14:31:50.162,67.9300,100
52310162953552,14:31:50.162,67.9200,12
52311821304116,14:31:51.821,67.9100,100
52311822761381,14:31:51.822,67.9000,100
52311822761381,14:31:51.822,67.9000,100
52311822813060,14:31:51.822,67.9000,100
52328129609345,14:32:08.129,67.8700,12
52328130722080,14:32:08.130,67.8700,100
52337260524021,14:32:17.260,67.8700,1
52337773865709,14:32:17.773,67.8400,45
52337773889899,14:32:17.773,67.8400,55
52429277753046,14:33:49.277,67.8800,79
52429277763702,14:33:49.277,67.8800,21
52496881442964,14:34:56.881,67.9600,19
52496895527778,14:34:56.895,67.9700,100
52496895877341,14:34:56.895,67.9800,68
52507519069052,14:35:07.519,67.9900,64
52510457939348,14:35:10.457,67.9900,3
52510457939348,14:35:10.457,67.9900,1
52510457939348,14:35:10.457,67.9900,32
52516777367788,14:35:16.777,68.0200,100
52518239912872,14:35:18.239,68.0000,1
52522299093978,14:35:22.299,67.9800,1
52522299093978,14:35:22.299,67.9700,1
52522299093978,14:35:22.299,67.9700,99
52522305300566,14:35:22.305,67.9600,16
52522305300566,14:35:22.305,67.9600,1
52559857214872,14:35:59.857,67.9500,1
52559857214872,14:35:59.857,67.9500,100
52559857324238,14:35:59.857,67.9500,100
52559857364164,14:35:59.857,67.9400,43
52559859516305,14:35:59.859,67.9400,57
52559859516305,14:35:59.859,67.9400,1
52559859516305,14:35:59.859,67.9400,34
52559876765693,14:35:59.876,67.9400,1
52564010745623,14:36:04.010,67.9300,100
52564013123730,14:36:04.013,67.9400,100
52564013231777,14:36:04.013,67.9400,18
52564013231777,14:36:04.013,67.9400,30
52564018406532,14:36:04.018,67.9500,100
52564018430280,14:36:04.018,67.9500,229
52564030620691,14:36:04.030,67.9500,100
52564030691749,14:36:04.030,67.9500,100
52564385676085,14:36:04.385,67.9500,30
52572378307782,14:36:12.378,67.9000,86
52572378313137,14:36:12.378,67.9000,14
52572378313137,14:36:12.378,67.9000,43
52572378319346,14:36:12.378,67.9000,57
52572378319346,14:36:12.378,67.9000,1
52628738859224,14:37:08.738,67.8700,1
52628738859224,14:37:08.738,67.8700,84
52628738901193,14:37:08.738,67.8700,16
52628738901193,14:37:08.738,67.8700,48
52628738950333,14:37:08.738,67.8700,1
52628738998362,14:37:08.738,67.8700,8
52628739091465,14:37:08.739,67.8700,27
52641848920144,14:37:21.848,67.9100,16
52641849544833,14:37:21.849,67.9100,84
52643749000873,14:37:23.749,67.9300,100
52679075276288,14:37:59.075,67.9300,1
52710773170275,14:38:30.773,67.9200,5
52728222546619,14:38:48.222,67.9700,19
52728222546619,14:38:48.222,67.9700,81
52728222633778,14:38:48.222,67.9700,19
52755481355998,14:39:15.481,67.9600,1
52755481392172,14:39:15.481,67.9500,49
52755482086898,14:39:15.482,67.9500,9
52795000872982,14:39:55.000,67.9000,34
52800067020011,14:40:00.067,67.9000,1
52832958009986,14:40:32.958,67.8900,1
52832958009986,14:40:32.958,67.8900,68
52878374078264,14:41:18.374,67.8800,100
52878374078264,14:41:18.374,67.8800,1
52939654533404,14:42:19.654,67.8900,100
52939654533404,14:42:19.654,67.8900,20
52939654533404,14:42:19.654,67.8900,77
52976266979030,14:42:56.266,67.9100,100
52981111574891,14:43:01.111,67.9000,1
52981111574891,14:43:01.111,67.9000,2
52987683865903,14:43:07.683,67.8800,100
52987683865903,14:43:07.683,67.8800,3
52988205010831,14:43:08.205,67.8700,100
52995074232079,14:43:15.074,67.8600,1
52996004745869,14:43:16.004,67.8500,77
52996004756729,14:43:16.004,67.8500,16
52996004779467,14:43:16.004,67.8500,7
52996145865455,14:43:16.145,67.8400,100
52996145865455,14:43:16.145,67.8400,44
52996145937318,14:43:16.145,67.8400,56
52996293518204,14:43:16.293,67.8400,20
52996528966039,14:43:16.528,67.8400,29
53016801457339,14:43:36.801,67.8700,100
53016801457339,14:43:36.801,67.8800,100
53027532870057,14:43:47.532,67.8800,54
53061931166334,14:44:21.931,67.8800,21
53061945989065,14:44:21.945,67.8900,100
53061946017078,14:44:21.946,67.9000,100
53097073101482,14:44:57.073,67.8900,1
53097073101482,14:44:57.073,67.8900,1
53097084638529,14:44:57.084,67.8800,1
53147978133950,14:45:47.978,67.8600,100
53147978133950,14:45:47.978,67.8600,1
53161297710440,14:46:01.297,67.8800,100
53161302251697,14:46:01.302,67.8800,3
53190286445771,14:46:30.286,67.9000,20
53190286445771,14:46:30.286,67.9000,100
53190288129768,14:46:30.288,67.9100,100
53216248564897,14:46:56.248,67.9400,10
53231372547887,14:47:11.372,67.9500,10
53240401328152,14:47:20.401,67.9500,30
53240401370620,14:47:20.401,67.9500,60
53240407981179,14:47:20.407,67.9500,25
53244736479940,14:47:24.736,67.9300,1
53244736479940,14:47:24.736,67.9300,3
53292502218213,14:48:12.502,67.9000,3
53292502218213,14:48:12.502,67.9000,1
53292502218213,14:48:12.502,67.9000,60
53295703881908,14:48:15.703,67.8900,1
53295703881908,14:48:15.703,67.8900,99
53295703908698,14:48:15.703,67.8900,1
53295704558728,14:48:15.704,67.8900,75
53295704558728,14:48:15.704,67.8900,4
53296059774262,14:48:16.059,67.8800,2
53298610610950,14:48:18.610,67.8700,2
53298610610950,14:48:18.610,67.8700,1
53298610610950,14:48:18.610,67.8700,1
53298610778480,14:48:18.610,67.8700,100
53298737932400,14:48:18.737,67.8500,200
53298739438212,14:48:18.739,67.8500,100
53298744510196,14:48:18.744,67.8500,77
53325685957549,14:48:45.685,67.8600,200
53325685957549,14:48:45.685,67.8600,11
53329263990178,14:48:49.263,67.8700,100
53351434929298,14:49:11.434,67.8600,1
53351436663250,14:49:11.436,67.8600,77
53351436689109,14:49:11.436,67.8600,23
53359456091650,14:49:19.456,67.8700,100
53359456150999,14:49:19.456,67.8700,6
53359456150999,14:49:19.456,67.8700,1
53422039045444,14:50:22.039,67.8400,16
53443722220180,14:50:43.722,67.8500,100
53453225580296,14:50:53.225,67.8400,1
53458602865471,14:50:58.602,67.8300,2
53458602865471,14:50:58.602,67.8200,98
53465197533401,14:51:05.197,67.8100,100
53465197576698,14:51:05.197,67.8100,2
53465198316934,14:51:05.198,67.8100,100
53465199268941,14:51:05.199,67.8100,100
53466810311723,14:51:06.810,67.7800,100
53521267123062,14:52:01.267,67.7900,11
53522820440312,14:52:02.820,67.8100,100
53522820676080,14:52:02.820,67.8200,97
53524360822276,14:52:04.360,67.8200,100
53524360822276,14:52:04.360,67.8200,11
53536207118532,14:52:16.207,67.8200,74
53536207119965,14:52:16.207,67.8200,26
53536207119965,14:52:16.207,67.8200,48
53536207131511,14:52:16.207,67.8200,26
53536207327720,14:52:16.207,67.8200,26
53536211074729,14:52:16.211,67.8300,100
53542003383900,14:52:22.003,67.8300,47
53542004347456,14:52:22.004,67.8300,53
53542004347456,14:52:22.004,67.8300,20
53542005000702,14:52:22.005,67.8300,10
53542420774097,14:52:22.420,67.8400,100
53543685428257,14:52:23.685,67.8300,1
53543685993317,14:52:23.685,67.8300,100
53565320837821,14:52:45.320,67.8700,20
53600405552274,14:53:20.405,67.8700,56
53614878680293,14:53:34.878,67.8800,100
53614882967922,14:53:34.882,67.8900,20
53614882967922,14:53:34.882,67.8900,100
53622888133621,14:53:42.888,67.9000,20
53663434057086,14:54:23.434,67.9200,56
53663434057086,14:54:23.434,67.9200,8
53663434082351,14:54:23.434,67.9200,3
53667444852168,14:54:27.444,67.9400,100
53667444852168,14:54:27.444,67.9400,6
53667453751131,14:54:27.453,67.9800,100
53667454671138,14:54:27.454,68.0000,10
53667454671138,14:54:27.454,68.0000,90
53695595730555,14:54:55.595,68.0100,48
53696848532360,14:54:56.848,68.0100,100
53763384477583,14:56:03.384,68.0050,27
53763384495632,14:56:03.384,67.9800,25
53763384495632,14:56:03.384,67.9800,1
53763384495632,14:56:03.384,67.9800,1
53763384536123,14:56:03.384,67.9900,100
53763384857938,14:56:03.384,67.9850,2
53763384887523,14:56:03.384,67.9850,10
53763384938878,14:56:03.384,67.9850,29
53763385077295,14:56:03.385,67.9850,29
53763385162937,14:56:03.385,67.9850,1
53763385162937,14:56:03.385,67.9800,1
53763385188216,14:56:03.385,67.9800,10
53763385256801,14:56:03.385,67.9800,18
53763385256801,14:56:03.385,67.9800,82
53763386752633,14:56:03.386,67.9900,100
53773610900415,14:56:13.610,67.9600,1
53773610900415,14:56:13.610,67.9600,2
53796582714186,14:56:36.582,68.0000,100
53796583082932,14:56:36.583,68.0000,11
53796600518240,14:56:36.600,68.0200,100
53800904656660,14:56:40.904,68.0300,100
53800905942147,14:56:40.905,68.0400,10
53827793076628,14:57:07.793,68.0400,100
53827793076628,14:57:07.793,68.0400,46
53827793090537,14:57:07.793,68.0400,54
53960838464423,14:59:20.838,68.0700,20
53960838464423,14:59:20.838,68.0700,11
53960838464423,14:59:20.838,68.0700,69
53960838495905,14:59:20.838,68.0700,31
53960892388835,14:59:20.892,68.0800,100
53960892616373,14:59:20.892,68.0800,20
53960892616373,14:59:20.892,68.0800,69
53960892617377,14:59:20.892,68.0800,31
53960892943564,14:59:20.892,68.0900,8
53960893349126,14:59:20.893,68.0900,12
53960893349126,14:59:20.893,68.0900,100
53960908191968,14:59:20.908,68.1000,20
53960914495085,14:59:20.914,68.1000,100
53961057537188,14:59:21.057,68.0900,1
53961060060485,14:59:21.060,68.0800,4
53961060060485,14:59:21.060,68.0800,100
53967064318428,14:59:27.064,68.0800,100
53967064318428,14:59:27.064,68.0800,100
53967064714352,14:59:27.064,68.0700,4
53967333059851,14:59:27.333,68.0600,84
53967334068454,14:59:27.334,68.0600,16
54007752840837,15:00:07.752,68.0500,46
54060630722257,15:01:00.630,68.0650,125
54060630723530,15:01:00.630,68.0650,50
54060630723530,15:01:00.630,68.0500,75
54060630741890,15:01:00.630,68.0500,25
54060630741890,15:01:00.630,68.0500,25
54060630741890,15:01:00.630,68.0500,75
54060630743110,15:01:00.630,68.0500,25
54060631819656,15:01:00.631,68.0500,100
54072219531104,15:01:12.219,68.0500,25
54072219531104,15:01:12.219,68.0500,75
54078819164125,15:01:18.819,68.0500,23
54078819164721,15:01:18.819,68.0500,23
54078819191824,15:01:18.819,68.0500,54
54078819191824,15:01:18.819,68.0300,40
54079554679914,15:01:19.554,68.0400,56
54079554679914,15:01:19.554,68.0400,100
54079554679914,15:01:19.554,68.0400,11
54100784545172,15:01:40.784,68.0500,10
54121133852902,15:02:01.133,68.0450,60
54121134055103,15:02:01.134,68.0450,40
54121134055103,15:02:01.134,68.0300,20
54125498534930,15:02:05.498,68.0500,11
54129045577431,15:02:09.045,68.0300,40
54129045577431,15:02:09.045,68.0300,1
54183234805133,15:03:03.234,68.0150,100
54187606772039,15:03:07.606,68.0150,100
54187606772039,15:03:07.606,68.0000,100
54187606772039,15:03:07.606,68.0000,1
54187606804065,15:03:07.606,68.0000,99
54187606804065,15:03:07.606,68.0000,1
54187606804800,15:03:07.606,68.0000,100
54187607331876,15:03:07.607,68.0000,63
54187607887930,15:03:07.607,67.9900,100
54187695897819,15:03:07.695,67.9800,100
54191530649941,15:03:11.530,67.9700,100
54191530673826,15:03:11.530,67.9700,84
54200850251180,15:03:20.850,67.9500,100
54200851405336,15:03:20.851,67.9400,100
54201253820008,15:03:21.253,67.9400,29
54206440465251,15:03:26.440,67.9400,100
54210818540643,15:03:30.818,67.9300,100
54261577783767,15:04:21.577,67.8950,100
54267396859385,15:04:27.396,67.8800,100
54267396859385,15:04:27.396,67.8800,1
54267396859385,15:04:27.396,67.8800,1
54267398077524,15:04:27.398,67.8700,1
54267398077524,15:04:27.398,67.8700,1
54269177717440,15:04:29.177,67.8700,40
54294035304275,15:04:54.035,67.8650,100
54326323125580,15:05:26.323,67.8550,2
54326323420046,15:05:26.323,67.8550,2
54326323559846,15:05:26.323,67.8550,2
54326326333038,15:05:26.326,67.8550,72
54326326857884,15:05:26.326,67.8550,2
54326328123232,15:05:26.328,67.8550,2
54326334931083,15:05:26.334,67.8500,2
54326334931083,15:05:26.334,67.8500,18
54326365894657,15:05:26.365,67.8400,1
54326452815429,15:05:26.452,67.8400,1
54326527102688,15:05:26.527,67.8400,100
54334098449163,15:05:34.098,67.8300,1
54334098449163,15:05:34.098,67.8300,8
54334098449163,15:05:34.098,67.8300,1
54334269851381,15:05:34.269,67.8300,4
54334894145940,15:05:34.894,67.8300,46
54352752276417,15:05:52.752,67.8250,100
54360096764157,15:06:00.096,67.8100,1
54360407021001,15:06:00.407,67.8100,20
54360408118106,15:06:00.408,67.8100,100
54362494718526,15:06:02.494,67.8100,36
54362494718526,15:06:02.494,67.8100,64
54362494743985,15:06:02.494,67.8100,36
54362495517564,15:06:02.495,67.8200,100
54374207354880,15:06:14.207,67.8200,100
54374207354880,15:06:14.207,67.8200,84
54374207407326,15:06:14.207,67.8200,16
54374207407326,15:06:14.207,67.8200,11
54374207407326,15:06:14.207,67.8200,200
54388855549608,15:06:28.855,67.8200,100
54402281902863,15:06:42.281,67.8400,100
54407500961224,15:06:47.500,67.8400,6
54424294028017,15:07:04.294,67.8500,100
54424294708492,15:07:04.294,67.8400,44
54424294708492,15:07:04.294,67.8400,16
54424300220048,15:07:04.300,67.8400,100
54441259561434,15:07:21.259,67.8500,100
54448593784406,15:07:28.593,67.8500,100
54466932630240,15:07:46.932,67.8400,1
54466932630240,15:07:46.932,67.8400,2
54466932630240,15:07:46.932,67.8400,2
54466932657947,15:07:46.932,67.8400,27
54466932657947,15:07:46.932,67.8400,43
54466932657947,15:07:46.932,67.8400,1
54466932657947,15:07:46.932,67.8400,15
54466933675944,15:07:46.933,67.8300,22
54466933675944,15:07:46.933,67.8300,78
54466933717257,15:07:46.933,67.8300,22
54466933717257,15:07:46.933,67.8300,1
54466933717257,15:07:46.933,67.8300,2
54466933902315,15:07:46.933,67.8300,4
54504535985625,15:08:24.535,67.8400,100
54504536013729,15:08:24.536,67.8400,100
54504536013729,15:08:24.536,67.8400,11
54504536013729,15:08:24.536,67.8400,100
54550780907252,15:09:10.780,67.8350,100
54551081093738,15:09:11.081,67.8350,100
54551470158609,15:09:11.470,67.8300,100
54551470183576,15:09:11.470,67.8300,100
54551470183576,15:09:11.470,67.8300,3
54551503763582,15:09:11.503,67.8200,73
54551503788330,15:09:11.503,67.8200,27
54551503788330,15:09:11.503,67.8200,2
54551503788330,15:09:11.503,67.8200,100
54551503794839,15:09:11.503,67.8200,100
54553309151198,15:09:13.309,67.8100,100
54553310556432,15:09:13.310,67.8000,95
54591876016496,15:09:51.876,67.7700,1
54591876196215,15:09:51.876,67.7700,100
54591876288312,15:09:51.876,67.7700,100
54591877295435,15:09:51.877,67.7700,50
54591877715548,15:09:51.877,67.7700,50
54598530012696,15:09:58.530,67.7800,27
54598530142897,15:09:58.530,67.7800,73
54604137700559,15:10:04.137,67.7700,100
54605111790287,15:10:05.111,67.7500,1
54605111790287,15:10:05.111,67.7500,1
54605776079042,15:10:05.776,67.7400,2
54609726758075,15:10:09.726,67.7500,1
54609726835885,15:10:09.726,67.7500,99
54609726835885,15:10:09.726,67.7500,100
54609726835885,15:10:09.726,67.7500,10
54609730811137,15:10:09.730,67.7600,100
54613149990698,15:10:13.149,67.7500,99
54613150017293,15:10:13.150,67.7500,1
54621931373445,15:10:21.931,67.7500,100
54632524422377,15:10:32.524,67.7300,16
54662457163743,15:11:02.457,67.6850,100
54666550691400,15:11:06.550,67.6800,56
54666550691400,15:11:06.550,67.6800,100
54666970287590,15:11:06.970,67.6900,200
54685231232247,15:11:25.231,67.6700,100
54693520102748,15:11:33.520,67.6800,3
54693520102748,15:11:33.520,67.6800,97
54693520132707,15:11:33.520,67.6800,3
54693521464200,15:11:33.521,67.6900,200
54747163223859,15:12:27.163,67.6750,100
54757212692903,15:12:37.212,67.6900,11
54757212692903,15:12:37.212,67.6900,89
54757212931397,15:12:37.212,67.6900,11
54757215719931,15:12:37.215,67.6900,100
54772509322178,15:12:52.509,67.7000,100
54773477253953,15:12:53.477,67.7050,26
54779006227277,15:12:59.006,67.7050,5
54780938838084,15:13:00.938,67.7050,69
54780938838084,15:13:00.938,67.7000,1
54780938838084,15:13:00.938,67.7000,31
54783128479944,15:13:03.128,67.7000,69
54783128479944,15:13:03.128,67.7000,100
54806924388779,15:13:26.924,67.7100,100
54806924579573,15:13:26.924,67.7200,4
54806924579573,15:13:26.924,67.7200,100
54806940561751,15:13:26.940,67.7200,100
54834510148814,15:13:54.510,67.7000,1
54834510148814,15:13:54.510,67.7000,39
54837400295075,15:13:57.400,67.6950,25
54837400693054,15:13:57.400,67.6900,20
54837400917123,15:13:57.400,67.6900,15
54868054540927,15:14:28.054,67.7000,100
54868054601266,15:14:28.054,67.7000,100
54868054627291,15:14:28.054,67.7000,10
54924881143716,15:15:24.881,67.7400,1
54951743724844,15:15:51.743,67.7500,100
54951743724844,15:15:51.743,67.7500,100
54951743724844,15:15:51.743,67.7500,100
54951745011436,15:15:51.745,67.7600,10
54973386871508,15:16:13.386,67.7700,3
54973567956498,15:16:13.567,67.7600,5
54973568311777,15:16:13.568,67.7550,1
54984167582983,15:16:24.167,67.7550,34
54984210358944,15:16:24.210,67.7500,1
54984210358944,15:16:24.210,67.7500,4
54984210358944,15:16:24.210,67.7500,24
54984210371168,15:16:24.210,67.7500,148
54984210398986,15:16:24.210,67.7500,28
54987132183451,15:16:27.132,67.7500,1
54987132183451,15:16:27.132,67.7500,66
54988269679374,15:16:28.269,67.7450,3
54988269797959,15:16:28.269,67.7450,3
54988269919811,15:16:28.269,67.7450,3
54988270011953,15:16:28.270,67.7450,3
54988273405539,15:16:28.273,67.7400,3
54993340589301,15:16:33.340,67.7400,88
54993340589301,15:16:33.340,67.7300,1
54993340589301,15:16:33.340,67.7300,11
54993341024686,15:16:33.341,67.7300,89
54993341024686,15:16:33.341,67.7300,1
55008643706868,15:16:48.643,67.7300,200
55008701605717,15:16:48.701,67.7200,200
55031945680174,15:17:11.945,67.7250,100
55045610747205,15:17:25.610,67.7200,1
55047469829719,15:17:27.469,67.7200,100
55049134895925,15:17:29.134,67.7100,1
55049134895925,15:17:29.134,67.7100,60
55049135964625,15:17:29.135,67.7000,1
55049893714024,15:17:29.893,67.6900,1
55049894750889,15:17:29.894,67.6800,100
55049894786616,15:17:29.894,67.6800,2
55049894830664,15:17:29.894,67.6800,2
55060028731726,15:17:40.028,67.6700,48
55060028737203,15:17:40.028,67.6700,31
55079575213811,15:17:59.575,67.6700,100
55079575239611,15:17:59.575,67.6700,100
55079578129125,15:17:59.578,67.6800,100
55081239204608,15:18:01.239,67.6800,7
55101710659568,15:18:21.710,67.6900,10
55101710659568,15:18:21.710,67.6900,90
55101710686569,15:18:21.710,67.6900,10
55108131746552,15:18:28.131,67.6950,93
55119326295222,15:18:39.326,67.6900,93
55121424888917,15:18:41.424,67.6800,1
55121424888917,15:18:41.424,67.6800,86
55121425735435,15:18:41.425,67.6700,1
55121494927316,15:18:41.494,67.6800,100
55164600056811,15:19:24.600,67.6700,100
55185278190158,15:19:45.278,67.6900,100
55190893287235,15:19:50.893,67.7000,100
55208561565270,15:20:08.561,67.7100,100
55208561565270,15:20:08.561,67.7100,10
55208561565270,15:20:08.561,67.7100,100
55208565184945,15:20:08.565,67.7300,95
55208565210906,15:20:08.565,67.7300,5
55208565210906,15:20:08.565,67.7300,100
55208565210906,15:20:08.565,67.7300,3
55208565210906,15:20:08.565,67.7300,100
55208565343515,15:20:08.565,67.7450,100
55237558797164,15:20:37.558,67.7600,2
55237558797164,15:20:37.558,67.7600,8
55237558797164,15:20:37.558,67.7600,64
55237558798172,15:20:37.558,67.7600,36
55258145302027,15:20:58.145,67.7600,100
55274610160777,15:21:14.610,67.7400,1
55274610365985,15:21:14.610,67.7400,100
55274610374429,15:21:14.610,67.7400,100
55274610414580,15:21:14.610,67.7400,91
55274611054483,15:21:14.611,67.7400,9
55274894215873,15:21:14.894,67.7400,191
55274894215873,15:21:14.894,67.7400,9
55274894241836,15:21:14.894,67.7400,91
55274894241836,15:21:14.894,67.7400,1
55285025110170,15:21:25.025,67.7400,100
55296671713247,15:21:36.671,67.7300,100
55296671713247,15:21:36.671,67.7300,1
55296676599777,15:21:36.676,67.7300,26
55296678764954,15:21:36.678,67.7300,100
55296683119754,15:21:36.683,67.7200,1
55332546153567,15:22:12.546,67.6900,100
55347125213088,15:22:27.125,67.6850,100
55383089542104,15:23:03.089,67.6800,100
55391860420894,15:23:11.860,67.6700,1
55391860420894,15:23:11.860,67.6700,72
55391860656405,15:23:11.860,67.6700,28
55391860656405,15:23:11.860,67.6700,8
55391870477637,15:23:11.870,67.6800,77
55391967731610,15:23:11.967,67.6900,4
55391967731610,15:23:11.967,67.6900,96
55391967757127,15:23:11.967,67.6900,4
55391968270041,15:23:11.968,67.7000,100
55391968282964,15:23:11.968,67.7000,100
55391968617970,15:23:11.968,67.6900,100
55391968677401,15:23:11.968,67.7000,100
55391970179312,15:23:11.970,67.7000,46
55400290283073,15:23:20.290,67.7100,10
55400291345541,15:23:20.291,67.7200,10
55400291345541,15:23:20.291,67.7200,90
55400291374483,15:23:20.291,67.7200,10
55401550159338,15:23:21.550,67.7300,100
55401550159338,15:23:21.550,67.7300,100
55410026554012,15:23:30.026,67.7250,100
55416773920825,15:23:36.773,67.7300,125
55416773920825,15:23:36.773,67.7300,1
55416774032498,15:23:36.774,67.7300,100
55433728396813,15:23:53.728,67.7450,200
55458388252903,15:24:18.388,67.7600,4
55460440324825,15:24:20.440,67.7700,7
55460440324825,15:24:20.440,67.7700,3
55460440324825,15:24:20.440,67.7700,3
55460440324825,15:24:20.440,67.7700,87
55460440365167,15:24:20.440,67.7700,13
55460440365167,15:24:20.440,67.7700,36
55460441317881,15:24:20.441,67.7800,10
55462772190040,15:24:22.772,67.7900,100
55462773235707,15:24:22.773,67.8000,5
55477801077843,15:24:37.801,67.8000,96
55496447548611,15:24:56.447,67.8000,100
55503015904921,15:25:03.015,67.8100,5
55503017691703,15:25:03.017,67.8200,100
55503624024821,15:25:03.624,67.8200,100
55503624024821,15:25:03.624,67.8100,1
55525303704104,15:25:25.303,67.8100,64
55525303730702,15:25:25.303,67.8100,35
55525303730702,15:25:25.303,67.8100,1
55525304099013,15:25:25.304,67.8100,100
55525322788468,15:25:25.322,67.8100,1
55526704735509,15:25:26.704,67.8100,100
55526716022802,15:25:26.716,67.8000,100
55530027523328,15:25:30.027,67.8000,100
55536016080589,15:25:36.016,67.8000,100
55536016080589,15:25:36.016,67.8000,1
55536817357751,15:25:36.817,67.7900,100
55536817384693,15:25:36.817,67.7900,4
55628376452126,15:27:08.376,67.7650,100
55634198716490,15:27:14.198,67.7650,14
55634198736938,15:27:14.198,67.7650,29
55634198827829,15:27:14.198,67.7500,1
55634198827829,15:27:14.198,67.7500,1
55634198827829,15:27:14.198,67.7500,12
55634198843940,15:27:14.198,67.7600,14
55634198847711,15:27:14.198,67.7600,24
55634198872609,15:27:14.198,67.7600,19
55635028175734,15:27:15.028,67.7500,19
55635028175734,15:27:15.028,67.7500,29
55647703219854,15:27:27.703,67.7400,100
55673126304067,15:27:53.126,67.7500,26
55673126634512,15:27:53.126,67.7500,4
55673137916566,15:27:53.137,67.7500,100
55673142727770,15:27:53.142,67.7500,74
55674064061282,15:27:54.064,67.7500,43
55676962306428,15:27:56.962,67.7600,73
55676962318919,15:27:56.962,67.7600,27
55676962318919,15:27:56.962,67.7600,100
55676962318919,15:27:56.962,67.7600,64
55676962800210,15:27:56.962,67.7600,36
55676962800210,15:27:56.962,67.7600,64
55676962808626,15:27:56.962,67.7600,36
55676962808626,15:27:56.962,67.7600,100
55676969620359,15:27:56.969,67.7700,25
55676981233115,15:27:56.981,67.7700,100
55676989240935,15:27:56.989,67.7800,20
55676989271372,15:27:56.989,67.7800,80
55678182573801,15:27:58.182,67.7900,10
55678182573801,15:27:58.182,67.7900,90
55678182599010,15:27:58.182,67.7900,10
55678182699723,15:27:58.182,67.7700,10
55678192772267,15:27:58.192,67.7950,90
55693884504719,15:28:13.884,67.7900,10
55733529716093,15:28:53.529,67.7900,100
55733572988822,15:28:53.572,67.7900,100
55736962569598,15:28:56.962,67.7800,1
55745530180182,15:29:05.530,67.7700,100
55754920056263,15:29:14.920,67.7500,1
55754920056263,15:29:14.920,67.7500,1
55760650528125,15:29:20.650,67.7400,100
55760650528125,15:29:20.650,67.7400,1
55792323411387,15:29:52.323,67.7300,100
55792541607928,15:29:52.541,67.7200,100
55796556756262,15:29:56.556,67.7200,29
55796556756262,15:29:56.556,67.7200,29
55801230124862,15:30:01.230,67.7050,17
55801282291042,15:30:01.282,67.7100,83
55801602500303,15:30:01.602,67.7100,17
55804201304682,15:30:04.201,67.7100,100
55804201304682,15:30:04.201,67.7100,1
55804252762371,15:30:04.252,67.7100,30
55804750702228,15:30:04.750,67.7000,100
55804900706325,15:30:04.900,67.6900,100
55804902870206,15:30:04.902,67.6900,100
55804902945653,15:30:04.902,67.6900,29
55804902945653,15:30:04.902,67.6900,29
55830511955106,15:30:30.511,67.6900,69
55831249184910,15:30:31.249,67.7000,32
55843396745869,15:30:43.396,67.7150,100
55843396896140,15:30:43.396,67.7200,100
55843396896140,15:30:43.396,67.7200,10
55843397252269,15:30:43.397,67.7200,10
55844532575319,15:30:44.532,67.7300,100
55845020294087,15:30:45.020,67.7300,100
55846046459032,15:30:46.046,67.7300,10
55846046459032,15:30:46.046,67.7300,100
55846046459032,15:30:46.046,67.7300,100
55846046459032,15:30:46.046,67.7300,100
55852665650391,15:30:52.665,67.7300,1
55854475787615,15:30:54.475,67.7200,100
55896061331822,15:31:36.061,67.7300,100
55896061355918,15:31:36.061,67.7300,3
55896061408276,15:31:36.061,67.7400,100
55896061408276,15:31:36.061,67.7400,56
55896061433920,15:31:36.061,67.7400,44
55898103048944,15:31:38.103,67.7700,100
55898103266322,15:31:38.103,67.7800,3
55898103266322,15:31:38.103,67.7800,7
55916759807313,15:31:56.759,67.8000,100
55916759831202,15:31:56.759,67.8000,100
55916821074020,15:31:56.821,67.8100,100
55921583577746,15:32:01.583,67.8200,100
55931271531042,15:32:11.271,67.8200,4
55931271555460,15:32:11.271,67.8100,1
55931271555460,15:32:11.271,67.8100,76
55931271555460,15:32:11.271,67.8100,15
55931271638744,15:32:11.271,67.8150,96
55947659374415,15:32:27.659,67.7950,2
55949819173935,15:32:29.819,67.7900,2
55961523127114,15:32:41.523,67.7850,98
55961523127114,15:32:41.523,67.7700,1
55961523127114,15:32:41.523,67.7700,1
55961537975212,15:32:41.537,67.7800,100
55967211990841,15:32:47.211,67.7600,100
56040370856993,15:34:00.370,67.7400,1
56040370856993,15:34:00.370,67.7400,1
56040370856993,15:34:00.370,67.7400,100
56040372446006,15:34:00.372,67.7300,2
56040372446006,15:34:00.372,67.7300,1
56040373470002,15:34:00.373,67.7300,1
56049913751361,15:34:09.913,67.7100,100
56049913779261,15:34:09.913,67.7100,1
56049915108532,15:34:09.915,67.7000,3
56070738695103,15:34:30.738,67.6900,1
56086019381176,15:34:46.019,67.6800,2
56089421426557,15:34:49.421,67.6700,100
56089421451205,15:34:49.421,67.6700,1
56089421451205,15:34:49.421,67.6700,100
56092016866665,15:34:52.016,67.6500,1
56092016866665,15:34:52.016,67.6500,5
56092016893072,15:34:52.016,67.6500,95
56099938594638,15:34:59.938,67.6500,100
56099938618240,15:34:59.938,67.6500,47
56100113389755,15:35:00.113,67.6600,100
56100358683403,15:35:00.358,67.6500,100
56112275849772,15:35:12.275,67.6500,31
56112275875372,15:35:12.275,67.6500,69
56112275875372,15:35:12.275,67.6500,10
56112276025830,15:35:12.276,67.6500,9
56114053965556,15:35:14.053,67.6600,100
56114054467600,15:35:14.054,67.6600,100
56114054471483,15:35:14.054,67.6600,10
56123390629072,15:35:23.390,67.6700,100
56123390629072,15:35:23.390,67.6700,10
56123390629072,15:35:23.390,67.6700,90
56123400183215,15:35:23.400,67.6700,10
56123400208146,15:35:23.400,67.6700,100
56123418192863,15:35:23.418,67.6800,100
56123418290178,15:35:23.418,67.6800,100
56133339886322,15:35:33.339,67.6800,200
56171694552289,15:36:11.694,67.6700,1
56171694552289,15:36:11.694,67.6700,2
56171694552289,15:36:11.694,67.6700,100
56171694552289,15:36:11.694,67.6700,1
56171755096749,15:36:11.755,67.6600,15
56204899790819,15:36:44.899,67.6800,3
56204899790819,15:36:44.899,67.6800,35
56204899790819,15:36:44.899,67.6800,100
56209969710486,15:36:49.969,67.7000,85
56225382432299,15:37:05.382,67.7200,20
56225382432299,15:37:05.382,67.7200,100
56225396910363,15:37:05.396,67.7300,5
56225595816303,15:37:05.595,67.7400,5
56229901730489,15:37:09.901,67.7300,3
56229901756204,15:37:09.901,67.7300,97
56229901756204,15:37:09.901,67.7300,100
56229901756204,15:37:09.901,67.7300,23
56229901856727,15:37:09.901,67.7300,77
56229901856727,15:37:09.901,67.7300,100
56237148296920,15:37:17.148,67.7200,100
56237148523642,15:37:17.148,67.7200,1
56237150933600,15:37:17.150,67.7100,100
56260665493192,15:37:40.665,67.7200,3
56323481401740,15:38:43.481,67.7300,100
56327727640998,15:38:47.727,67.7200,1
56347915252507,15:39:07.915,67.7400,100
56352176670772,15:39:12.176,67.7200,1
56352177335905,15:39:12.177,67.7200,2
56363220100898,15:39:23.220,67.7200,93
56363220145242,15:39:23.220,67.7200,7
56364231752030,15:39:24.231,67.7200,1
56380003169329,15:39:40.003,67.7100,4
56380003169329,15:39:40.003,67.7100,1
56380003169329,15:39:40.003,67.7100,2
56380003269554,15:39:40.003,67.7100,5
56380003293526,15:39:40.003,67.7100,1
56410419310325,15:40:10.419,67.6900,4
56410419310325,15:40:10.419,67.6900,1
56410419769016,15:40:10.419,67.6800,3
56411977081800,15:40:11.977,67.6800,100
56419026401665,15:40:19.026,67.6900,100
56419026565998,15:40:19.026,67.6900,30
56441956103630,15:40:41.956,67.7000,100
56441956103630,15:40:41.956,67.7000,100
56441956103630,15:40:41.956,67.7000,38
56441956103630,15:40:41.956,67.7000,100
56442010006566,15:40:42.010,67.7100,100
56442010006566,15:40:42.010,67.7100,20
56471269732477,15:41:11.269,67.7200,100
56471269732477,15:41:11.269,67.7200,3
56471269732477,15:41:11.269,67.7200,97
56471269762693,15:41:11.269,67.7200,3
56480479001265,15:41:20.479,67.7300,1
56480666845977,15:41:20.666,67.7200,38
56480667225090,15:41:20.667,67.7200,62
56480667225090,15:41:20.667,67.7200,7
56480842802200,15:41:20.842,67.7300,200
56480842910153,15:41:20.842,67.7300,100
56485374639769,15:41:25.374,67.7300,33
56487203592217,15:41:27.203,67.7200,3
56487203592217,15:41:27.203,67.7200,97
56488026400121,15:41:28.026,67.7200,100
56488026400121,15:41:28.026,67.7200,100
56498828203900,15:41:38.828,67.7100,100
56498828203900,15:41:38.828,67.7100,3
56562995163026,15:42:42.995,67.7200,100
56562995429274,15:42:42.995,67.7200,162
56562995600052,15:42:42.995,67.7200,38
56562995600052,15:42:42.995,67.7200,4
56565518453632,15:42:45.518,67.7100,100
56565518453632,15:42:45.518,67.7100,1
56565518722591,15:42:45.518,67.7100,100
56565519644756,15:42:45.519,67.7000,2
56565520814028,15:42:45.520,67.7100,100
56580117373169,15:43:00.117,67.7200,100
56596111938767,15:43:16.111,67.7200,99
56596112110915,15:43:16.112,67.7200,1
56596112110915,15:43:16.112,67.7200,100
56596112110915,15:43:16.112,67.7200,1
56632700354407,15:43:52.700,67.7100,100
56632700354407,15:43:52.700,67.7100,3
56675366398012,15:44:35.366,67.7200,15
56675366485413,15:44:35.366,67.7200,51
56675366485413,15:44:35.366,67.7200,100
56677889535693,15:44:37.889,67.7200,1
56684594908148,15:44:44.594,67.7200,100
56700130050295,15:45:00.130,67.7100,1
56700130050295,15:45:00.130,67.7100,5
56700130050295,15:45:00.130,67.7100,100
56700130050295,15:45:00.130,67.7100,2
56700130050295,15:45:00.130,67.7100,100
56700130058823,15:45:00.130,67.7000,4
56700130058823,15:45:00.130,67.7000,105
56700130058823,15:45:00.130,67.7000,100
56700130058823,15:45:00.130,67.6900,100
56700130058823,15:45:00.130,67.6800,100
56700131368717,15:45:00.131,67.7000,100
56700222871459,15:45:00.222,67.7000,54
56700334238097,15:45:00.334,67.7100,100
56700334238097,15:45:00.334,67.7100,100
56702085063888,15:45:02.085,67.7100,74
56702085178773,15:45:02.085,67.7100,100
56702086161007,15:45:02.086,67.7100,100
56703340090486,15:45:03.340,67.7200,50
56703340136847,15:45:03.340,67.7200,50
56703340136847,15:45:03.340,67.7200,100
56703340136847,15:45:03.340,67.7200,100
56707663635995,15:45:07.663,67.7200,100
56709810311634,15:45:09.810,67.7100,100
56709811330524,15:45:09.811,67.7100,1
56709811330524,15:45:09.811,67.7100,99
56712975121286,15:45:12.975,67.7100,1
56712975121286,15:45:12.975,67.7100,99
56729049487164,15:45:29.049,67.7000,50
56729049487164,15:45:29.049,67.7000,200
56729050566863,15:45:29.050,67.7100,100
56729050592380,15:45:29.050,67.7100,100
56729062170938,15:45:29.062,67.7200,100
56729062170938,15:45:29.062,67.7200,100
56729062197721,15:45:29.062,67.7300,100
56729062197721,15:45:29.062,67.7300,3
56729062197721,15:45:29.062,67.7300,30
56731006405688,15:45:31.006,67.7400,9
56737289327503,15:45:37.289,67.7500,10
56737289327503,15:45:37.289,67.7500,100
56737293332534,15:45:37.293,67.7600,1
56737434437363,15:45:37.434,67.7700,1
56737434437363,15:45:37.434,67.7700,5
56737434437363,15:45:37.434,67.7700,4
56755779565967,15:45:55.779,67.7700,100
56755779811481,15:45:55.779,67.7700,14
56755787512365,15:45:55.787,67.7800,100
56756345680235,15:45:56.345,67.7900,1
56756345680235,15:45:56.345,67.7900,99
56756345707365,15:45:56.345,67.7900,1
56756347004578,15:45:56.347,67.8000,100
56757034573663,15:45:57.034,67.8100,4
56769917070361,15:46:09.917,67.8100,84
56769917475848,15:46:09.917,67.8100,16
56770301244506,15:46:10.301,67.8100,1
56770302073503,15:46:10.302,67.8000,98
56777501496630,15:46:17.501,67.8000,2
56777501496630,15:46:17.501,67.8000,1
56777501496630,15:46:17.501,67.8000,1
56834006111683,15:47:14.006,67.8000,1
56834006111683,15:47:14.006,67.8000,96
56834006123715,15:47:14.006,67.8000,4
56834006127582,15:47:14.006,67.8000,4
56834006128829,15:47:14.006,67.8000,4
56834006196498,15:47:14.006,67.8000,92
56836079216737,15:47:16.079,67.7700,100
56836080243947,15:47:16.080,67.7700,100
56844460703808,15:47:24.460,67.7700,12
56844460703808,15:47:24.460,67.7700,26
56844460703808,15:47:24.460,67.7700,38
56844460703808,15:47:24.460,67.7700,24
56852656921509,15:47:32.656,67.7700,4
56852656921509,15:47:32.656,67.7700,100
56852656921509,15:47:32.656,67.7700,1
56852858728494,15:47:32.858,67.7700,1
56877272950535,15:47:57.272,67.7800,99
56877272979815,15:47:57.272,67.7800,1
56877272979815,15:47:57.272,67.7800,100
56877272979815,15:47:57.272,67.7800,100
56877272979815,15:47:57.272,67.7800,100
56877364843135,15:47:57.364,67.8000,30
56877364843135,15:47:57.364,67.8000,8
56905489779080,15:48:25.489,67.7900,100
56905489807822,15:48:25.489,67.7900,57
56905489807822,15:48:25.489,67.7900,14
56905489807822,15:48:25.489,67.7900,100
56917459366347,15:48:37.459,67.8000,100
56917459366347,15:48:37.459,67.8000,100
56917460011981,15:48:37.460,67.8000,100
56926330759969,15:48:46.330,67.7900,1
56926330874319,15:48:46.330,67.7950,100
56939126580460,15:48:59.126,67.7900,20
56939126665475,15:48:59.126,67.7900,80
56939126665475,15:48:59.126,67.7900,40
56939126665475,15:48:59.126,67.7900,3
56992262546245,15:49:52.262,67.7900,1
56992262546245,15:49:52.262,67.7900,100
56992262546245,15:49:52.262,67.7900,1
56992262546245,15:49:52.262,67.7900,1
56992262559117,15:49:52.262,67.7900,23
56992262567226,15:49:52.262,67.7900,23
56992262594540,15:49:52.262,67.7900,54
57000034329040,15:50:00.034,67.7850,100
57013329011272,15:50:13.329,67.7800,49
57013329086140,15:50:13.329,67.7800,50
57013338064853,15:50:13.338,67.7850,100
57013338064853,15:50:13.338,67.7800,1
57013338064853,15:50:13.338,67.7800,1
57013338064853,15:50:13.338,67.7800,100
57013338064853,15:50:13.338,67.7800,1
57013338064853,15:50:13.338,67.7800,1
57013338064853,15:50:13.338,67.7800,96
57013338466909,15:50:13.338,67.7800,4
57019439520253,15:50:19.439,67.7800,100
57019440029399,15:50:19.440,67.7800,100
57019443358061,15:50:19.443,67.7800,100
57019474235974,15:50:19.474,67.7900,100
57019474235974,15:50:19.474,67.7900,100
57031940495755,15:50:31.940,67.7800,100
57031940590509,15:50:31.940,67.7800,1
57048878981785,15:50:48.878,67.7700,100
57048878981785,15:50:48.878,67.7700,100
57068319596853,15:51:08.319,67.7600,100
57068319596853,15:51:08.319,67.7600,3
57068319596853,15:51:08.319,67.7600,100
57080856495335,15:51:20.856,67.7600,1
57080857486638,15:51:20.857,67.7600,100
57080866611427,15:51:20.866,67.7600,100
57080893754672,15:51:20.893,67.7700,100
57080893754672,15:51:20.893,67.7700,100
57080894077559,15:51:20.894,67.7700,100
57094420547172,15:51:34.420,67.7700,7
57096460410739,15:51:36.460,67.7800,50
57096460410739,15:51:36.460,67.7800,100
57097068923038,15:51:37.068,67.7800,71
57133750437186,15:52:13.750,67.7800,3
57137728653967,15:52:17.728,67.7800,97
57137728653967,15:52:17.728,67.7800,197
57137797947020,15:52:17.797,67.7800,3
57158238250138,15:52:38.238,67.7700,2
57158238250138,15:52:38.238,67.7700,1
57158238250138,15:52:38.238,67.7700,100
57158238250138,15:52:38.238,67.7700,100
57158240487182,15:52:38.240,67.7600,100
57158240626423,15:52:38.240,67.7600,1
57158253786759,15:52:38.253,67.7500,1
57160865037531,15:52:40.865,67.7400,100
57160865937083,15:52:40.865,67.7400,2
57170231722054,15:52:50.231,67.7300,2
57190546999488,15:53:10.546,67.7400,100
57190547019321,15:53:10.547,67.7400,49
57190547049009,15:53:10.547,67.7400,100
57190547061843,15:53:10.547,67.7400,34
57190547073603,15:53:10.547,67.7400,17
57190811830097,15:53:10.811,67.7600,100
57190811830097,15:53:10.811,67.7600,40
57246649849680,15:54:06.649,67.7750,100
57247501116245,15:54:07.501,67.7750,100
57247501237863,15:54:07.501,67.7800,397
57247501237863,15:54:07.501,67.7800,100
57247501237863,15:54:07.501,67.7800,100
57247501237863,15:54:07.501,67.7800,100
57247879288391,15:54:07.879,67.7800,100
57257170977753,15:54:17.170,67.8300,3
57263048695498,15:54:23.048,67.8300,50
57270012300863,15:54:30.012,67.8500,5
57272014334532,15:54:32.014,67.8600,100
57283444799837,15:54:43.444,67.8500,100
57283444826069,15:54:43.444,67.8500,100
57283444826069,15:54:43.444,67.8500,1
57292212801739,15:54:52.212,67.8500,50
57292212801739,15:54:52.212,67.8500,1
57292212801739,15:54:52.212,67.8500,100
57292213405644,15:54:52.213,67.8500,40
57292213405644,15:54:52.213,67.8500,40
57292214441698,15:54:52.214,67.8400,100
57292220506111,15:54:52.220,67.8400,100
57292226961136,15:54:52.226,67.8500,69
57292228699486,15:54:52.228,67.8500,279
57300026778964,15:55:00.026,67.8500,17
57300026969162,15:55:00.026,67.8500,83
57300033991561,15:55:00.033,67.8600,11
57300035639960,15:55:00.035,67.8600,8
57300035847556,15:55:00.035,67.8600,5
57300035971895,15:55:00.035,67.8600,3
57300036108672,15:55:00.036,67.8600,2
57300036238548,15:55:00.036,67.8600,2
57300036393325,15:55:00.036,67.8600,1
57300036562909,15:55:00.036,67.8600,1
57300036660895,15:55:00.036,67.8600,34
57300036760221,15:55:00.036,67.8600,22
57300935120317,15:55:00.935,67.8700,100
57315012782127,15:55:15.012,67.9000,5
57315012782127,15:55:15.012,67.9000,95
57315013483355,15:55:15.013,67.9000,5
57318977945615,15:55:18.977,67.8950,100
57318977955533,15:55:18.977,67.8900,24
57320290412555,15:55:20.290,67.8900,1
57320290412555,15:55:20.290,67.8900,99
57320290442941,15:55:20.290,67.8900,1
57322743396245,15:55:22.743,67.8800,100
57328447975871,15:55:28.447,67.8900,100
57343587751142,15:55:43.587,67.9000,100
57343587751142,15:55:43.587,67.9000,3
57343588195914,15:55:43.588,67.9000,97
57344001493233,15:55:44.001,67.9100,30
57344729654192,15:55:44.729,67.9100,70
57344767793557,15:55:44.767,67.9200,2
57349863243839,15:55:49.863,67.9200,2
57350083225158,15:55:50.083,67.9300,8
57352382219769,15:55:52.382,67.9400,5
57358518782703,15:55:58.518,67.9300,100
57359912948635,15:55:59.912,67.9200,25
57359912948635,15:55:59.912,67.9200,1
57359912948635,15:55:59.912,67.9200,1
57359913127167,15:55:59.913,67.9200,100
57363704799473,15:56:03.704,67.9100,65
57363704799473,15:56:03.704,67.9100,35
57369726426913,15:56:09.726,67.9200,100
57374913518318,15:56:14.913,67.9300,100
57374913518318,15:56:14.913,67.9300,100
57375084924086,15:56:15.084,67.9300,11
57380465225676,15:56:20.465,67.9300,100
57398584762163,15:56:38.584,67.9400,100
57398584800080,15:56:38.584,67.9400,100
57398640968185,15:56:38.640,67.9400,43
57399244635129,15:56:39.244,67.9400,2
57399911058994,15:56:39.911,67.9400,36
57399911058994,15:56:39.911,67.9400,100
57399911058994,15:56:39.911,67.9400,3
57405163835511,15:56:45.163,67.9350,100
57418384115542,15:56:58.384,67.9350,100
57418772949787,15:56:58.772,67.9400,2
57420069421359,15:57:00.069,67.9400,98
57420069421359,15:57:00.069,67.9400,60
57420072660330,15:57:00.072,67.9400,77
57420072660330,15:57:00.072,67.9400,17
57420087323755,15:57:00.087,67.9300,1
57420087323755,15:57:00.087,67.9300,1
57420087323755,15:57:00.087,67.9300,98
57420087431811,15:57:00.087,67.9300,2
57420087431811,15:57:00.087,67.9300,2
57422164833102,15:57:02.164,67.9400,5
57444684629294,15:57:24.684,67.9400,48
57446233087820,15:57:26.233,67.9400,1
57446254140035,15:57:26.254,67.9400,100
57446254140035,15:57:26.254,67.9400,42
57452490504022,15:57:32.490,67.9400,100
57463682997445,15:57:43.682,67.9500,3
57465980347480,15:57:45.980,67.9500,2
57468118049566,15:57:48.118,67.9400,1
57468118401472,15:57:48.118,67.9400,53
57468126354946,15:57:48.126,67.9300,75
57468160135153,15:57:48.160,67.9400,47
57468160135153,15:57:48.160,67.9400,100
57468166760326,15:57:48.166,67.9400,100
57468166760326,15:57:48.166,67.9400,50
57468177947316,15:57:48.177,67.9400,50
57485082650718,15:58:05.082,67.9300,1
57485082650718,15:58:05.082,67.9300,99
57509912002970,15:58:29.912,67.9400,50
57509912002970,15:58:29.912,67.9400,10
57509912002970,15:58:29.912,67.9400,100
57509912002970,15:58:29.912,67.9400,100
57509912002970,15:58:29.912,67.9400,100
57509919474974,15:58:29.919,67.9500,198
57509919474974,15:58:29.919,67.9500,100
57509919474974,15:58:29.919,67.9500,137
57509919474974,15:58:29.919,67.9500,100
57513252665070,15:58:33.252,67.9500,7
57514356041510,15:58:34.356,67.9500,2
57517412288831,15:58:37.412,67.9400,100
57517412288831,15:58:37.412,67.9400,100
57517412288831,15:58:37.412,67.9400,100
57517412320904,15:58:37.412,67.9400,80
57517412320904,15:58:37.412,67.9400,1
57517821993608,15:58:37.821,67.9400,35
57533569146595,15:58:53.569,67.9500,91
57533569146595,15:58:53.569,67.9500,100
57533569146595,15:58:53.569,67.9500,100
57533569146595,15:58:53.569,67.9500,82
57533569553422,15:58:53.569,67.9500,18
57535518758019,15:58:55.518,67.9600,2
57535518758019,15:58:55.518,67.9600,7
57539498848836,15:58:59.498,67.9600,100
57539498873114,15:58:59.498,67.9600,100
57539671609789,15:58:59.671,67.9600,100
57539671609789,15:58:59.671,67.9600,100
57540075659080,15:59:00.075,67.9600,2
57543590127879,15:59:03.590,67.9600,100
57553644573623,15:59:13.644,67.9700,2
57557632064215,15:59:17.632,67.9700,100
57557632709991,15:59:17.632,67.9700,15
57560238009503,15:59:20.238,67.9600,100
57560239608217,15:59:20.239,67.9600,22
57560562931400,15:59:20.562,67.9600,100
57560563421210,15:59:20.563,67.9600,100
57560563593783,15:59:20.563,67.9600,100
57560563903653,15:59:20.563,67.9600,100
57565042890877,15:59:25.042,67.9800,100
57565042890877,15:59:25.042,67.9800,100
57565043063306,15:59:25.043,67.9800,200
57565043665559,15:59:25.043,67.9800,20
57566628706891,15:59:26.628,67.9900,3
57566628706891,15:59:26.628,67.9900,67
57566633845814,15:59:26.633,67.9900,33
57575644510317,15:59:35.644,68.0100,2
57585599851395,15:59:45.599,68.0000,98
57585599878208,15:59:45.599,68.0000,2
57588504722734,15:59:48.504,67.9800,70
57588504748785,15:59:48.504,67.9800,30
57590048153821,15:59:50.048,67.9700,5
57592012393387,15:59:52.012,67.9600,100
57595039147337,15:59:55.039,67.9600,30
57600618447334,16:00:00.618,0.0000,0
