timestamp,time,price,volume
34200819850561,09:30:00.819,2.0200,4310
34423596369519,09:33:43.596,2.0200,1
34423596369519,09:33:43.596,2.0200,100
34448191394526,09:34:08.191,2.0200,100
34522425696606,09:35:22.425,2.0200,100
34522425696606,09:35:22.425,2.0200,400
34522425721199,09:35:22.425,2.0200,500
34522444681094,09:35:22.444,2.0100,100
34573326440202,09:36:13.326,2.0000,34
34616537252423,09:36:56.537,2.0050,400
34616537252423,09:36:56.537,2.0100,100
34616537252423,09:36:56.537,2.0100,100
34616587244857,09:36:56.587,2.0100,100
34637855583686,09:37:17.855,2.0200,100
34654423754030,09:37:34.423,2.0200,100
34654423754030,09:37:34.423,2.0200,100
34654443515284,09:37:34.443,2.0100,100
34654443515284,09:37:34.443,2.0100,100
34654443515284,09:37:34.443,2.0100,400
34654463116560,09:37:34.463,2.0050,400
34654463116560,09:37:34.463,2.0000,66
34654463116560,09:37:34.463,2.0000,100
34654463116560,09:37:34.463,2.0000,1134
34654463310862,09:37:34.463,2.0000,200
34661938606390,09:37:41.938,2.0050,100
34661939165555,09:37:41.939,2.0050,300
34661939165555,09:37:41.939,2.0050,100
34661946374093,09:37:41.946,2.0100,100
34728644719114,09:38:48.644,2.0300,100
34863868669915,09:41:03.868,2.0200,2000
34863868669915,09:41:03.868,2.0200,100
34863868783245,09:41:03.868,2.0200,100
34863868808052,09:41:03.868,2.0200,100
34863868811513,09:41:03.868,2.0200,100
34863869187541,09:41:03.869,2.0200,100
34863869201951,09:41:03.869,2.0200,100
34863869274449,09:41:03.869,2.0200,200
35018495863776,09:43:38.495,2.0200,87
35018495886980,09:43:38.495,2.0200,13
35256465410757,09:47:36.465,2.0200,100
35256465410757,09:47:36.465,2.0200,100
35514274063736,09:51:54.274,2.0200,100
35609233456600,09:53:29.233,2.0200,100
35917088857557,09:58:37.088,2.0200,34
35917088896093,09:58:37.088,2.0200,66
35917088896093,09:58:37.088,2.0200,17
35926330610435,09:58:46.330,2.0200,100
35926330610435,09:58:46.330,2.0200,100
35926330610435,09:58:46.330,2.0200,400
35926330610435,09:58:46.330,2.0200,200
36135151497785,10:02:15.151,2.0200,100
36135151497785,10:02:15.151,2.0200,100
36182164753650,10:03:02.164,2.0200,100
36305686714488,10:05:05.686,2.0100,100
36305686714488,10:05:05.686,2.0100,100
36305686714488,10:05:05.686,2.0100,100
36496267294617,10:08:16.267,2.0100,100
36612494341792,10:10:12.494,2.0300,1
36612494341792,10:10:12.494,2.0300,99
36612494785345,10:10:12.494,2.0300,1
36734131590534,10:12:14.131,2.0300,100
36841459647241,10:14:01.459,2.0400,100
37022170864390,10:17:02.170,2.0400,100
37022170864390,10:17:02.170,2.0400,100
37022170864390,10:17:02.170,2.0400,100
37023901210455,10:17:03.901,2.0400,100
37023901210455,10:17:03.901,2.0400,100
37023901210455,10:17:03.901,2.0400,100
37023901210455,10:17:03.901,2.0400,100
37023901240604,10:17:03.901,2.0400,300
37208357970825,10:20:08.357,2.0350,100
37334927746082,10:22:14.927,2.0400,100
37421491625651,10:23:41.491,2.0500,100
37510437637511,10:25:10.437,2.0600,10
37914128248642,10:31:54.128,2.0600,190
37914128248642,10:31:54.128,2.0600,10
37914128335482,10:31:54.128,2.0600,90
37914128335482,10:31:54.128,2.0600,10
37914128587685,10:31:54.128,2.0600,15
37914128587685,10:31:54.128,2.0600,100
37967685739188,10:32:47.685,2.0700,100
37972132852340,10:32:52.132,2.0800,100
37972132852340,10:32:52.132,2.0800,100
37972132852340,10:32:52.132,2.0800,100
38246167431835,10:37:26.167,2.0800,100
38538041348132,10:42:18.041,2.0750,200
38538048253671,10:42:18.048,2.0700,100
38538048253671,10:42:18.048,2.0700,100
38538048253671,10:42:18.048,2.0700,100
38538048253671,10:42:18.048,2.0700,100
38538048253671,10:42:18.048,2.0700,1853
38538048253671,10:42:18.048,2.0700,1325
38538049311518,10:42:18.049,2.0700,100
38538049311518,10:42:18.049,2.0700,92
38538049311518,10:42:18.049,2.0700,100
38538049311518,10:42:18.049,2.0700,100
38538170276756,10:42:18.170,2.0750,100
38538170276756,10:42:18.170,2.0750,400
38538170276756,10:42:18.170,2.0800,100
38538170276756,10:42:18.170,2.0800,100
38538170276756,10:42:18.170,2.0800,100
38600171460559,10:43:20.171,2.0750,100
38600171460559,10:43:20.171,2.0750,100
38651374325980,10:44:11.374,2.0700,100
38651374325980,10:44:11.374,2.0700,100
38651374325980,10:44:11.374,2.0700,100
38651374325980,10:44:11.374,2.0700,100
38652171152831,10:44:12.171,2.0700,100
38652171152831,10:44:12.171,2.0700,100
38652171152831,10:44:12.171,2.0700,85
38716883445398,10:45:16.883,2.0700,100
38991756836214,10:49:51.756,2.0700,100
38991756860302,10:49:51.756,2.0700,100
39151178609091,10:52:31.178,2.0600,100
39472559139353,10:57:52.559,2.0500,100
39501483701246,10:58:21.483,2.0500,200
39501483778421,10:58:21.483,2.0500,100
39587213660177,10:59:47.213,2.0500,100
39968338621587,11:06:08.338,2.0500,100
39968338621587,11:06:08.338,2.0500,92
39968338621587,11:06:08.338,2.0500,21
39977498693849,11:06:17.498,2.0450,400
40318262006551,11:11:58.262,2.0400,100
40318262006551,11:11:58.262,2.0400,100
40408233076845,11:13:28.233,2.0400,100
40703163049648,11:18:23.163,2.0400,100
40703163049648,11:18:23.163,2.0400,50
40970154363642,11:22:50.154,2.0300,100
41235450198860,11:27:15.450,2.0300,100
41235450198860,11:27:15.450,2.0300,100
41376930142479,11:29:36.930,2.0350,100
41769120663314,11:36:09.120,2.0300,100
41784138846093,11:36:24.138,2.0300,200
42910533404246,11:55:10.533,2.0400,100
42910533404246,11:55:10.533,2.0400,100
42910533404246,11:55:10.533,2.0400,100
42910533727462,11:55:10.533,2.0400,100
43033437140144,11:57:13.437,2.0500,100
43033437140144,11:57:13.437,2.0500,100
43033437140144,11:57:13.437,2.0500,100
43033437140144,11:57:13.437,2.0500,100
43041765222376,11:57:21.765,2.0550,200
43041765222376,11:57:21.765,2.0550,100
43234263832809,12:00:34.263,2.0500,100
43449196917553,12:04:09.196,2.0550,200
43449196917553,12:04:09.196,2.0550,200
43449196917553,12:04:09.196,2.0500,200
43449196917553,12:04:09.196,2.0500,100
43449196917553,12:04:09.196,2.0500,100
43449196917553,12:04:09.196,2.0500,100
43449196917553,12:04:09.196,2.0500,100
43449196917553,12:04:09.196,2.0500,200
43449198095489,12:04:09.198,2.0500,100
43449198095489,12:04:09.198,2.0500,200
43449198095489,12:04:09.198,2.0500,200
43449199109586,12:04:09.199,2.0500,100
43449306797668,12:04:09.306,2.0500,700
43611635508606,12:06:51.635,2.0450,400
43611635508606,12:06:51.635,2.0450,200
43611635508606,12:06:51.635,2.0450,200
43611635508606,12:06:51.635,2.0400,1700
44081244428242,12:14:41.244,2.0500,100
44081244428242,12:14:41.244,2.0500,100
44081244428242,12:14:41.244,2.0500,700
44163305537432,12:16:03.305,2.0500,1700
44163305995741,12:16:03.305,2.0500,100
46340979802258,12:52:20.979,2.0600,100
46351961968727,12:52:31.961,2.0600,200
46351961968727,12:52:31.961,2.0600,100
46351961968727,12:52:31.961,2.0600,100
46351961968727,12:52:31.961,2.0600,100
46351961968727,12:52:31.961,2.0600,100
46351961968727,12:52:31.961,2.0600,100
46351962526474,12:52:31.962,2.0600,100
46351962526474,12:52:31.962,2.0600,100
46351962526474,12:52:31.962,2.0600,400
46585236203539,12:56:25.236,2.0600,100
47145243619996,13:05:45.243,2.0600,100
47145243619996,13:05:45.243,2.0600,100
47145243619996,13:05:45.243,2.0600,100
47145243619996,13:05:45.243,2.0600,100
47201919397211,13:06:41.919,2.0700,100
47201919397211,13:06:41.919,2.0700,100
47201919397211,13:06:41.919,2.0700,100
47201919397211,13:06:41.919,2.0700,100
47201919551413,13:06:41.919,2.0700,100
47786234060823,13:16:26.234,2.0800,100
47786234060823,13:16:26.234,2.0800,1
47786234060823,13:16:26.234,2.0800,100
47786234060823,13:16:26.234,2.0800,25
47786234060823,13:16:26.234,2.0800,100
47786234060823,13:16:26.234,2.0800,100
47786234060823,13:16:26.234,2.0800,100
47786234060823,13:16:26.234,2.0800,100
47786234060823,13:16:26.234,2.0800,1474
47786234124405,13:16:26.234,2.0800,26
47786236003385,13:16:26.236,2.0800,100
47786236283536,13:16:26.236,2.0800,100
47786236812169,13:16:26.236,2.0800,100
47891455758921,13:18:11.455,2.0900,50
47891455758921,13:18:11.455,2.0900,100
47891455758921,13:18:11.455,2.0900,600
47891455927813,13:18:11.455,2.0900,100
48040228636002,13:20:40.228,2.0900,100
48045700935754,13:20:45.700,2.0900,900
48045701379320,13:20:45.701,2.0900,545
48045701385099,13:20:45.701,2.0900,296
48045701395588,13:20:45.701,2.0900,259
48045701395588,13:20:45.701,2.0900,38
48045701713680,13:20:45.701,2.0900,62
48045701713680,13:20:45.701,2.0900,100
48112786619538,13:21:52.786,2.0900,100
48112786619538,13:21:52.786,2.0900,100
48134860374924,13:22:14.860,2.0950,200
48452365264464,13:27:32.365,2.1000,100
48527764637766,13:28:47.764,2.1000,100
49444348973226,13:44:04.348,2.0900,100
49444348973226,13:44:04.348,2.0900,22
49444348973226,13:44:04.348,2.0900,100
49444352798315,13:44:04.352,2.0800,100
49444352798315,13:44:04.352,2.0800,200
49444352798315,13:44:04.352,2.0800,425
49444352798315,13:44:04.352,2.0800,400
49444352798315,13:44:04.352,2.0800,400
49444352798315,13:44:04.352,2.0800,200
49444352798315,13:44:04.352,2.0800,1500
49444352994427,13:44:04.352,2.0800,1300
49444371108557,13:44:04.371,2.0800,200
49444371108557,13:44:04.371,2.0800,100
49444371108557,13:44:04.371,2.0800,300
49444380447469,13:44:04.380,2.0800,2700
49444380447469,13:44:04.380,2.0800,500
49444380447469,13:44:04.380,2.0800,200
49444380447469,13:44:04.380,2.0800,200
49444380447469,13:44:04.380,2.0800,100
49444380447469,13:44:04.380,2.0800,700
49444380447469,13:44:04.380,2.0800,1000
49444380447469,13:44:04.380,2.0800,300
49444380515182,13:44:04.380,2.0800,200
49444380626662,13:44:04.380,2.0800,100
49444380937989,13:44:04.380,2.0800,300
49444419736635,13:44:04.419,2.0700,100
49444419736635,13:44:04.419,2.0700,200
49444419736635,13:44:04.419,2.0700,843
49444419736635,13:44:04.419,2.0700,700
49444419736635,13:44:04.419,2.0700,457
49444434686086,13:44:04.434,2.0700,843
49444434726330,13:44:04.434,2.0700,400
49446406826225,13:44:06.406,2.0700,500
49446406826225,13:44:06.406,2.0700,200
49446406826225,13:44:06.406,2.0700,400
49446406826225,13:44:06.406,2.0700,300
49446406826225,13:44:06.406,2.0700,600
49446406901741,13:44:06.406,2.0700,400
49446406901741,13:44:06.406,2.0700,100
49457685709072,13:44:17.685,2.0800,100
49457685709072,13:44:17.685,2.0800,300
49457685709072,13:44:17.685,2.0800,400
49457685709072,13:44:17.685,2.0800,100
49457685709072,13:44:17.685,2.0800,100
49769169105163,13:49:29.169,2.0850,200
49769171032164,13:49:29.171,2.0850,200
49769171032164,13:49:29.171,2.0850,200
49769181367320,13:49:29.181,2.0800,23
50086987280565,13:54:46.987,2.0800,100
50086987438317,13:54:46.987,2.0800,100
50266572074531,13:57:46.572,2.0700,200
50297200571503,13:58:17.200,2.0800,100
50364249973993,13:59:24.249,2.0800,100
50430665881327,14:00:30.665,2.0900,100
50432465105915,14:00:32.465,2.0900,100
51025920220407,14:10:25.920,2.0950,100
51025920220407,14:10:25.920,2.0950,100
51025920220407,14:10:25.920,2.0950,400
51025920220407,14:10:25.920,2.1000,700
51067340679594,14:11:07.340,2.1000,2900
51067340761825,14:11:07.340,2.1000,5100
51067340761825,14:11:07.340,2.1000,3000
51067340761825,14:11:07.340,2.1000,50
51067340761825,14:11:07.340,2.1000,600
51067340761825,14:11:07.340,2.1000,25
51067340761825,14:11:07.340,2.1000,100
51067340761825,14:11:07.340,2.1000,100
51067340900378,14:11:07.340,2.1000,100
51128191757335,14:12:08.191,2.1100,300
51128192214879,14:12:08.192,2.1100,50
51128192226018,14:12:08.192,2.1100,100
51128192226018,14:12:08.192,2.1100,100
51128192226018,14:12:08.192,2.1100,100
51128192226018,14:12:08.192,2.1100,100
51193655401707,14:13:13.655,2.1150,100
51227089558275,14:13:47.089,2.1150,100
51452204200057,14:17:32.204,2.1200,25
51452204200057,14:17:32.204,2.1200,75
51523085116677,14:18:43.085,2.1200,25
51523085116677,14:18:43.085,2.1200,75
51743062952293,14:22:23.062,2.1200,25
51743062952293,14:22:23.062,2.1200,75
51905616600742,14:25:05.616,2.1150,100
51905617420448,14:25:05.617,2.1150,60
52063143131171,14:27:43.143,2.1100,100
52063143155631,14:27:43.143,2.1100,25
52063143155631,14:27:43.143,2.1100,100
52261707328581,14:31:01.707,2.1050,200
52417860817911,14:33:37.860,2.0900,100
53250890542507,14:47:30.890,2.0850,100
53340818621498,14:49:00.818,2.0900,100
53595678022861,14:53:15.678,2.0900,19
53595678381842,14:53:15.678,2.0900,4
53595678393001,14:53:15.678,2.0900,3
53595678399062,14:53:15.678,2.0900,4
53595678401280,14:53:15.678,2.0900,2
53595678401858,14:53:15.678,2.0900,5
53595678405275,14:53:15.678,2.0900,7
53595678405757,14:53:15.678,2.0900,16
53595678406526,14:53:15.678,2.0900,6
53595678406936,14:53:15.678,2.0900,5
53595678407458,14:53:15.678,2.0900,3
53595678418231,14:53:15.678,2.0900,5
53595678421975,14:53:15.678,2.0900,10
53595678422681,14:53:15.678,2.0900,4
53595678427838,14:53:15.678,2.0900,1
53595678428305,14:53:15.678,2.0900,11
53595678433516,14:53:15.678,2.0900,4
53800937378902,14:56:40.937,2.0900,3
53800937645001,14:56:40.937,2.0900,8
53800937645489,14:56:40.937,2.0900,1
53800937646118,14:56:40.937,2.0900,3
53800937679099,14:56:40.937,2.0900,10
53800937689996,14:56:40.937,2.0900,6
53800937736880,14:56:40.937,2.0900,4
53800937862637,14:56:40.937,2.0900,3
53800937885396,14:56:40.937,2.0900,3
53800937889385,14:56:40.937,2.0900,5
53800937900703,14:56:40.937,2.0900,2
53800938088215,14:56:40.938,2.0900,10
53800938098971,14:56:40.938,2.0900,5
53800938102541,14:56:40.938,2.0900,5
53800938140244,14:56:40.938,2.0900,2
53800938174745,14:56:40.938,2.0900,5
53800938288914,14:56:40.938,2.0900,6
53800938289603,14:56:40.938,2.0900,1
53800938301402,14:56:40.938,2.0900,5
53800938453824,14:56:40.938,2.0900,5
53800938671885,14:56:40.938,2.0900,5
53800938675474,14:56:40.938,2.0900,4
53800938966618,14:56:40.938,2.0900,6
53800939710479,14:56:40.939,2.0900,84
53800939710479,14:56:40.939,2.0900,44
53801565272505,14:56:41.565,2.0900,1056
53801565272505,14:56:41.565,2.0900,100
53801565272505,14:56:41.565,2.0900,100
53801565272505,14:56:41.565,2.0900,100
53956779619384,14:59:16.779,2.1000,100
53956779619384,14:59:16.779,2.1000,100
53956779619384,14:59:16.779,2.1000,100
53956780626410,14:59:16.780,2.1100,6
53956780989412,14:59:16.780,2.1100,7
53959082853530,14:59:19.082,2.1050,800
53959082853530,14:59:19.082,2.1050,200
53959082853530,14:59:19.082,2.1050,200
53959082853530,14:59:19.082,2.1050,200
54028469030694,15:00:28.469,2.1100,405
54028469090061,15:00:28.469,2.1100,150
54030607678376,15:00:30.607,2.1050,200
54120781242973,15:02:00.781,2.1050,25
54120781292963,15:02:00.781,2.1050,26
54120781604320,15:02:00.781,2.1050,2
54120786032789,15:02:00.786,2.1050,2
54120988094369,15:02:00.988,2.1050,26
54123221078001,15:02:03.221,2.1050,19
54152785358649,15:02:32.785,2.1050,23
54152785684414,15:02:32.785,2.1050,11
54152785695474,15:02:32.785,2.1050,5
54152785702461,15:02:32.785,2.1050,1
54152785706011,15:02:32.785,2.1050,1
54152785712926,15:02:32.785,2.1050,8
54152785713395,15:02:32.785,2.1050,7
54152785720942,15:02:32.785,2.1050,2
54152785721942,15:02:32.785,2.1050,13
54152785722773,15:02:32.785,2.1050,21
54152785724762,15:02:32.785,2.1050,3
54152785725323,15:02:32.785,2.1050,5
54152785732471,15:02:32.785,2.1100,16
54152785747721,15:02:32.785,2.1100,2
54156525491458,15:02:36.525,2.1050,4
54156525629950,15:02:36.525,2.1050,6
54156525987380,15:02:36.525,2.1050,6
54156526488198,15:02:36.526,2.1050,18
54156526602225,15:02:36.526,2.1050,10
54156526631728,15:02:36.526,2.1050,6
54156526665391,15:02:36.526,2.1050,11
54156526989840,15:02:36.526,2.1050,5
54156527152958,15:02:36.527,2.1050,5
54159904603618,15:02:39.904,2.1050,8
54159904603618,15:02:39.904,2.1050,3
54159904603618,15:02:39.904,2.1050,18
54225929941625,15:03:45.929,2.1000,100
54225929941625,15:03:45.929,2.1000,200
54225929941625,15:03:45.929,2.1000,100
54225929941625,15:03:45.929,2.1000,100
54225929941625,15:03:45.929,2.1000,1200
54225930044420,15:03:45.930,2.1000,100
54225930467829,15:03:45.930,2.1000,98
54225930720783,15:03:45.930,2.1000,100
54225930720783,15:03:45.930,2.1000,500
54225930791196,15:03:45.930,2.1000,300
54225930793838,15:03:45.930,2.1000,300
54225930793838,15:03:45.930,2.1000,500
54245307617158,15:04:05.307,2.0950,16
54245358487844,15:04:05.358,2.0950,5
54245438619108,15:04:05.438,2.0950,10
54245512876979,15:04:05.512,2.0950,15
54246322992942,15:04:06.322,2.0950,21
54246413102001,15:04:06.413,2.0950,5
54246413552755,15:04:06.413,2.0950,5
54246414024498,15:04:06.414,2.0950,10
54246672075611,15:04:06.672,2.0950,6
54257144699656,15:04:17.144,2.0950,1
54261316963160,15:04:21.316,2.0950,6
54261593865529,15:04:21.593,2.0950,1
54261595788114,15:04:21.595,2.0950,26
54271886407407,15:04:31.886,2.0950,5
54271889681594,15:04:31.889,2.0950,5
54284717188095,15:04:44.717,2.0950,26
54284717294195,15:04:44.717,2.0950,10
54338608232797,15:05:38.608,2.0950,4
54343068462660,15:05:43.068,2.0950,15
54343068767150,15:05:43.068,2.0950,7
55123301565510,15:18:43.301,2.0900,100
55277176141359,15:21:17.176,2.0900,200
55340170217324,15:22:20.170,2.0900,100
55341220878930,15:22:21.220,2.0900,100
55673328081527,15:27:53.328,2.0950,800
55673328081527,15:27:53.328,2.0950,100
55673328081527,15:27:53.328,2.0950,100
55673328081527,15:27:53.328,2.1000,600
55673328081527,15:27:53.328,2.1000,100
55673328081527,15:27:53.328,2.1000,300
55673328081527,15:27:53.328,2.1000,400
55673328081527,15:27:53.328,2.1000,100
55673328081527,15:27:53.328,2.1000,200
55673328081527,15:27:53.328,2.1000,300
55676983856234,15:27:56.983,2.1000,100
55676983856234,15:27:56.983,2.1000,62
55676983929760,15:27:56.983,2.1000,38
55679956370995,15:27:59.956,2.1050,100
55679957758484,15:27:59.957,2.1050,200
55679958327164,15:27:59.958,2.1050,300
56090716991698,15:34:50.716,2.1050,200
56090716991698,15:34:50.716,2.1050,200
56090716991698,15:34:50.716,2.1050,200
56090728402575,15:34:50.728,2.1000,400
56090728402575,15:34:50.728,2.1000,300
56090728402575,15:34:50.728,2.1000,500
56090728402575,15:34:50.728,2.1000,100
56090728402575,15:34:50.728,2.1000,100
56090728402575,15:34:50.728,2.1000,500
56090728402575,15:34:50.728,2.1000,100
56505926906352,15:41:45.926,2.0950,91
57346262422548,15:55:46.262,2.1000,100
57346262641249,15:55:46.262,2.1000,200
57384274951149,15:56:24.274,2.0950,200
57384274951149,15:56:24.274,2.0950,200
57384274951149,15:56:24.274,2.0950,200
57384333714857,15:56:24.333,2.0950,200
57384333714857,15:56:24.333,2.0950,200
57384333714857,15:56:24.333,2.0950,100
57384333714857,15:56:24.333,2.0950,700
57385246740922,15:56:25.246,2.0950,100
57385246740922,15:56:25.246,2.0900,1100
57385246740922,15:56:25.246,2.0900,278
57385246740922,15:56:25.246,2.0900,222
57386181408248,15:56:26.181,2.0950,100
57386181408248,15:56:26.181,2.0900,378
57386181408248,15:56:26.181,2.0900,500
57386181408248,15:56:26.181,2.0900,222
57466455102052,15:57:46.455,2.0950,100
57496508073581,15:58:16.508,2.1000,1100
57540137907224,15:59:00.137,2.1000,500
57540137907224,15:59:00.137,2.1000,100
57540137907224,15:59:00.137,2.1000,900
57540137907224,15:59:00.137,2.1000,1000
57540137955740,15:59:00.137,2.1000,100
57540139025342,15:59:00.139,2.1000,37
57540139029194,15:59:00.139,2.1000,37
57540139031391,15:59:00.139,2.1000,75
57540139063100,15:59:00.139,2.1000,251
57540139063100,15:59:00.139,2.1000,200
57540139063100,15:59:00.139,2.1000,100
57540139063100,15:59:00.139,2.1000,100
57540139173449,15:59:00.139,2.1000,83
57540139980652,15:59:00.139,2.1000,500
57540139980652,15:59:00.139,2.1000,150
57541175144711,15:59:01.175,2.1050,100
57545136848995,15:59:05.136,2.1050,700
57545136848995,15:59:05.136,2.1050,600
57545136848995,15:59:05.136,2.1050,400
57545136848995,15:59:05.136,2.1050,100
57545136848995,15:59:05.136,2.1100,700
57545889833146,15:59:05.889,2.1050,32
57550136905671,15:59:10.136,2.1050,100
57550136905671,15:59:10.136,2.1050,600
57550136905671,15:59:10.136,2.1050,400
57550136905671,15:59:10.136,2.1100,1400
57555136829230,15:59:15.136,2.1050,100
57555136829230,15:59:15.136,2.1050,600
57555136829230,15:59:15.136,2.1100,1327
57555136829230,15:59:15.136,2.1100,473
57556884405954,15:59:16.884,2.1050,168
57556884405954,15:59:16.884,2.1050,200
57556884405954,15:59:16.884,2.1050,200
57556884405954,15:59:16.884,2.1050,332
57556887833106,15:59:16.887,2.1050,468
57556887833106,15:59:16.887,2.1050,532
57557663917074,15:59:17.663,2.1050,68
57557663917074,15:59:17.663,2.1050,32
57560136826390,15:59:20.136,2.1050,100
57560136826390,15:59:20.136,2.1050,400
57560136826390,15:59:20.136,2.1050,700
57560136826390,15:59:20.136,2.1100,1300
57565136854814,15:59:25.136,2.1050,200
57565136854814,15:59:25.136,2.1050,800
57565136854814,15:59:25.136,2.1100,1500
57566123578798,15:59:26.123,2.1050,38
57566123578798,15:59:26.123,2.1050,62
57570136854183,15:59:30.136,2.1050,100
57570136854183,15:59:30.136,2.1050,100
57570136854183,15:59:30.136,2.1050,100
57570136854183,15:59:30.136,2.1100,195
57570136854183,15:59:30.136,2.1100,1200
57570136854183,15:59:30.136,2.1100,600
57570136854183,15:59:30.136,2.1100,5
57570136854183,15:59:30.136,2.1100,128
57570174756429,15:59:30.174,2.1050,100
57578173560727,15:59:38.173,2.1050,100
57587173219339,15:59:47.173,2.1050,100
57590115313429,15:59:50.115,2.1000,12
57590115418552,15:59:50.115,2.1000,154
57590184984844,15:59:50.184,2.1050,100
57595820328905,15:59:55.820,2.1050,100
57595820328905,15:59:55.820,2.1100,1200
57598025566065,15:59:58.025,2.1050,200
57599787460403,15:59:59.787,2.1050,200
57599787460403,15:59:59.787,2.1000,500
57599787460403,15:59:59.787,2.1000,794
57599787460403,15:59:59.787,2.1000,529
57599787460403,15:59:59.787,2.1000,658
57599795060722,15:59:59.795,2.1000,84
57599795060722,15:59:59.795,2.1000,183
57599898603649,15:59:59.898,2.1100,200
57600386021251,16:00:00.386,2.1000,80852
