timestamp,time,price,volume
34200045327689,09:30:00.045,70.7200,100
34200899105356,09:30:00.899,0.0000,0
34212333112584,09:30:12.333,70.6800,274
34226080315803,09:30:26.080,70.6500,100
34226082385963,09:30:26.082,70.6100,100
34226082459595,09:30:26.082,70.6000,100
34313318951323,09:31:53.318,70.3100,200
34381224487075,09:33:01.224,70.2500,184
34402220979290,09:33:22.220,70.1300,100
34402220979290,09:33:22.220,70.1300,41
34402220992350,09:33:22.220,70.1200,10
34402224335838,09:33:22.224,70.0600,30
34402224335838,09:33:22.224,70.0700,70
34402229540038,09:33:22.229,70.0700,30
34403544208502,09:33:23.544,70.1600,100
34403544208502,09:33:23.544,70.1600,29
34439394916771,09:33:59.394,70.1900,55
34451098098899,09:34:11.098,70.2000,55
34510536132460,09:35:10.536,70.2000,6
34526724841321,09:35:26.724,70.3000,3
34526724841321,09:35:26.724,70.3000,37
34526724841321,09:35:26.724,70.3000,100
34528231845661,09:35:28.231,70.2800,57
34535849032729,09:35:35.849,70.3700,28
34535849573150,09:35:35.849,70.3500,100
34536174187152,09:35:36.174,70.3800,100
34536174187152,09:35:36.174,70.3800,100
34536174597392,09:35:36.174,70.3600,100
34536175136007,09:35:36.175,70.3800,100
34536175136007,09:35:36.175,70.3800,100
34536175406389,09:35:36.175,70.3700,10
34536176166954,09:35:36.176,70.3600,100
34536177216058,09:35:36.177,70.3300,100
34536190040450,09:35:36.190,70.3300,10
34536191071222,09:35:36.191,70.3400,71
34536191459544,09:35:36.191,70.3200,100
34536994455158,09:35:36.994,70.2400,100
34541222509725,09:35:41.222,70.2300,300
34541222537575,09:35:41.222,70.2300,94
34543599011885,09:35:43.599,70.2500,100
34565747421415,09:36:05.747,70.2900,20
34565747502576,09:36:05.747,70.3100,100
34565748620499,09:36:05.748,70.2900,100
34565748620499,09:36:05.748,70.2900,100
34645799603586,09:37:25.799,70.2700,10
34645800073436,09:37:25.800,70.2800,200
34645800319229,09:37:25.800,70.2900,20
34645801005307,09:37:25.801,70.2800,2
34645802453805,09:37:25.802,70.3000,100
34662662022146,09:37:42.662,70.3500,100
34662662126387,09:37:42.662,70.3200,100
34668076769406,09:37:48.076,70.2900,100
34668081917894,09:37:48.081,70.2800,100
34668081928015,09:37:48.081,70.2800,100
34675315171039,09:37:55.315,70.2800,100
34675315179585,09:37:55.315,70.2900,13
34675315221035,09:37:55.315,70.3100,20
34701115182468,09:38:21.115,70.4100,2
34701115214417,09:38:21.115,70.4200,14
34733480302333,09:38:53.480,70.4800,100
34733480325005,09:38:53.480,70.4900,51
34740873736640,09:39:00.873,70.5300,100
34816198948920,09:40:16.198,70.5500,100
34816198948920,09:40:16.198,70.5500,100
34816199420594,09:40:16.199,70.5200,10
34816199424328,09:40:16.199,70.5200,74
34816199426038,09:40:16.199,70.5200,26
34816199426038,09:40:16.199,70.5200,8
34816199429361,09:40:16.199,70.5200,50
34816199811436,09:40:16.199,70.5200,38
34816199814535,09:40:16.199,70.5200,74
34816199816175,09:40:16.199,70.5200,7
34816199822677,09:40:16.199,70.5200,7
34816200119156,09:40:16.200,70.5200,16
34816210126378,09:40:16.210,70.5500,100
34816210382064,09:40:16.210,70.5500,100
34816210415406,09:40:16.210,70.5500,100
34836461621223,09:40:36.461,70.5800,22
34836461625880,09:40:36.461,70.5800,74
34836461635782,09:40:36.461,70.5800,4
34836463901462,09:40:36.463,70.5700,21
34836464228492,09:40:36.464,70.5700,51
34836464255746,09:40:36.464,70.5700,28
34860766334615,09:41:00.766,70.4700,11
34865798657805,09:41:05.798,70.4100,10
34886593893062,09:41:26.593,70.4100,90
34886593893062,09:41:26.593,70.4100,60
34886597760735,09:41:26.597,70.4000,100
34888445572887,09:41:28.445,70.4000,87
34888445608092,09:41:28.445,70.4000,13
34888487655307,09:41:28.487,70.4000,100
34906495102111,09:41:46.495,70.4100,100
34914323667471,09:41:54.323,70.3800,1
34922464996919,09:42:02.464,70.3900,100
34922465619923,09:42:02.465,70.4100,26
34922465629713,09:42:02.465,70.4100,37
34922465650561,09:42:02.465,70.4100,37
34922465650561,09:42:02.465,70.4100,37
34930422959623,09:42:10.422,70.3900,100
34930423106641,09:42:10.423,70.4100,32
34930423132699,09:42:10.423,70.4100,68
34930423375090,09:42:10.423,70.4200,100
34930423383791,09:42:10.423,70.4300,100
34930423383791,09:42:10.423,70.4300,100
34933160344052,09:42:13.160,70.4400,100
34940427059240,09:42:20.427,70.4400,110
34940427059240,09:42:20.427,70.4400,100
34940427059240,09:42:20.427,70.4400,100
34949281333841,09:42:29.281,70.4100,100
34950886723463,09:42:30.886,70.4400,26
34950886742824,09:42:30.886,70.4400,74
34954766691411,09:42:34.766,70.4500,100
34957578550456,09:42:37.578,70.4300,100
34957596060734,09:42:37.596,70.4300,100
34970949588097,09:42:50.949,70.4200,100
34970949649036,09:42:50.949,70.4200,300
34972751606860,09:42:52.751,70.4000,100
34972752414676,09:42:52.752,70.3900,78
34972769662759,09:42:52.769,70.4100,180
34983650401917,09:43:03.650,70.4300,100
34996396620296,09:43:16.396,70.4200,123
34996396626976,09:43:16.396,70.4200,147
34996396631088,09:43:16.396,70.4200,30
34996398120017,09:43:16.398,70.4100,100
34996398120017,09:43:16.398,70.4100,100
34996402792501,09:43:16.402,70.4200,300
35002314033244,09:43:22.314,70.4100,100
35015845429927,09:43:35.845,70.4000,100
35029903501318,09:43:49.903,70.4600,100
35046970267275,09:44:06.970,70.4800,100
35046970298357,09:44:06.970,70.4700,100
35047802060372,09:44:07.802,70.4500,100
35047802060372,09:44:07.802,70.4500,100
35055694130654,09:44:15.694,70.4100,100
35055694508532,09:44:15.694,70.4000,100
35055694508532,09:44:15.694,70.4000,100
35060573864220,09:44:20.573,70.3800,100
35060573905244,09:44:20.573,70.3800,100
35087552301550,09:44:47.552,70.3700,10
35087552334487,09:44:47.552,70.3700,20
35087552903606,09:44:47.552,70.3700,70
35087553268578,09:44:47.553,70.3700,100
35087688943550,09:44:47.688,70.3800,100
35094560979880,09:44:54.560,70.4600,100
35094561009736,09:44:54.561,70.4500,200
35094561609981,09:44:54.561,70.4700,100
35094561609981,09:44:54.561,70.4700,100
35117096439887,09:45:17.096,70.4800,69
35119493333285,09:45:19.493,70.4800,100
35119493361960,09:45:19.493,70.4800,31
35122008567336,09:45:22.008,70.4900,100
35129978342809,09:45:29.978,70.4900,200
35153250992221,09:45:53.250,70.4600,100
35155653721603,09:45:55.653,70.4600,100
35158493984336,09:45:58.493,70.4500,7
35168570759433,09:46:08.570,70.4900,100
35169476876994,09:46:09.476,70.4900,104
35174621783419,09:46:14.621,70.5000,100
35175122315620,09:46:15.122,70.5100,100
35175122315620,09:46:15.122,70.5000,100
35179567294565,09:46:19.567,70.5100,100
35184595159390,09:46:24.595,70.5000,100
35203223310848,09:46:43.223,70.5000,100
35203223374144,09:46:43.223,70.5000,100
35203223384470,09:46:43.223,70.5000,100
35203223521703,09:46:43.223,70.4900,100
35204656677098,09:46:44.656,70.4700,100
35204658211121,09:46:44.658,70.4600,2
35204660028174,09:46:44.660,70.4600,100
35204660455250,09:46:44.660,70.4600,198
35204660455250,09:46:44.660,70.4600,40
35204660485581,09:46:44.660,70.4500,100
35204660612771,09:46:44.660,70.4550,100
35204661383145,09:46:44.661,70.4500,100
35204661383145,09:46:44.661,70.4500,100
35204661383145,09:46:44.661,70.4500,10
35217039557072,09:46:57.039,70.4400,200
35219833628354,09:46:59.833,70.4300,100
35219833628354,09:46:59.833,70.4300,21
35219833632842,09:46:59.833,70.4300,79
35236551052822,09:47:16.551,70.4000,300
35252527702631,09:47:32.527,70.3700,3
35261781986451,09:47:41.781,70.3900,42
35261781986451,09:47:41.781,70.3900,100
35288271836916,09:48:08.271,70.4100,100
35292222841736,09:48:12.222,70.3800,100
35295905461285,09:48:15.905,70.3800,100
35305435608263,09:48:25.435,70.3900,14
35305435608263,09:48:25.435,70.3900,100
35305435748358,09:48:25.435,70.3900,100
35305435878878,09:48:25.435,70.3900,100
35305435983336,09:48:25.435,70.3900,100
35318197791439,09:48:38.197,70.4000,3
35318197934699,09:48:38.197,70.3800,3
35318339786349,09:48:38.339,70.3900,100
35338800673254,09:48:58.800,70.3700,14
35351565213076,09:49:11.565,70.4000,100
35351700443925,09:49:11.700,70.4300,20
35357616054462,09:49:17.616,70.4200,4
35357616167935,09:49:17.616,70.4200,96
35426983060930,09:50:26.983,70.3300,100
35426983076553,09:50:26.983,70.3400,14
35446050412024,09:50:46.050,70.3700,3
35464373867190,09:51:04.373,70.3600,100
35464373867190,09:51:04.373,70.3600,100
35464373867190,09:51:04.373,70.3600,100
35464381593072,09:51:04.381,70.3700,14
35483448814073,09:51:23.448,70.3500,1
35483448850525,09:51:23.448,70.3500,99
35489890241020,09:51:29.890,70.3700,100
35492162085929,09:51:32.162,70.3600,100
35503277421921,09:51:43.277,70.3500,3
35523504882418,09:52:03.504,70.3600,70
35523504882418,09:52:03.504,70.3600,100
35523608915678,09:52:03.608,70.3700,100
35539517591784,09:52:19.517,70.3400,100
35555495733721,09:52:35.495,70.3700,100
35555497865708,09:52:35.497,70.3800,200
35555497865708,09:52:35.497,70.3800,100
35555497865708,09:52:35.497,70.3800,14
35555498219859,09:52:35.498,70.3900,100
35565025756818,09:52:45.025,70.3900,100
35565067272437,09:52:45.067,70.3800,3
35585016329546,09:53:05.016,70.3600,100
35626125793495,09:53:46.125,70.3300,100
35626125822580,09:53:46.125,70.3300,100
35626125822580,09:53:46.125,70.3300,100
35626126285454,09:53:46.126,70.3300,91
35626126296093,09:53:46.126,70.3300,9
35626126296093,09:53:46.126,70.3300,14
35626126313403,09:53:46.126,70.3300,86
35626126525602,09:53:46.126,70.3400,14
35626127190984,09:53:46.127,70.3400,100
35628287443104,09:53:48.287,70.3400,50
35638789859663,09:53:58.789,70.3700,3
35641781609964,09:54:01.781,70.3700,21
35641781612517,09:54:01.781,70.3700,79
35660227065782,09:54:20.227,70.3800,100
35663286920348,09:54:23.286,70.3900,100
35663286948787,09:54:23.286,70.3900,100
35665272770278,09:54:25.272,70.4000,100
35667541659328,09:54:27.541,70.4100,3
35667541685644,09:54:27.541,70.4100,97
35679541698490,09:54:39.541,70.4500,95
35679541700133,09:54:39.541,70.4500,5
35679542229320,09:54:39.542,70.4500,100
35695797330886,09:54:55.797,70.4400,3
35695797357797,09:54:55.797,70.4300,50
35709391206813,09:55:09.391,70.4100,100
35709395467260,09:55:09.395,70.4000,100
35734178961647,09:55:34.178,70.3900,50
35745712750794,09:55:45.712,70.3500,3
35755229460682,09:55:55.229,70.3100,1
35755229463365,09:55:55.229,70.3100,99
35755757243310,09:55:55.757,70.2800,4
35755757243310,09:55:55.757,70.2800,14
35819667422509,09:56:59.667,70.3200,50
35819667442028,09:56:59.667,70.3200,50
35819667991911,09:56:59.667,70.3100,100
35822943608555,09:57:02.943,70.3000,3
35829797577015,09:57:09.797,70.3100,200
35829797668359,09:57:09.797,70.3000,100
35829797668359,09:57:09.797,70.3000,100
35829798287327,09:57:09.798,70.3000,10
35847722959282,09:57:27.722,70.3200,10
35848974327131,09:57:28.974,70.3200,100
35850081401645,09:57:30.081,70.3300,100
35852597038740,09:57:32.597,70.3100,100
35864225463630,09:57:44.225,70.2800,100
35864225788138,09:57:44.225,70.2800,100
35868227758602,09:57:48.227,70.2700,10
35868228091545,09:57:48.228,70.2700,11
35873737019168,09:57:53.737,70.2700,50
35873737044367,09:57:53.737,70.2700,9
35873737058705,09:57:53.737,70.2700,20
35880209140299,09:58:00.209,70.2700,100
35908208106167,09:58:28.208,70.2400,100
35944672998753,09:59:04.672,70.2400,2
35944673096187,09:59:04.673,70.2400,2
35969808416432,09:59:29.808,70.2400,100
35996765932017,09:59:56.765,70.2300,1
35996765958262,09:59:56.765,70.2300,99
35999112744558,09:59:59.112,70.2700,18
35999147262407,09:59:59.147,70.3000,100
35999147294150,09:59:59.147,70.3100,100
35999161645688,09:59:59.161,70.3200,100
35999161645688,09:59:59.161,70.3200,15
35999161645688,09:59:59.161,70.3400,85
36015419539877,10:00:15.419,70.2600,100
36015419852292,10:00:15.419,70.2700,18
36020409348276,10:00:20.409,70.2800,100
36020409578019,10:00:20.409,70.2800,100
36030290080964,10:00:30.290,70.3200,100
36071247006823,10:01:11.247,70.2100,100
36111355153461,10:01:51.355,70.2000,50
36111355320889,10:01:51.355,70.2000,50
36120637686632,10:02:00.637,70.1700,7
36130601481822,10:02:10.601,70.1700,10
36130601489487,10:02:10.601,70.1700,90
36130601489487,10:02:10.601,70.1700,50
36130601493095,10:02:10.601,70.1700,100
36130601500104,10:02:10.601,70.1700,50
36130601500104,10:02:10.601,70.1700,70
36141985551910,10:02:21.985,70.1900,100
36141985551910,10:02:21.985,70.2100,100
36150442280223,10:02:30.442,70.1950,100
36150442298936,10:02:30.442,70.2100,52
36150442309638,10:02:30.442,70.2100,48
36157226181610,10:02:37.226,70.1300,100
36166687971707,10:02:46.687,70.1200,100
36166687971707,10:02:46.687,70.1000,100
36166688006136,10:02:46.688,70.1000,100
36166688006136,10:02:46.688,70.1000,100
36166691012745,10:02:46.691,70.0900,100
36166691012745,10:02:46.691,70.0900,19
36166716463422,10:02:46.716,70.0900,7
36169268262158,10:02:49.268,70.0700,100
36169432060917,10:02:49.432,70.0700,100
36177238315381,10:02:57.238,70.0900,18
36177268516537,10:02:57.268,70.0900,10
36189767466739,10:03:09.767,70.0600,70
36198974998953,10:03:18.974,70.0800,81
36240874601802,10:04:00.874,70.1300,200
36240876330483,10:04:00.876,70.1400,11
36244286076630,10:04:04.286,70.1600,100
36258618753069,10:04:18.618,70.1500,7
36260054888233,10:04:20.054,70.1400,100
36299219217831,10:04:59.219,70.1000,100
36308007770307,10:05:08.007,70.1000,58
36308007855552,10:05:08.007,70.1000,1
36322532756845,10:05:22.532,70.1200,78
36335623786793,10:05:35.623,70.1500,500
36335623813091,10:05:35.623,70.1500,1500
36335623832180,10:05:35.623,70.1500,1500
36335623916539,10:05:35.623,70.1500,500
36353554076940,10:05:53.554,70.1500,6
36353554594066,10:05:53.554,70.1400,10
36365890193292,10:06:05.890,70.1400,100
36370364724610,10:06:10.364,70.1300,8
36370364724610,10:06:10.364,70.1300,100
36370364805590,10:06:10.364,70.1200,100
36370364901055,10:06:10.364,70.1200,23
36379245032630,10:06:19.245,70.1100,19
36379246594752,10:06:19.246,70.1100,81
36381119048705,10:06:21.119,70.1200,19
36426863702518,10:07:06.863,70.1000,100
36426863709309,10:07:06.863,70.1000,100
36442206497710,10:07:22.206,70.1100,89
36445644566152,10:07:25.644,70.1200,100
36468202997209,10:07:48.202,70.1600,100
36468203041052,10:07:48.203,70.1600,100
36478188350562,10:07:58.188,70.1500,23
36488788163799,10:08:08.788,70.1500,210
36488788164765,10:08:08.788,70.1500,90
36548469215876,10:09:08.469,70.1900,100
36552297042689,10:09:12.297,70.2200,100
36623933284193,10:10:23.933,70.1900,8
36623933284193,10:10:23.933,70.1900,9
36653244227781,10:10:53.244,70.2100,86
36653255304430,10:10:53.255,70.2100,100
36656973341109,10:10:56.973,70.2200,100
36675474440768,10:11:15.474,70.2200,200
36675479014223,10:11:15.479,70.2200,100
36692336185452,10:11:32.336,70.2300,100
36692336185452,10:11:32.336,70.2300,85
36692336188235,10:11:32.336,70.2300,100
36695463420809,10:11:35.463,70.2300,100
36695470529649,10:11:35.470,70.2200,2
36697429803273,10:11:37.429,70.2400,138
36697429831484,10:11:37.429,70.2400,62
36697429847437,10:11:37.429,70.2400,62
36697430110918,10:11:37.430,70.2400,138
36704784034522,10:11:44.784,70.2700,100
36706916422964,10:11:46.916,70.2900,100
36714702565168,10:11:54.702,70.3200,200
36714702903911,10:11:54.702,70.3200,100
36725881904188,10:12:05.881,70.3200,100
36731239464327,10:12:11.239,70.3200,400
36731240492763,10:12:11.240,70.3100,100
36750472616003,10:12:30.472,70.2900,7
36775231904618,10:12:55.231,70.2600,100
36775232179455,10:12:55.232,70.2600,22
36799685588205,10:13:19.685,70.2500,2
36799685588205,10:13:19.685,70.2600,54
36799685624433,10:13:19.685,70.2600,27
36799685637746,10:13:19.685,70.2600,19
36799685637746,10:13:19.685,70.2600,100
36799685637746,10:13:19.685,70.2600,34
36799685644766,10:13:19.685,70.2600,66
36801504658124,10:13:21.504,70.2600,100
36824482729817,10:13:44.482,70.2300,100
36850970362987,10:14:10.970,70.2400,100
36860605309142,10:14:20.605,70.2200,7
36860605309142,10:14:20.605,70.2200,39
36860605905304,10:14:20.605,70.2200,61
36860889134418,10:14:20.889,70.2100,100
36860889134418,10:14:20.889,70.2100,16
36860929330842,10:14:20.929,70.2100,84
36901707308255,10:15:01.707,70.2000,100
36901707308255,10:15:01.707,70.2000,100
36926918818311,10:15:26.918,70.2000,100
36929164043285,10:15:29.164,70.1800,21
36933494503971,10:15:33.494,70.1600,52
36933494530112,10:15:33.494,70.1600,2
36933494533587,10:15:33.494,70.1600,46
36962231809646,10:16:02.231,70.1700,200
36962232740972,10:16:02.232,70.1700,100
36962232740972,10:16:02.232,70.1700,100
36962232740972,10:16:02.232,70.1700,100
36965519276606,10:16:05.519,70.1800,100
36965519276606,10:16:05.519,70.1800,100
37005576283559,10:16:45.576,70.1300,100
37032807961717,10:17:12.807,70.1200,100
37057367962474,10:17:37.367,70.1200,200
37057367992207,10:17:37.367,70.1200,100
37057367992207,10:17:37.367,70.1200,100
37057367992207,10:17:37.367,70.1200,73
37057369766415,10:17:37.369,70.1400,100
37068283711451,10:17:48.283,70.1200,48
37075508358778,10:17:55.508,70.1200,52
37075508358778,10:17:55.508,70.1200,100
37089865781219,10:18:09.865,70.1000,7
37089865781219,10:18:09.865,70.1000,67
37089866226865,10:18:09.866,70.1000,25
37089866265079,10:18:09.866,70.1000,8
37089868349633,10:18:09.868,70.0900,100
37090083375987,10:18:10.083,70.0800,40
37090083375987,10:18:10.083,70.0800,41
37094282807463,10:18:14.282,70.0800,100
37100265460657,10:18:20.265,70.0800,200
37108250780680,10:18:28.250,70.0900,100
37140202403335,10:19:00.202,70.1000,100
37143042773391,10:19:03.042,70.1000,100
37143042773391,10:19:03.042,70.1000,100
37143042773391,10:19:03.042,70.1000,100
37147008911372,10:19:07.008,70.1000,6
37149773735342,10:19:09.773,70.1000,100
37150974287776,10:19:10.974,70.1100,100
37173681497116,10:19:33.681,70.1400,27
37173681504150,10:19:33.681,70.1400,73
37173681504150,10:19:33.681,70.1400,100
37199160180397,10:19:59.160,70.1600,100
37199160207598,10:19:59.160,70.1600,74
37199160207598,10:19:59.160,70.1600,100
37199160819697,10:19:59.160,70.1500,100
37199160819697,10:19:59.160,70.1500,100
37199160819697,10:19:59.160,70.1500,100
37210402904534,10:20:10.402,70.1300,41
37210403421437,10:20:10.403,70.1300,59
37210403421437,10:20:10.403,70.1300,8
37223731291668,10:20:23.731,70.1500,100
37223731291668,10:20:23.731,70.1500,100
37223746520513,10:20:23.746,70.1500,100
37239411047974,10:20:39.411,70.1100,44
37260074475263,10:21:00.074,70.0700,23
37261256828695,10:21:01.256,70.1000,100
37261256828695,10:21:01.256,70.1000,100
37275376124483,10:21:15.376,70.0650,100
37276245197071,10:21:16.245,70.0700,300
37276246518503,10:21:16.246,70.0700,100
37288284636638,10:21:28.284,70.0600,100
37296402461874,10:21:36.402,70.0500,100
37311305308280,10:21:51.305,70.0600,100
37311305308280,10:21:51.305,70.0600,59
37314279966413,10:21:54.279,70.0800,100
37314279966413,10:21:54.279,70.0800,100
37371606267155,10:22:51.606,70.0800,7
37373279572677,10:22:53.279,70.0700,100
37375024470625,10:22:55.024,70.0500,100
37375631151741,10:22:55.631,70.0450,100
37375631151741,10:22:55.631,70.0400,100
37378238469090,10:22:58.238,70.0300,80
37378238474847,10:22:58.238,70.0300,20
37378240433614,10:22:58.240,70.0200,28
37378248898105,10:22:58.248,70.0200,72
37381245999911,10:23:01.245,70.0400,100
37381245999911,10:23:01.245,70.0400,200
37432775566370,10:23:52.775,70.0100,100
37435133608481,10:23:55.133,69.9800,56
37435133747563,10:23:55.133,69.9800,44
37437750124802,10:23:57.750,69.9900,100
37437750124802,10:23:57.750,69.9900,100
37441246414295,10:24:01.246,70.0000,100
37441246414295,10:24:01.246,70.0000,100
37446747978600,10:24:06.747,70.0000,23
37455024419233,10:24:15.024,69.9900,8
37455092006064,10:24:15.092,69.9900,100
37485283769195,10:24:45.283,69.9300,100
37513861576961,10:25:13.861,69.9400,100
37515996541099,10:25:15.996,69.9700,100
37515996541099,10:25:15.996,69.9700,100
37574168349204,10:26:14.168,69.9300,132
37574168349204,10:26:14.168,69.9300,68
37574168355511,10:26:14.168,69.9300,32
37574168647472,10:26:14.168,69.9200,9
37576845481053,10:26:16.845,69.9300,100
37615696173823,10:26:55.696,69.9200,100
37624614396141,10:27:04.614,69.9000,153
37660027350590,10:27:40.027,69.9200,100
37660027637650,10:27:40.027,69.9300,79
37660027640475,10:27:40.027,69.9200,10
37660027668652,10:27:40.027,69.9200,71
37660027669930,10:27:40.027,69.9200,19
37660027669930,10:27:40.027,69.9300,10
37660028709855,10:27:40.028,69.9200,100
37682658294377,10:28:02.658,69.9400,100
37691285246243,10:28:11.285,69.9200,23
37691285246243,10:28:11.285,69.9200,9
37691285246243,10:28:11.285,69.9200,100
37691285246243,10:28:11.285,69.9200,36
37691285524339,10:28:11.285,69.9200,64
37700517275727,10:28:20.517,69.9200,59
37700517449413,10:28:20.517,69.9200,41
37700517449413,10:28:20.517,69.9200,59
37700517476988,10:28:20.517,69.9200,41
37700563127651,10:28:20.563,69.9100,100
37700566984909,10:28:20.566,69.9000,23
37701190284234,10:28:21.190,69.8900,100
37731901649465,10:28:51.901,69.8600,100
37731901649465,10:28:51.901,69.8600,23
37731901649465,10:28:51.901,69.8600,97
37731901680709,10:28:51.901,69.8600,3
37731901680709,10:28:51.901,69.8600,100
37731901725479,10:28:51.901,69.8500,23
37744014072759,10:29:04.014,69.8700,100
37744014072759,10:29:04.014,69.8700,24
37755169842917,10:29:15.169,69.8600,24
37762016454313,10:29:22.016,69.8900,100
37785633559550,10:29:45.633,69.8900,8
37786283737277,10:29:46.283,69.8600,24
37802208562774,10:30:02.208,69.8800,100
37804029119659,10:30:04.029,69.8800,24
37806885581300,10:30:06.885,69.8700,9
37806885581300,10:30:06.885,69.8700,28
37806885850868,10:30:06.885,69.8600,24
37806887095632,10:30:06.887,69.8500,37
37830818705965,10:30:30.818,69.9100,100
37830818731742,10:30:30.818,69.9100,100
37832972190748,10:30:32.972,69.9300,71
37853628317220,10:30:53.628,69.9100,18
37878413135379,10:31:18.413,69.9200,100
37878413300704,10:31:18.413,69.9200,15
37878413377821,10:31:18.413,69.9200,85
37878413377821,10:31:18.413,69.9200,15
37878413405541,10:31:18.413,69.9200,85
37878413867540,10:31:18.413,69.9200,100
37878414082136,10:31:18.414,69.9200,76
37878435543203,10:31:18.435,69.9200,24
37878435543203,10:31:18.435,69.9200,14
37878435599222,10:31:18.435,69.9200,86
37878435921528,10:31:18.435,69.9200,62
37878436294032,10:31:18.436,69.9200,29
37878953211329,10:31:18.953,69.9100,100
37878953211329,10:31:18.953,69.9100,100
37881370877293,10:31:21.370,69.8900,100
37892412294061,10:31:32.412,69.9200,9
37892412294061,10:31:32.412,69.9200,91
37892412347989,10:31:32.412,69.9200,9
37892412347989,10:31:32.412,69.9200,91
37892412373013,10:31:32.412,69.9200,9
37921809218389,10:32:01.809,69.9100,2
37921809218389,10:32:01.809,69.9100,100
37926530256026,10:32:06.530,69.9000,100
37926530256026,10:32:06.530,69.9000,100
37938118938252,10:32:18.118,69.9000,100
37938118965165,10:32:18.118,69.9000,100
37944951828842,10:32:24.951,69.9200,100
37944951866728,10:32:24.951,69.9300,99
37945087443655,10:32:25.087,69.9400,100
37955714026545,10:32:35.714,69.9600,200
37962288778870,10:32:42.288,69.9500,9
37996888299013,10:33:16.888,69.9800,100
38020842439392,10:33:40.842,69.9800,92
38020842451056,10:33:40.842,69.9800,8
38029720764642,10:33:49.720,69.9900,100
38029762509671,10:33:49.762,70.0000,100
38050029920058,10:34:10.029,70.0100,37
38050029920058,10:34:10.029,70.0100,200
38050029920058,10:34:10.029,70.0100,9
38059921811536,10:34:19.921,69.9800,92
38059921882638,10:34:19.921,69.9800,108
38093637937555,10:34:53.637,69.9700,100
38093849061790,10:34:53.849,69.9900,100
38097218263298,10:34:57.218,69.9800,32
38097218263298,10:34:57.218,69.9800,34
38097218263298,10:34:57.218,69.9800,34
38098664731162,10:34:58.664,69.9700,100
38098665656856,10:34:58.665,69.9600,100
38103410270189,10:35:03.410,69.9700,64
38103410275837,10:35:03.410,69.9700,36
38104929759721,10:35:04.929,69.9700,100
38121107563188,10:35:21.107,69.9600,18
38121107563188,10:35:21.107,69.9600,82
38121107931824,10:35:21.107,69.9600,18
38153038210695,10:35:53.038,69.9500,100
38153878974225,10:35:53.878,69.9400,100
38155020707481,10:35:55.020,69.9300,100
38155020762608,10:35:55.020,69.9300,100
38155020868900,10:35:55.020,69.9300,34
38155083576128,10:35:55.083,69.9300,100
38155083576128,10:35:55.083,69.9300,100
38170285063499,10:36:10.285,69.9300,100
38174284446974,10:36:14.284,69.9200,100
38174284446974,10:36:14.284,69.9200,8
38174284446974,10:36:14.284,69.9200,92
38205109374647,10:36:45.109,69.9200,99
38205109380939,10:36:45.109,69.9200,1
38205109822316,10:36:45.109,69.9200,100
38205109822316,10:36:45.109,69.9200,97
38205109868293,10:36:45.109,69.9200,3
38231488680700,10:37:11.488,69.9200,200
38231488680700,10:37:11.488,69.9200,100
38234286201486,10:37:14.286,69.9100,134
38234294423573,10:37:14.294,69.9100,66
38234294423573,10:37:14.294,69.9100,100
38234294423573,10:37:14.294,69.9100,34
38234294466206,10:37:14.294,69.9100,66
38234711822592,10:37:14.711,69.9000,100
38234711822592,10:37:14.711,69.9000,100
38238248314301,10:37:18.248,69.8900,74
38245226007031,10:37:25.226,69.8800,200
38256005350954,10:37:36.005,69.8600,200
38273929628243,10:37:53.929,69.8400,32
38284094779266,10:38:04.094,69.8700,100
38284094779266,10:38:04.094,69.8700,100
38287292536750,10:38:07.292,69.9000,33
38287292538160,10:38:07.292,69.9000,67
38287293995617,10:38:07.293,69.9000,200
38289158947523,10:38:09.158,69.9000,100
38289159011002,10:38:09.159,69.9000,8
38294713894103,10:38:14.713,69.9100,100
38296895823217,10:38:16.895,69.9300,100
38296895851235,10:38:16.895,69.9300,100
38297799753451,10:38:17.799,69.9400,55
38297799753451,10:38:17.799,69.9400,45
38297800196731,10:38:17.800,69.9400,17
38297800226141,10:38:17.800,69.9400,38
38298569606727,10:38:18.569,69.9300,100
38304176215880,10:38:24.176,69.9400,100
38304176215880,10:38:24.176,69.9400,100
38309060400805,10:38:29.060,69.9200,100
38309060400805,10:38:29.060,69.9200,200
38309060400805,10:38:29.060,69.9200,100
38319094756656,10:38:39.094,69.9000,100
38319094756656,10:38:39.094,69.9000,100
38323974042624,10:38:43.974,69.8900,100
38323975501483,10:38:43.975,69.8900,200
38323975524732,10:38:43.975,69.8900,100
38323975731421,10:38:43.975,69.8900,100
38328977675692,10:38:48.977,69.9200,300
38335410934122,10:38:55.410,69.9100,100
38335410934122,10:38:55.410,69.9100,100
38342131776781,10:39:02.131,69.9400,100
38342131776781,10:39:02.131,69.9400,100
38360132555184,10:39:20.132,69.9200,100
38360132555184,10:39:20.132,69.9200,100
38362458646436,10:39:22.458,69.9300,100
38363121919170,10:39:23.121,69.9300,100
38363488746774,10:39:23.488,69.9200,100
38363488746774,10:39:23.488,69.9200,100
38370066598616,10:39:30.066,69.9100,100
38370366146478,10:39:30.366,69.9200,100
38371595972384,10:39:31.595,69.9200,100
38372941163992,10:39:32.941,69.9100,100
38379345242784,10:39:39.345,69.9000,50
38379579631159,10:39:39.579,69.9000,150
38379616455250,10:39:39.616,69.8900,5
38379616455250,10:39:39.616,69.8800,95
38398847942070,10:39:58.847,69.8900,100
38406057629743,10:40:06.057,69.8900,100
38408302253223,10:40:08.302,69.8900,100
38408302253223,10:40:08.302,69.8900,100
38411569736089,10:40:11.569,69.8800,9
38411569736089,10:40:11.569,69.8800,21
38414594954719,10:40:14.594,69.8900,100
38414867237946,10:40:14.867,69.8900,26
38423450626005,10:40:23.450,69.8600,100
38463598537299,10:41:03.598,69.8100,100
38463880367207,10:41:03.880,69.8200,200
38487194354449,10:41:27.194,69.8300,100
38487194354449,10:41:27.194,69.8300,100
38494925627274,10:41:34.925,69.8200,100
38494925627274,10:41:34.925,69.8200,100
38505762184917,10:41:45.762,69.8100,100
38514655189139,10:41:54.655,69.8100,200
38515157606409,10:41:55.157,69.8200,100
38516782559109,10:41:56.782,69.8200,100
38519888477254,10:41:59.888,69.8200,100
38520754276044,10:42:00.754,69.8200,100
38522240975492,10:42:02.240,69.8200,200
38526590162979,10:42:06.590,69.8200,9
38526590162979,10:42:06.590,69.8200,100
38534828846689,10:42:14.828,69.8300,100
38534828848191,10:42:14.828,69.8300,62
38534828864377,10:42:14.828,69.8300,38
38539335556166,10:42:19.335,69.8300,100
38539338631026,10:42:19.338,69.8200,200
38539338631026,10:42:19.338,69.8200,100
38539338634007,10:42:19.338,69.8200,100
38554589454221,10:42:34.589,69.8100,100
38573443537309,10:42:53.443,69.8100,76
38573443562757,10:42:53.443,69.8100,24
38578133077455,10:42:58.133,69.8100,24
38591264101051,10:43:11.264,69.8100,100
38599039943666,10:43:19.039,69.8000,300
38599039972013,10:43:19.039,69.8000,200
38599039972013,10:43:19.039,69.8000,200
38599039972013,10:43:19.039,69.8000,100
38599043535314,10:43:19.043,69.7900,16
38605466042662,10:43:25.466,69.8000,100
38615451185852,10:43:35.451,69.7900,16
38615451185852,10:43:35.451,69.7900,9
38650653919017,10:44:10.653,69.7900,100
38650653919017,10:44:10.653,69.7900,100
38650751269109,10:44:10.751,69.7900,100
38654774982977,10:44:14.774,69.8000,100
38654775007751,10:44:14.775,69.8000,100
38657474519928,10:44:17.474,69.8200,97
38657474832266,10:44:17.474,69.8200,3
38657474832266,10:44:17.474,69.8200,100
38663509908892,10:44:23.509,69.8500,12
38663509908892,10:44:23.509,69.8500,100
38668048608289,10:44:28.048,69.8500,100
38668048608289,10:44:28.048,69.8500,10
38672122602586,10:44:32.122,69.8400,100
38698163468297,10:44:58.163,69.8700,100
38698163468297,10:44:58.163,69.8700,100
38699117067397,10:44:59.117,69.8800,100
38701987967509,10:45:01.987,69.8900,300
38701987967509,10:45:01.987,69.8900,100
38701987967509,10:45:01.987,69.8900,100
38703640055043,10:45:03.640,69.8900,100
38731056909934,10:45:31.056,69.8600,19
38739901146527,10:45:39.901,69.8500,100
38753573078080,10:45:53.573,69.8600,100
38753573078080,10:45:53.573,69.8600,100
38753573078080,10:45:53.573,69.8600,100
38753573078080,10:45:53.573,69.8600,100
38753573078080,10:45:53.573,69.8600,100
38753575714640,10:45:53.575,69.8600,40
38755438158835,10:45:55.438,69.8500,100
38755438158835,10:45:55.438,69.8500,100
38755438158835,10:45:55.438,69.8500,200
38764929589801,10:46:04.929,69.8500,12
38764929603521,10:46:04.929,69.8500,88
38764929603521,10:46:04.929,69.8500,12
38764929806297,10:46:04.929,69.8500,88
38764929806297,10:46:04.929,69.8500,9
38771021377629,10:46:11.021,69.8500,200
38771142837460,10:46:11.142,69.8600,60
38772183156394,10:46:12.183,69.8600,100
38773401836651,10:46:13.401,69.8600,100
38783239885154,10:46:23.239,69.8700,100
38783239885154,10:46:23.239,69.8700,100
38783239912469,10:46:23.239,69.8700,100
38784974551515,10:46:24.974,69.8700,100
38788218528911,10:46:28.218,69.8800,100
38795420262751,10:46:35.420,69.9000,200
38795420310536,10:46:35.420,69.9000,100
38795424721987,10:46:35.424,69.9000,100
38812263358231,10:46:52.263,69.8900,300
38840837025970,10:47:20.837,69.8600,1
38840837207684,10:47:20.837,69.8600,99
38840837207684,10:47:20.837,69.8600,1
38840837269369,10:47:20.837,69.8600,76
38840837298985,10:47:20.837,69.8600,23
38856396630291,10:47:36.396,69.8500,100
38876986337191,10:47:56.986,69.8300,100
38883138712162,10:48:03.138,69.8300,100
38883139023869,10:48:03.139,69.8300,100
38883139196478,10:48:03.139,69.8300,100
38897932440703,10:48:17.932,69.8200,50
38897932470857,10:48:17.932,69.8200,50
38903662526657,10:48:23.662,69.8200,100
38903666808596,10:48:23.666,69.8200,100
38904121691045,10:48:24.121,69.8300,165
38904121695811,10:48:24.121,69.8300,35
38904121695811,10:48:24.121,69.8300,32
38904121696792,10:48:24.121,69.8300,68
38904122726912,10:48:24.122,69.8400,100
38904122726912,10:48:24.122,69.8400,26
38904122782062,10:48:24.122,69.8400,66
38904122839758,10:48:24.122,69.8400,8
38904122839758,10:48:24.122,69.8400,2
38904122843740,10:48:24.122,69.8400,98
38925702343638,10:48:45.702,69.8400,9
38942081439996,10:49:02.081,69.8500,43
38942081468253,10:49:02.081,69.8500,22
38949837642162,10:49:09.837,69.8500,35
38949837642162,10:49:09.837,69.8500,100
38949837642162,10:49:09.837,69.8500,100
38949837642162,10:49:09.837,69.8500,100
38952365710227,10:49:12.365,69.8600,100
38952365710227,10:49:12.365,69.8600,100
38952372336657,10:49:12.372,69.8700,100
38952373181800,10:49:12.373,69.8700,100
39000215493745,10:50:00.215,69.8500,98
39000215503395,10:50:00.215,69.8500,2
39000215503395,10:50:00.215,69.8500,98
39000215516009,10:50:00.215,69.8500,2
39002248258575,10:50:02.248,69.8400,150
39002248258575,10:50:02.248,69.8400,100
39019345013082,10:50:19.345,69.8400,100
39019345013082,10:50:19.345,69.8400,29
39019345013082,10:50:19.345,69.8400,100
39019345013082,10:50:19.345,69.8400,10
39036262260781,10:50:36.262,69.8400,18
39036264417877,10:50:36.264,69.8300,16
39036266644728,10:50:36.266,69.8200,28
39039772824472,10:50:39.772,69.8200,72
39039772824472,10:50:39.772,69.8200,28
39039794391361,10:50:39.794,69.8200,40
39039794683496,10:50:39.794,69.8200,32
39039794683496,10:50:39.794,69.8200,8
39039794689005,10:50:39.794,69.8200,92
39060870270037,10:51:00.870,69.8200,92
39060870270037,10:51:00.870,69.8200,100
39061278972347,10:51:01.278,69.8200,8
39061278972347,10:51:01.278,69.8300,100
39061278972347,10:51:01.278,69.8300,100
39061278972347,10:51:01.278,69.8300,100
39069866982073,10:51:09.866,69.8400,100
39100490916888,10:51:40.490,69.8700,84
39100490924972,10:51:40.490,69.8700,16
39118206491261,10:51:58.206,69.8900,100
39138306860627,10:52:18.306,69.9200,100
39152900279350,10:52:32.900,69.9000,200
39153050688579,10:52:33.050,69.8900,9
39168161502685,10:52:48.161,69.8800,100
39180651825319,10:53:00.651,69.8500,40
39191198922180,10:53:11.198,69.8400,100
39196110673582,10:53:16.110,69.8500,100
39196110673582,10:53:16.110,69.8500,16
39196110691804,10:53:16.110,69.8500,48
39196110715255,10:53:16.110,69.8500,36
39244548211947,10:54:04.548,69.8600,100
39244548211947,10:54:04.548,69.8600,100
39250131283859,10:54:10.131,69.8800,100
39275987835606,10:54:35.987,69.9100,100
39308959421491,10:55:08.959,69.9300,25
39308959498804,10:55:08.959,69.9300,75
39308959498804,10:55:08.959,69.9300,100
39310913127524,10:55:10.913,69.9300,20
39320158812131,10:55:20.158,69.9300,100
39320159527003,10:55:20.159,69.9300,100
39320162430858,10:55:20.162,69.9300,100
39320162833499,10:55:20.162,69.9300,100
39343310337386,10:55:43.310,69.9700,100
39367923617095,10:56:07.923,69.9600,100
39367923617095,10:56:07.923,69.9600,9
39376821488064,10:56:16.821,69.9500,100
39424791361348,10:57:04.791,69.9900,17
39424791366377,10:57:04.791,69.9900,131
39424791400609,10:57:04.791,69.9900,52
39427058360658,10:57:07.058,70.0000,100
39427059046938,10:57:07.059,69.9900,100
39430270076874,10:57:10.270,69.9800,100
39447901815020,10:57:27.901,69.9800,100
39447901815020,10:57:27.901,69.9800,52
39447901834715,10:57:27.901,69.9800,48
39486676792657,10:58:06.676,69.9900,200
39487350828352,10:58:07.350,70.0000,5
39487715692142,10:58:07.715,70.0000,95
39546207481661,10:59:06.207,69.9800,96
39546207491111,10:59:06.207,69.9800,4
39583045029694,10:59:43.045,69.9900,100
39583045029694,10:59:43.045,69.9900,100
39585102666369,10:59:45.102,70.0000,16
39585102669652,10:59:45.102,70.0000,84
39585102669652,10:59:45.102,70.0000,47
39585102671314,10:59:45.102,70.0000,53
39601019944066,11:00:01.019,70.0100,200
39601020635832,11:00:01.020,70.0100,100
39601022036393,11:00:01.022,70.0100,200
39601026094658,11:00:01.026,70.0200,100
39604512377458,11:00:04.512,70.0200,100
39604512377458,11:00:04.512,70.0200,100
39605443427027,11:00:05.443,70.0200,100
39608748790330,11:00:08.748,70.0300,100
39610901212747,11:00:10.901,70.0200,9
39610901212747,11:00:10.901,70.0200,100
39610901212747,11:00:10.901,70.0200,100
39610901212747,11:00:10.901,70.0200,200
39612455765590,11:00:12.455,70.0100,100
39653046314471,11:00:53.046,70.0100,83
39653046346421,11:00:53.046,70.0100,17
39655653146101,11:00:55.653,70.0100,100
39656581426959,11:00:56.581,70.0000,100
39656581426959,11:00:56.581,70.0000,100
39662901037879,11:01:02.901,70.0200,100
39663459274459,11:01:03.459,70.0600,72
39663459441609,11:01:03.459,70.0600,28
39663468973063,11:01:03.468,70.0800,5
39663492947982,11:01:03.492,70.0900,4
39664272445762,11:01:04.272,70.1100,17
39664272469922,11:01:04.272,70.1100,12
39666849907176,11:01:06.849,70.0900,17
39666864971606,11:01:06.864,70.0800,25
39666864971606,11:01:06.864,70.0800,3
39671054282154,11:01:11.054,70.0700,100
39671055644347,11:01:11.055,70.0600,100
39671056145544,11:01:11.056,70.0600,100
39685024074726,11:01:25.024,70.0800,100
39693470576909,11:01:33.470,70.0900,100
39703045651987,11:01:43.045,70.0900,100
39728640014120,11:02:08.640,70.1200,10
39728640014120,11:02:08.640,70.1200,100
39728640363785,11:02:08.640,70.1200,100
39728640371837,11:02:08.640,70.1200,100
39728641980090,11:02:08.641,70.1200,100
39728760054072,11:02:08.760,70.1100,100
39728760054072,11:02:08.760,70.1100,100
39728948988907,11:02:08.948,70.1000,100
39745951208146,11:02:25.951,70.1200,100
39745952985404,11:02:25.952,70.1200,100
39745952985404,11:02:25.952,70.1200,100
39745952985404,11:02:25.952,70.1200,100
39745952985404,11:02:25.952,70.1200,100
39754476355994,11:02:34.476,70.1200,17
39792262090096,11:03:12.262,70.1400,1
39801086638292,11:03:21.086,70.1600,100
39813543284236,11:03:33.543,70.1700,100
39813543631804,11:03:33.543,70.1700,100
39815607134614,11:03:35.607,70.1700,100
39844714604929,11:04:04.714,70.2000,100
39844714724809,11:04:04.714,70.2000,100
39897290348275,11:04:57.290,70.2500,8
39897290348275,11:04:57.290,70.2500,100
39897290348275,11:04:57.290,70.2500,100
39897290348275,11:04:57.290,70.2500,100
39913550649919,11:05:13.550,70.3000,12
39919201198344,11:05:19.201,70.2900,100
39919201285201,11:05:19.201,70.2800,100
39925431298439,11:05:25.431,70.3100,200
39928053274111,11:05:28.053,70.3100,100
39928053354074,11:05:28.053,70.3200,23
39928054029849,11:05:28.054,70.3200,100
39928054029849,11:05:28.054,70.3200,100
39928054029849,11:05:28.054,70.3200,100
39981513955592,11:06:21.513,70.3100,7
39981513955592,11:06:21.513,70.3100,100
39981513955592,11:06:21.513,70.3100,18
40032943829097,11:07:12.943,70.3300,22
40032943829097,11:07:12.943,70.3300,5
40032943838893,11:07:12.943,70.3300,70
40032943940000,11:07:12.943,70.3300,25
40032944670522,11:07:12.944,70.3200,9
40032944681014,11:07:12.944,70.3200,191
40032945449806,11:07:12.945,70.3200,200
40033319519722,11:07:13.319,70.3200,100
40037025634924,11:07:17.025,70.3000,100
40037026029055,11:07:17.026,70.2900,100
40048103787263,11:07:28.103,70.2600,26
40048103796052,11:07:28.103,70.2600,74
40056090128947,11:07:36.090,70.2500,3
40056093746962,11:07:36.093,70.2500,3
40091652783625,11:08:11.652,70.2300,8
40107261488071,11:08:27.261,70.2200,100
40112467431788,11:08:32.467,70.2400,100
40112467431788,11:08:32.467,70.2400,100
40119374103784,11:08:39.374,70.2400,100
40119376902029,11:08:39.376,70.2400,100
40123906219897,11:08:43.906,70.2400,100
40123906219897,11:08:43.906,70.2400,100
40123906219897,11:08:43.906,70.2400,65
40123906255584,11:08:43.906,70.2400,35
40123907887016,11:08:43.907,70.2400,100
40123907887016,11:08:43.907,70.2400,100
40134784994228,11:08:54.784,70.2300,100
40147271538699,11:09:07.271,70.2200,100
40147272140769,11:09:07.272,70.2100,97
40147272212075,11:09:07.272,70.2100,3
40147272212075,11:09:07.272,70.2100,2
40147272350681,11:09:07.272,70.2100,5
40147272545872,11:09:07.272,70.2100,3
40147923648494,11:09:07.923,70.2100,100
40147924100863,11:09:07.924,70.2100,90
40156304491662,11:09:16.304,70.2200,14
40159149035200,11:09:19.149,70.2200,86
40218621417319,11:10:18.621,70.2600,8
40221350918503,11:10:21.350,70.2600,66
40221350951379,11:10:21.350,70.2600,34
40235845018450,11:10:35.845,70.2500,100
40281075929284,11:11:21.075,70.2500,100
40341588788936,11:12:21.588,70.2700,100
40341598090969,11:12:21.598,70.2600,8
40341598090969,11:12:21.598,70.2600,100
40349969800148,11:12:29.969,70.2500,100
40349969820354,11:12:29.969,70.2500,100
40349969820354,11:12:29.969,70.2500,500
40350026543720,11:12:30.026,70.2400,100
40362534415965,11:12:42.534,70.2600,100
40391147240537,11:13:11.147,70.2600,100
40391147240537,11:13:11.147,70.2600,100
40391147240537,11:13:11.147,70.2600,100
40391147240537,11:13:11.147,70.2600,5
40391147744935,11:13:11.147,70.2600,95
40391147744935,11:13:11.147,70.2600,100
40391557795046,11:13:11.557,70.2600,76
40391557824098,11:13:11.557,70.2600,24
40391562761113,11:13:11.562,70.2600,200
40391562761113,11:13:11.562,70.2600,100
40391562761113,11:13:11.562,70.2500,100
40391562761113,11:13:11.562,70.2500,100
40391987249461,11:13:11.987,70.2600,100
40402762441373,11:13:22.762,70.2500,100
40405870428394,11:13:25.870,70.2300,300
40405870457512,11:13:25.870,70.2300,100
40405910932705,11:13:25.910,70.2200,92
40470774647803,11:14:30.774,70.3000,100
40486791437587,11:14:46.791,70.3300,100
40486792997201,11:14:46.792,70.3300,100
40488746985936,11:14:48.746,70.3200,100
40488746985936,11:14:48.746,70.3200,9
40488748784588,11:14:48.748,70.3200,100
40488753300222,11:14:48.753,70.3200,100
40495787340773,11:14:55.787,70.3000,100
40500949113424,11:15:00.949,70.3100,76
40500949130113,11:15:00.949,70.3100,24
40500949130113,11:15:00.949,70.3100,100
40500949443589,11:15:00.949,70.3100,100
40500949443589,11:15:00.949,70.3100,61
40500949448790,11:15:00.949,70.3100,39
40500949473843,11:15:00.949,70.3100,39
40500949497643,11:15:00.949,70.3100,39
40500950637779,11:15:00.950,70.3100,22
40500950637779,11:15:00.950,70.3100,78
40500950687105,11:15:00.950,70.3100,22
40519916618214,11:15:19.916,70.3100,15
40528741698804,11:15:28.741,70.3300,100
40528742039886,11:15:28.742,70.3300,100
40528743295139,11:15:28.743,70.3300,100
40528743320016,11:15:28.743,70.3400,100
40531361474764,11:15:31.361,70.3100,100
40531361474764,11:15:31.361,70.3100,100
40531361474764,11:15:31.361,70.3100,100
40531361474764,11:15:31.361,70.3100,39
40531361518483,11:15:31.361,70.3100,61
40531361522552,11:15:31.361,70.3100,61
40531361534971,11:15:31.361,70.3100,39
40531361534971,11:15:31.361,70.3100,61
40531361546451,11:15:31.361,70.3100,39
40531362102067,11:15:31.362,70.3000,100
40532005405616,11:15:32.005,70.3000,100
40539029261185,11:15:39.029,70.3000,24
40539029261185,11:15:39.029,70.3000,100
40562280464685,11:16:02.280,70.3600,100
40565795281747,11:16:05.795,70.3600,100
40565795281747,11:16:05.795,70.3600,100
40565795281747,11:16:05.795,70.3600,100
40566239637186,11:16:06.239,70.3600,100
40566242193505,11:16:06.242,70.3500,100
40566242193505,11:16:06.242,70.3500,100
40566242210451,11:16:06.242,70.3500,9
40566242572301,11:16:06.242,70.3500,200
40570029317308,11:16:10.029,70.3500,96
40570029346400,11:16:10.029,70.3500,4
40570029752704,11:16:10.029,70.3500,5
40570029784701,11:16:10.029,70.3500,95
40576338010848,11:16:16.338,70.3700,11
40576338010848,11:16:16.338,70.3700,100
40576338047764,11:16:16.338,70.3800,62
40576338049279,11:16:16.338,70.3800,3
40576343580807,11:16:16.343,70.3700,100
40576440096161,11:16:16.440,70.3900,100
40577442891205,11:16:17.442,70.3800,100
40577442891205,11:16:17.442,70.3800,8
40601402940190,11:16:41.402,70.4000,100
40613867552074,11:16:53.867,70.3900,100
40613867552074,11:16:53.867,70.3900,10
40613867600698,11:16:53.867,70.3900,76
40613867630480,11:16:53.867,70.3900,14
40613867636239,11:16:53.867,70.3900,85
40613868503535,11:16:53.868,70.4000,133
40613868557162,11:16:53.868,70.4000,67
40613868557162,11:16:53.868,70.4000,24
40616842245025,11:16:56.842,70.3900,100
40616842245025,11:16:56.842,70.3900,100
40632096012441,11:17:12.096,70.4000,73
40632096029785,11:17:12.096,70.4000,27
40632129678128,11:17:12.129,70.4100,100
40632129692847,11:17:12.129,70.4100,34
40632132155631,11:17:12.132,70.4100,100
40632132192287,11:17:12.132,70.3900,188
40632132192866,11:17:12.132,70.3900,12
40643441290784,11:17:23.441,70.3800,100
40643622845043,11:17:23.622,70.3700,100
40643768456023,11:17:23.768,70.3700,65
40643788817805,11:17:23.788,70.3700,35
40643788817805,11:17:23.788,70.3700,100
40643788817805,11:17:23.788,70.3700,165
40643788874578,11:17:23.788,70.3700,35
40643788874578,11:17:23.788,70.3700,100
40650920069905,11:17:30.920,70.3700,100
40650920069905,11:17:30.920,70.3700,200
40650920083323,11:17:30.920,70.3700,100
40680733548719,11:18:00.733,70.4000,100
40687765362195,11:18:07.765,70.4000,8
40698378688688,11:18:18.378,70.3900,100
40698378688688,11:18:18.378,70.3900,200
40698378688688,11:18:18.378,70.3900,200
40708664067461,11:18:28.664,70.3900,100
40708664067461,11:18:28.664,70.3900,100
40708664067461,11:18:28.664,70.3900,300
40708664527381,11:18:28.664,70.4000,200
40714464335707,11:18:34.464,70.3800,100
40714464335707,11:18:34.464,70.3800,100
40714503839223,11:18:34.503,70.3700,76
40714503868583,11:18:34.503,70.3700,24
40714503868583,11:18:34.503,70.3700,100
40714503868583,11:18:34.503,70.3700,100
40714503868583,11:18:34.503,70.3700,100
40714503868583,11:18:34.503,70.3700,100
40717431230289,11:18:37.431,70.3600,17
40717431230289,11:18:37.431,70.3600,83
40719954532525,11:18:39.954,70.3700,100
40726936347630,11:18:46.936,70.3700,100
40763286950331,11:19:23.286,70.3650,100
40763286950331,11:19:23.286,70.3500,100
40764135861399,11:19:24.135,70.3500,12
40764136253936,11:19:24.136,70.3500,62
40764136259251,11:19:24.136,70.3500,26
40764433002756,11:19:24.433,70.3400,100
40764434306654,11:19:24.434,70.3400,16
40785819004885,11:19:45.819,70.3300,100
40797704700418,11:19:57.704,70.3100,100
40806247512944,11:20:06.247,70.3400,100
40811277376145,11:20:11.277,70.3500,13
40821292319698,11:20:21.292,70.3600,64
40821292331658,11:20:21.292,70.3600,36
40901294167083,11:21:41.294,70.4000,8
40901294167083,11:21:41.294,70.4000,100
40911006603027,11:21:51.006,70.4000,20
40913104385278,11:21:53.104,70.4000,80
40929833363150,11:22:09.833,70.4000,7
40929833363150,11:22:09.833,70.4000,45
40929833389591,11:22:09.833,70.4000,55
40929836182806,11:22:09.836,70.3800,100
40929836182806,11:22:09.836,70.3800,100
40929836182806,11:22:09.836,70.3800,100
40929836182806,11:22:09.836,70.3800,100
40929836182806,11:22:09.836,70.3800,100
40930200255462,11:22:10.200,70.3700,100
40930200807054,11:22:10.200,70.3700,100
40930200838698,11:22:10.200,70.3600,100
40989096298735,11:23:09.096,70.3300,100
40992053786672,11:23:12.053,70.3100,30
41057822230100,11:24:17.822,70.3100,200
41078237284375,11:24:38.237,70.3300,100
41078240286430,11:24:38.240,70.3100,17
41094701167864,11:24:54.701,70.3200,100
41098007901482,11:24:58.007,70.3200,100
41098007901482,11:24:58.007,70.3200,100
41098007901482,11:24:58.007,70.3200,100
41098007901482,11:24:58.007,70.3200,100
41098015404377,11:24:58.015,70.3000,128
41098015463448,11:24:58.015,70.3000,272
41098015463448,11:24:58.015,70.3000,22
41098015463448,11:24:58.015,70.3000,17
41098015463448,11:24:58.015,70.3000,8
41098015463448,11:24:58.015,70.3000,100
41098015463448,11:24:58.015,70.3000,100
41098015463448,11:24:58.015,70.3000,26
41100852052351,11:25:00.852,70.3000,17
41110472423595,11:25:10.472,70.2900,16
41121477160507,11:25:21.477,70.2800,16
41121477160507,11:25:21.477,70.2800,200
41121477160507,11:25:21.477,70.2800,5
41121477627474,11:25:21.477,70.2800,95
41123485104579,11:25:23.485,70.2800,100
41126518417514,11:25:26.518,70.3000,100
41126519321270,11:25:26.519,70.3000,100
41126519321270,11:25:26.519,70.3000,100
41126519321270,11:25:26.519,70.3000,100
41137685452328,11:25:37.685,70.3100,400
41137685452328,11:25:37.685,70.3100,130
41137685479433,11:25:37.685,70.3100,170
41137685479433,11:25:37.685,70.3100,45
41137685479433,11:25:37.685,70.3100,100
41137685481233,11:25:37.685,70.3100,315
41137685495903,11:25:37.685,70.3100,100
41137685542582,11:25:37.685,70.3100,76
41137685682382,11:25:37.685,70.3100,124
41137685697645,11:25:37.685,70.3100,40
41137685697645,11:25:37.685,70.3100,100
41137689027990,11:25:37.689,70.3100,100
41137689027990,11:25:37.689,70.3100,26
41137693293206,11:25:37.693,70.3000,100
41140880617164,11:25:40.880,70.3100,100
41140880645766,11:25:40.880,70.3100,100
41143356191952,11:25:43.356,70.3000,76
41143356221517,11:25:43.356,70.3000,24
41143356221517,11:25:43.356,70.3000,100
41157730985820,11:25:57.730,70.2900,100
41168324967543,11:26:08.324,70.2900,100
41205907969846,11:26:45.907,70.3000,36
41214876174956,11:26:54.876,70.3000,9
41265569010915,11:27:45.569,70.3500,100
41282369752152,11:28:02.369,70.3500,100
41282369752152,11:28:02.369,70.3500,18
41282369756222,11:28:02.369,70.3500,82
41282369766522,11:28:02.369,70.3500,200
41283835379971,11:28:03.835,70.3700,87
41283835393623,11:28:03.835,70.3700,43
41283835396263,11:28:03.835,70.3700,63
41283835408408,11:28:03.835,70.3700,7
41283835411000,11:28:03.835,70.3700,100
41283835411000,11:28:03.835,70.3700,13
41283835432766,11:28:03.835,70.3700,43
41283835435536,11:28:03.835,70.3700,7
41283835440295,11:28:03.835,70.3700,37
41287338774597,11:28:07.338,70.3900,1
41290321536128,11:28:10.321,70.3700,100
41290321781524,11:28:10.321,70.3700,5
41297298354453,11:28:17.298,70.3600,8
41297298644108,11:28:17.298,70.3600,80
41307744714399,11:28:27.744,70.3500,100
41307744782238,11:28:27.744,70.3500,100
41307744873438,11:28:27.744,70.3500,76
41307753275573,11:28:27.753,70.3500,56
41307753368755,11:28:27.753,70.3500,44
41359316516276,11:29:19.316,70.3700,100
41403324006095,11:30:03.324,70.3800,100
41403324006095,11:30:03.324,70.3800,200
41403324006095,11:30:03.324,70.3800,100
41415252876463,11:30:15.252,70.3700,76
41415252905177,11:30:15.252,70.3700,24
41415252905177,11:30:15.252,70.3700,100
41415257334984,11:30:15.257,70.3600,100
41420953369014,11:30:20.953,70.3600,100
41425620453610,11:30:25.620,70.3500,7
41425620453610,11:30:25.620,70.3500,100
41425620453610,11:30:25.620,70.3500,100
41425652355974,11:30:25.652,70.3500,46
41428495231217,11:30:28.495,70.3400,100
41428497963824,11:30:28.497,70.3300,100
41471595877889,11:31:11.595,70.3200,200
41471595877889,11:31:11.595,70.3200,100
41471597940167,11:31:11.597,70.3200,200
41471597966793,11:31:11.597,70.3200,100
41476263013644,11:31:16.263,70.3200,100
41481642363474,11:31:21.642,70.3100,46
41481642382535,11:31:21.642,70.3100,154
41481642382535,11:31:21.642,70.3100,87
41481642386307,11:31:21.642,70.3100,13
41491620989995,11:31:31.620,70.3400,100
41526740533548,11:32:06.740,70.3700,100
41527776050333,11:32:07.776,70.3700,100
41528643733482,11:32:08.643,70.3700,100
41532299799941,11:32:12.299,70.3700,100
41537961311928,11:32:17.961,70.3600,7
41537961311928,11:32:17.961,70.3600,100
41553869608063,11:32:33.869,70.3600,100
41553869608063,11:32:33.869,70.3600,10
41561088699254,11:32:41.088,70.3600,100
41561791287970,11:32:41.791,70.3600,100
41565523664375,11:32:45.523,70.3600,80
41565523693902,11:32:45.523,70.3600,20
41568588002247,11:32:48.588,70.3600,100
41569153972022,11:32:49.153,70.3500,56
41577356449138,11:32:57.356,70.3600,100
41577962123535,11:32:57.962,70.3600,50
41578720785003,11:32:58.720,70.3500,4
41578732954051,11:32:58.732,70.3500,59
41578746402893,11:32:58.746,70.3500,59
41578747318369,11:32:58.747,70.3500,78
41589985409867,11:33:09.985,70.3500,50
41589992806948,11:33:09.992,70.3500,100
41650977984534,11:34:10.977,70.3800,100
41653330240422,11:34:13.330,70.3800,100
41653330240422,11:34:13.330,70.3800,100
41653330257771,11:34:13.330,70.3800,100
41653330257771,11:34:13.330,70.3800,100
41655146254864,11:34:15.146,70.3800,100
41655146674742,11:34:15.146,70.3900,69
41655146731280,11:34:15.146,70.3900,31
41656017570409,11:34:16.017,70.3900,100
41656017960908,11:34:16.017,70.3900,100
41663970860213,11:34:23.970,70.3900,100
41663970860213,11:34:23.970,70.3900,100
41664086938737,11:34:24.086,70.3900,100
41670961740902,11:34:30.961,70.3800,7
41670961740902,11:34:30.961,70.3800,100
41670961740902,11:34:30.961,70.3800,93
41670961775135,11:34:30.961,70.3800,107
41677420785072,11:34:37.420,70.3900,29
41677979647121,11:34:37.979,70.3900,71
41677979647121,11:34:37.979,70.3900,29
41683404880190,11:34:43.404,70.4000,28
41685423213693,11:34:45.423,70.4000,172
41704027850488,11:35:04.027,70.4000,100
41704027850488,11:35:04.027,70.4000,100
41704028194975,11:35:04.028,70.4000,100
41732816483008,11:35:32.816,70.4100,1
41737028567011,11:35:37.028,70.4100,100
41760758490673,11:36:00.758,70.4400,51
41760758496893,11:36:00.758,70.4400,49
41760758496893,11:36:00.758,70.4400,51
41760758498578,11:36:00.758,70.4400,49
41781986927601,11:36:21.986,70.4300,7
41781986927601,11:36:21.986,70.4300,100
41781986927601,11:36:21.986,70.4300,200
41789950710844,11:36:29.950,70.4100,200
41796877284491,11:36:36.877,70.3900,100
41800225951696,11:36:40.225,70.3900,100
41800225951696,11:36:40.225,70.3900,36
41800225978217,11:36:40.225,70.3900,64
41854256993922,11:37:34.256,70.4100,100
41858659600139,11:37:38.659,70.4100,100
41897387023211,11:38:17.387,70.4100,100
41897387023211,11:38:17.387,70.4100,100
41897387023211,11:38:17.387,70.4100,100
41897394678521,11:38:17.394,70.4000,7
41897394678521,11:38:17.394,70.4000,93
41897395350627,11:38:17.395,70.4000,7
41917883594189,11:38:37.883,70.3800,100
41917883594189,11:38:37.883,70.3800,100
41920135393776,11:38:40.135,70.3800,100
41933617081193,11:38:53.617,70.3700,100
41944458463826,11:39:04.458,70.3800,90
41944458511056,11:39:04.458,70.3800,10
41944458511056,11:39:04.458,70.3800,66
41944458765049,11:39:04.458,70.3800,34
41944458765049,11:39:04.458,70.3800,100
41948645321835,11:39:08.645,70.3600,100
41948645321835,11:39:08.645,70.3600,100
41948760912394,11:39:08.760,70.3500,100
41948760912394,11:39:08.760,70.3500,100
41950554866803,11:39:10.554,70.3400,100
41950554866803,11:39:10.554,70.3400,100
41966573548260,11:39:26.573,70.3500,100
41966573548260,11:39:26.573,70.3500,100
41967992124294,11:39:27.992,70.3600,100
41967992149679,11:39:27.992,70.3600,30
41967992198193,11:39:27.992,70.3600,70
42003972165790,11:40:03.972,70.3900,68
42003972338185,11:40:03.972,70.3900,32
42003972338185,11:40:03.972,70.3900,100
42004764218010,11:40:04.764,70.4100,100
42004764218010,11:40:04.764,70.4100,100
42007381551533,11:40:07.381,70.4000,7
42014058835259,11:40:14.058,70.3900,100
42014058875187,11:40:14.058,70.3900,100
42020991185100,11:40:20.991,70.3900,100
42037740668526,11:40:37.740,70.3900,200
42047784905068,11:40:47.784,70.4000,100
42087877935004,11:41:27.877,70.3800,76
42087878278579,11:41:27.878,70.3800,24
42101151366879,11:41:41.151,70.4000,100
42121735022596,11:42:01.735,70.4000,100
42123330676232,11:42:03.330,70.4000,100
42131248115573,11:42:11.248,70.4000,100
42136434342297,11:42:16.434,70.4000,100
42139671289230,11:42:19.671,70.3900,100
42139671289230,11:42:19.671,70.3900,6
42149268875591,11:42:29.268,70.3800,59
42166596753644,11:42:46.596,70.4000,100
42187960474743,11:43:07.960,70.4100,72
42187960508650,11:43:07.960,70.4100,28
42187964169287,11:43:07.964,70.4200,100
42187964553862,11:43:07.964,70.4200,76
42187964746345,11:43:07.964,70.4200,24
42187985466820,11:43:07.985,70.4100,28
42187985466820,11:43:07.985,70.4100,100
42187985466820,11:43:07.985,70.4100,72
42196128934452,11:43:16.128,70.4200,3
42199773958548,11:43:19.773,70.4300,100
42201988152215,11:43:21.988,70.4200,100
42206832826601,11:43:26.832,70.4100,76
42206832859899,11:43:26.832,70.4100,24
42206832859899,11:43:26.832,70.4100,200
42206833498550,11:43:26.833,70.4000,100
42206833498550,11:43:26.833,70.4000,100
42206833498550,11:43:26.833,70.4000,100
42209839210697,11:43:29.839,70.3950,100
42209839210697,11:43:29.839,70.3950,100
42209839452861,11:43:29.839,70.3900,50
42209992429493,11:43:29.992,70.3900,50
42209992429493,11:43:29.992,70.3900,50
42209992459881,11:43:29.992,70.3900,50
42209992459881,11:43:29.992,70.3900,41
42215871927506,11:43:35.871,70.3900,46
42215872381636,11:43:35.872,70.3900,5
42215872405423,11:43:35.872,70.3900,49
42236584418228,11:43:56.584,70.3800,100
42260925925097,11:44:20.925,70.3900,100
42260925925097,11:44:20.925,70.3900,100
42260928296536,11:44:20.928,70.3900,100
42260928296536,11:44:20.928,70.3900,100
42260928385243,11:44:20.928,70.3900,28
42263331067728,11:44:23.331,70.3900,76
42266901671085,11:44:26.901,70.3800,12
42278013708314,11:44:38.013,70.3800,88
42278013708314,11:44:38.013,70.3800,7
42300219126644,11:45:00.219,70.3800,100
42300219126644,11:45:00.219,70.3800,100
42300219464289,11:45:00.219,70.3800,100
42306330793015,11:45:06.330,70.4000,100
42322843102848,11:45:22.843,70.4100,90
42323317425522,11:45:23.317,70.4100,4
42327622625263,11:45:27.622,70.4100,106
42329524989659,11:45:29.524,70.4100,100
42329524989659,11:45:29.524,70.4100,100
42329525519726,11:45:29.525,70.4100,200
42329525519726,11:45:29.525,70.4100,100
42329525519726,11:45:29.525,70.4100,4
42329525573558,11:45:29.525,70.4100,96
42330561909424,11:45:30.561,70.4200,100
42331121230500,11:45:31.121,70.4500,76
42345281388865,11:45:45.281,70.4400,100
42345798430871,11:45:45.798,70.4400,100
42363351680496,11:46:03.351,70.4500,76
42364996675508,11:46:04.996,70.4500,24
42364996675508,11:46:04.996,70.4500,27
42364997571493,11:46:04.997,70.4500,73
42388665143406,11:46:28.665,70.4500,100
42388665143406,11:46:28.665,70.4500,2
42388667279584,11:46:28.667,70.4500,4
42392248776110,11:46:32.248,70.4500,1
42413037593423,11:46:53.037,70.4300,7
42413037593423,11:46:53.037,70.4300,100
42413038597985,11:46:53.038,70.4300,19
42414843492679,11:46:54.843,70.4300,80
42414843522980,11:46:54.843,70.4300,20
42414845335718,11:46:54.845,70.4400,100
42414853031803,11:46:54.853,70.4400,100
42414853081242,11:46:54.853,70.4400,100
42420940638038,11:47:00.940,70.4600,100
42420940638038,11:47:00.940,70.4600,90
42421960661011,11:47:01.960,70.4700,55
42433583803712,11:47:13.583,70.4600,10
42433583803712,11:47:13.583,70.4600,72
42441902392331,11:47:21.902,70.4700,45
42441902392331,11:47:21.902,70.4700,100
42441902392331,11:47:21.902,70.4700,55
42441902407291,11:47:21.902,70.4700,45
42442213339104,11:47:22.213,70.4700,45
42466838254881,11:47:46.838,70.5100,100
42466857959388,11:47:46.857,70.5100,100
42479658781296,11:47:59.658,70.5200,100
42483564397374,11:48:03.564,70.5300,76
42483920019536,11:48:03.920,70.5300,24
42523620060445,11:48:43.620,70.5300,100
42523620681196,11:48:43.620,70.5300,100
42523729532929,11:48:43.729,70.5500,99
42531933834525,11:48:51.933,70.5700,3
42537800777647,11:48:57.800,70.5800,30
42564057406291,11:49:24.057,70.6000,1
42600615887917,11:50:00.615,70.6100,96
42601213688491,11:50:01.213,70.6000,100
42609565341350,11:50:09.565,70.6000,100
42609565341350,11:50:09.565,70.6000,100
42609565341350,11:50:09.565,70.6000,5
42609565341350,11:50:09.565,70.6000,100
42609570512852,11:50:09.570,70.5900,100
42609570512852,11:50:09.570,70.5900,100
42610371252285,11:50:10.371,70.5900,100
42610371252285,11:50:10.371,70.5900,29
42610793929770,11:50:10.793,70.6000,5
42612519570803,11:50:12.519,70.5900,10
42612931627446,11:50:12.931,70.5850,100
42612933233363,11:50:12.933,70.5800,59
42612933262031,11:50:12.933,70.5800,41
42612933262031,11:50:12.933,70.5800,100
42612933265211,11:50:12.933,70.5800,100
42612962777479,11:50:12.962,70.5700,4
42613163042797,11:50:13.163,70.5600,6
42613163042797,11:50:13.163,70.5600,28
42613334341863,11:50:13.334,70.5700,5
42613886413741,11:50:13.886,70.5700,24
42616449619215,11:50:16.449,70.5600,2
42616449678093,11:50:16.449,70.5600,52
42616450369062,11:50:16.450,70.5600,5
42623332246143,11:50:23.332,70.5600,100
42626744083204,11:50:26.744,70.5700,16
42647061855761,11:50:47.061,70.5500,100
42647061855761,11:50:47.061,70.5500,100
42668180550395,11:51:08.180,70.5500,80
42673324504192,11:51:13.324,70.5400,100
42673324530212,11:51:13.324,70.5300,71
42673326558965,11:51:13.326,70.5300,100
42675865300834,11:51:15.865,70.5200,17
42675865305922,11:51:15.865,70.5200,117
42675865314851,11:51:15.865,70.5200,15
42675865326662,11:51:15.865,70.5200,51
42676115421012,11:51:16.115,70.5100,4
42691515347775,11:51:31.515,70.5000,80
42691515350960,11:51:31.515,70.5000,20
42691515350960,11:51:31.515,70.5000,98
42691515394785,11:51:31.515,70.5000,2
42691516852333,11:51:31.516,70.4800,30
42693872654220,11:51:33.872,70.4700,100
42693873189643,11:51:33.873,70.4500,100
42693873189643,11:51:33.873,70.4500,100
42693875797499,11:51:33.875,70.4400,24
42693876711986,11:51:33.876,70.4500,56
42693876742210,11:51:33.876,70.4500,44
42693876742210,11:51:33.876,70.4500,56
42693876742842,11:51:33.876,70.4500,44
42693877299486,11:51:33.877,70.4400,76
42694051596824,11:51:34.051,70.4300,100
42694051596824,11:51:34.051,70.4300,200
42694492237125,11:51:34.492,70.4400,25
42694498416937,11:51:34.498,70.4400,2
42706559769259,11:51:46.559,70.4200,100
42706559797683,11:51:46.559,70.4200,8
42706592395758,11:51:46.592,70.4100,100
42706592395758,11:51:46.592,70.4100,100
42706592395758,11:51:46.592,70.4100,100
42706593303126,11:51:46.593,70.4000,100
42706593303126,11:51:46.593,70.4000,100
42719504229599,11:51:59.504,70.3900,300
42723580802539,11:52:03.580,70.3800,7
42723580802539,11:52:03.580,70.3800,100
42723580802539,11:52:03.580,70.3800,100
42723580802539,11:52:03.580,70.3800,100
42723580802539,11:52:03.580,70.3800,37
42723580805478,11:52:03.580,70.3800,63
42724466706350,11:52:04.466,70.3700,100
42735060693694,11:52:15.060,70.3600,100
42735060724023,11:52:15.060,70.3600,100
42735061629237,11:52:15.061,70.3500,100
42735061629237,11:52:15.061,70.3500,61
42735065118992,11:52:15.065,70.3500,100
42741804744490,11:52:21.804,70.3500,100
42742990696972,11:52:22.990,70.3600,100
42785477128874,11:53:05.477,70.3800,20
42790462150357,11:53:10.462,70.4000,100
42790462511193,11:53:10.462,70.4000,100
42790463070171,11:53:10.463,70.4000,100
42831340648078,11:53:51.340,70.4100,100
42837526456643,11:53:57.526,70.4000,100
42837526456643,11:53:57.526,70.4000,100
42900498356083,11:55:00.498,70.4200,100
42912230971439,11:55:12.230,70.4500,32
42949851244658,11:55:49.851,70.4400,100
42949851244658,11:55:49.851,70.4400,1
42977697251448,11:56:17.697,70.4400,100
42982046169705,11:56:22.046,70.4500,5
42988056243177,11:56:28.056,70.4400,5
42988056356845,11:56:28.056,70.4400,95
42988056356845,11:56:28.056,70.4400,100
42988057302232,11:56:28.057,70.4400,100
42994741359377,11:56:34.741,70.4300,5
42995024236495,11:56:35.024,70.4300,95
42995024236495,11:56:35.024,70.4300,7
43027466072897,11:57:07.466,70.4300,20
43027466072897,11:57:07.466,70.4300,15
43027467318243,11:57:07.467,70.4200,35
43027467345880,11:57:07.467,70.4200,65
43027467345880,11:57:07.467,70.4200,100
43049605146395,11:57:29.605,70.4300,10
43084773469588,11:58:04.773,70.4600,100
43085611421313,11:58:05.611,70.4700,100
43141687879548,11:59:01.687,70.4700,11
43141687954862,11:59:01.687,70.4700,100
43156156506758,11:59:16.156,70.4700,100
43156156506758,11:59:16.156,70.4700,100
43161383847735,11:59:21.383,70.4700,56
43161383847735,11:59:21.383,70.4700,44
43161383906256,11:59:21.383,70.4700,56
43165001372084,11:59:25.001,70.4600,6
43165001372084,11:59:25.001,70.4600,70
43165001391307,11:59:25.001,70.4600,30
43186733722218,11:59:46.733,70.4800,300
43198674575635,11:59:58.674,70.5200,50
43198674601841,11:59:58.674,70.5200,50
43199043058271,11:59:59.043,70.5400,100
43209799111527,12:00:09.799,70.5300,6
43209799111527,12:00:09.799,70.5300,200
43211474411737,12:00:11.474,70.5300,2
43212250407422,12:00:12.250,70.5300,100
43212250434510,12:00:12.250,70.5300,92
43218445056513,12:00:18.445,70.5600,100
43227840382853,12:00:27.840,70.5500,100
43231408406683,12:00:31.408,70.5400,100
43231413702938,12:00:31.413,70.5400,5
43235020585770,12:00:35.020,70.5300,100
43245809113720,12:00:45.809,70.5200,100
43245817179372,12:00:45.817,70.5100,100
43245818848286,12:00:45.818,70.5100,3
43245824790956,12:00:45.824,70.5100,100
43250232579460,12:00:50.232,70.5200,100
43250232579460,12:00:50.232,70.5200,100
43268333662749,12:01:08.333,70.5400,100
43268339289583,12:01:08.339,70.5400,100
43280478512019,12:01:20.478,70.5200,100
43280479140697,12:01:20.479,70.5100,100
43284535428432,12:01:24.535,70.5000,100
43284535428432,12:01:24.535,70.5000,100
43296521984638,12:01:36.521,70.4800,100
43296526739014,12:01:36.526,70.4800,10
43296951617656,12:01:36.951,70.4800,1
43301800659284,12:01:41.800,70.4800,89
43304092765298,12:01:44.092,70.4900,100
43306760762677,12:01:46.760,70.4900,2
43306760807088,12:01:46.760,70.4900,98
43330841740010,12:02:10.841,70.5100,100
43339730879444,12:02:19.730,70.5300,18
43342639147018,12:02:22.639,70.5300,1
43343341675569,12:02:23.341,70.5300,1
43352029561315,12:02:32.029,70.5300,80
43352029561315,12:02:32.029,70.5300,100
43353336246917,12:02:33.336,70.5500,1
43356758829726,12:02:36.758,70.5700,100
43361551140923,12:02:41.551,70.5700,14
43361551140923,12:02:41.551,70.5700,6
43385497703179,12:03:05.497,70.5700,100
43388527900463,12:03:08.527,70.5800,100
43388527973026,12:03:08.527,70.5800,18
43388527973026,12:03:08.527,70.5800,100
43390470079481,12:03:10.470,70.5700,100
43403283604283,12:03:23.283,70.5800,100
43452273513716,12:04:12.273,70.5600,6
43489067042355,12:04:49.067,70.5200,100
43489067042355,12:04:49.067,70.5200,5
43489067787435,12:04:49.067,70.5100,1
43489157518332,12:04:49.157,70.5200,2
43489946682928,12:04:49.946,70.5200,5
43497330569676,12:04:57.330,70.5200,70
43505834687868,12:05:05.834,70.5200,100
43505835886127,12:05:05.835,70.5200,1
43510840107193,12:05:10.840,70.5100,5
43535370192719,12:05:35.370,70.4900,1
43535370192719,12:05:35.370,70.4900,69
43537305420540,12:05:37.305,70.4900,31
43542149100990,12:05:42.149,70.4700,100
43542254708048,12:05:42.254,70.4700,200
43542254838267,12:05:42.254,70.4700,200
43542255128714,12:05:42.255,70.4700,61
43542255289151,12:05:42.255,70.4700,39
43543068252863,12:05:43.068,70.4700,2
43548842440842,12:05:48.842,70.4700,98
43553235226985,12:05:53.235,70.4700,10
43553235231375,12:05:53.235,70.4700,56
43553235981680,12:05:53.235,70.4700,22
43553235997581,12:05:53.235,70.4700,2
43567704650108,12:06:07.704,70.4700,343
43567704650108,12:06:07.704,70.4700,6
43570996492424,12:06:10.996,70.4700,100
43570996492424,12:06:10.996,70.4700,100
43573343889333,12:06:13.343,70.4800,3
43599207810127,12:06:39.207,70.4800,76
43599207848836,12:06:39.207,70.4800,21
43599208859476,12:06:39.208,70.4800,100
43599210600524,12:06:39.210,70.4800,100
43623787211650,12:07:03.787,70.4900,100
43652474418539,12:07:32.474,70.4900,8
43652475118444,12:07:32.475,70.4800,100
43668215367943,12:07:48.215,70.4800,100
43668215367943,12:07:48.215,70.4800,100
43709196053688,12:08:29.196,70.4900,6
43726804066236,12:08:46.804,70.4900,200
43726804066236,12:08:46.804,70.4900,100
43751013339429,12:09:11.013,70.5100,100
43751906452430,12:09:11.906,70.5100,100
43751906479228,12:09:11.906,70.5100,100
43754969588342,12:09:14.969,70.5100,100
43774900584073,12:09:34.900,70.5000,100
43792681101956,12:09:52.681,70.5000,100
43792681595672,12:09:52.681,70.5000,100
43792681595672,12:09:52.681,70.5000,100
43800789953808,12:10:00.789,70.4900,100
43856486662614,12:10:56.486,70.5000,131
43856486706523,12:10:56.486,70.5000,69
43856486706523,12:10:56.486,70.5000,131
43856487272560,12:10:56.487,70.5000,85
43858611935849,12:10:58.611,70.5000,100
43858611996471,12:10:58.611,70.5000,15
43858612078874,12:10:58.612,70.5000,15
43858612104367,12:10:58.612,70.5000,54
43866031003044,12:11:06.031,70.5200,100
43883188601002,12:11:23.188,70.5000,7
43912131616909,12:11:52.131,70.5000,696
43929423363872,12:12:09.423,70.5200,100
43929423749964,12:12:09.423,70.5200,100
43951852041082,12:12:31.852,70.5100,100
43951854987830,12:12:31.854,70.5100,100
43953090291478,12:12:33.090,70.5000,1
43977169447620,12:12:57.169,70.5300,166
43977169451424,12:12:57.169,70.5300,56
43977169463438,12:12:57.169,70.5300,78
43977170078179,12:12:57.170,70.5400,100
43986765489318,12:13:06.765,70.5500,20
44045422177336,12:14:05.422,70.5400,100
44045422177336,12:14:05.422,70.5400,93
44045422177336,12:14:05.422,70.5400,6
44045422560224,12:14:05.422,70.5400,5
44068539635605,12:14:28.539,70.5300,10
44068539635605,12:14:28.539,70.5300,90
44068539675528,12:14:28.539,70.5300,10
44119946194989,12:15:19.946,70.5400,10
44119946194989,12:15:19.946,70.5400,100
44210424011958,12:16:50.424,70.5500,100
44210424493775,12:16:50.424,70.5500,100
44214019163690,12:16:54.019,70.5600,13
44214019219168,12:16:54.019,70.5600,87
44214019219168,12:16:54.019,70.5600,13
44214019242886,12:16:54.019,70.5600,87
44220845436753,12:17:00.845,70.5600,6
44257282564191,12:17:37.282,70.5800,1
44257282599068,12:17:37.282,70.5800,99
44257383499903,12:17:37.383,70.5900,200
44258424742303,12:17:38.424,70.6200,100
44258776749594,12:17:38.776,70.6000,98
44259811826724,12:17:39.811,70.6000,10
44259813229904,12:17:39.813,70.5900,38
44259814101021,12:17:39.814,70.6000,1
44282788807354,12:18:02.788,70.5800,100
44282824420201,12:18:02.824,70.5700,100
44282824420201,12:18:02.824,70.5700,100
44282824420201,12:18:02.824,70.5700,100
44282876131814,12:18:02.876,70.5600,20
44282876131814,12:18:02.876,70.5600,100
44316228411645,12:18:36.228,70.5600,100
44320392178780,12:18:40.392,70.5500,20
44320392178780,12:18:40.392,70.5500,200
44320392178780,12:18:40.392,70.5500,6
44320408514024,12:18:40.408,70.5500,56
44327652679360,12:18:47.652,70.5400,11
44327652679921,12:18:47.652,70.5400,89
44327652679921,12:18:47.652,70.5400,10
44327653786496,12:18:47.653,70.5400,10
44369028333429,12:19:29.028,70.5400,100
44369028333429,12:19:29.028,70.5400,100
44370606451050,12:19:30.606,70.5400,5
44370606479243,12:19:30.606,70.5400,95
44375835050252,12:19:35.835,70.5400,100
44375843618200,12:19:35.843,70.5300,100
44417129879584,12:20:17.129,70.5400,4
44450605063971,12:20:50.605,70.5400,100
44470343335122,12:21:10.343,70.5200,5
44470343335122,12:21:10.343,70.5200,6
44470343335122,12:21:10.343,70.5200,100
44496923355344,12:21:36.923,70.5100,100
44502337097801,12:21:42.337,70.5000,5
44505234329539,12:21:45.234,70.4900,80
44505234422609,12:21:45.234,70.4900,20
44505234569826,12:21:45.234,70.4900,10
44505234781134,12:21:45.234,70.4900,12
44538349911048,12:22:18.349,70.5000,1
44560578525585,12:22:40.578,70.4800,10
44560578525585,12:22:40.578,70.4800,7
44560578525585,12:22:40.578,70.4800,100
44560579440295,12:22:40.579,70.4800,2
44570705260465,12:22:50.705,70.4700,3
44571843858225,12:22:51.843,70.4600,99
44600251802633,12:23:20.251,70.4600,10
44600251872424,12:23:20.251,70.4600,76
44600251897695,12:23:20.251,70.4600,14
44600440624821,12:23:20.440,70.4500,5
44600440624821,12:23:20.440,70.4500,51
44640108438134,12:24:00.108,70.4500,100
44640108467467,12:24:00.108,70.4500,100
44640108467467,12:24:00.108,70.4500,3
44657053745134,12:24:17.053,70.4900,1
44669303111399,12:24:29.303,70.4800,100
44689066458346,12:24:49.066,70.4500,100
44689066458346,12:24:49.066,70.4500,200
44689066719446,12:24:49.066,70.4500,100
44689066719446,12:24:49.066,70.4500,7
44727355143459,12:25:27.355,70.4600,3
44793967648250,12:26:33.967,70.4600,7
44793967648250,12:26:33.967,70.4600,100
44793967648250,12:26:33.967,70.4600,100
44806549475898,12:26:46.549,70.4700,100
44831049410039,12:27:11.049,70.4600,100
44834859796562,12:27:14.859,70.4500,79
44834859814682,12:27:14.859,70.4500,21
44906375674644,12:28:26.375,70.5000,400
44906375674644,12:28:26.375,70.5000,78
44906375678151,12:28:26.375,70.5000,22
44938444651103,12:28:58.444,70.5200,3
44938797021286,12:28:58.797,70.5200,100
44947541258418,12:29:07.541,70.5200,18
44948476353998,12:29:08.476,70.5100,100
44948476395562,12:29:08.476,70.5100,100
44982784281824,12:29:42.784,70.5300,44
44983352978389,12:29:43.352,70.5300,56
44983352978389,12:29:43.352,70.5300,44
44983353210922,12:29:43.353,70.5300,56
45005937280042,12:30:05.937,70.5300,100
45005937280042,12:30:05.937,70.5300,100
45005937280042,12:30:05.937,70.5300,6
45009004491247,12:30:09.004,70.5200,44
45040315108512,12:30:40.315,70.5100,100
45102871684753,12:31:42.871,70.5500,100
45103565150991,12:31:43.565,70.5500,100
45106794241917,12:31:46.794,70.5400,100
45106794241917,12:31:46.794,70.5400,100
45109428028869,12:31:49.428,70.5300,100
45111062104481,12:31:51.062,70.5400,76
45111062128518,12:31:51.062,70.5400,1
45113352427035,12:31:53.352,70.5400,23
45113352427035,12:31:53.352,70.5400,77
45113352488543,12:31:53.352,70.5400,23
45113352492938,12:31:53.352,70.5400,56
45113352532695,12:31:53.352,70.5400,44
45113352532695,12:31:53.352,70.5400,56
45122597863802,12:32:02.597,70.5300,100
45142852617369,12:32:22.852,70.5200,100
45142852617369,12:32:22.852,70.5200,6
45144770466309,12:32:24.770,70.5100,100
45144770466309,12:32:24.770,70.5100,30
45157361814951,12:32:37.361,70.5200,100
45212006526335,12:33:32.006,70.4900,1
45212256107445,12:33:32.256,70.4900,1
45212259872011,12:33:32.259,70.4900,2
45215714947852,12:33:35.714,70.4900,100
45215714947852,12:33:35.714,70.4900,100
45215714947852,12:33:35.714,70.4900,31
45219915590872,12:33:39.915,70.4800,1
45248921120580,12:34:08.921,70.4900,100
45301896969147,12:35:01.896,70.5000,100
45308647454744,12:35:08.647,70.5200,100
45310258878655,12:35:10.258,70.5200,100
45310842489841,12:35:10.842,70.5300,99
45315385137023,12:35:15.385,70.5100,6
45315386050811,12:35:15.386,70.5100,100
45315386050811,12:35:15.386,70.5100,100
45318384155716,12:35:18.384,70.5200,100
45352988703069,12:35:52.988,70.5100,100
45352998006191,12:35:52.998,70.5100,100
45371236336860,12:36:11.236,70.5100,100
45372121799961,12:36:12.121,70.5000,100
45372121799961,12:36:12.121,70.5000,6
45378716740956,12:36:18.716,70.4900,1
45378716740956,12:36:18.716,70.4900,100
45398235356332,12:36:38.235,70.4800,18
45429066804898,12:37:09.066,70.4800,100
45434363400175,12:37:14.363,70.4800,100
45445444139684,12:37:25.444,70.4900,100
45462760681993,12:37:42.760,70.4800,100
45488668152986,12:38:08.668,70.5000,100
45488668152986,12:38:08.668,70.5100,403
45488668185918,12:38:08.668,70.5100,97
45488668185918,12:38:08.668,70.5100,3
45488671149239,12:38:08.671,70.5100,1
45493450637220,12:38:13.450,70.5200,100
45496197892495,12:38:16.197,70.5300,100
45540780531606,12:39:00.780,70.5500,100
45558912378033,12:39:18.912,70.5400,100
45558912406663,12:39:18.912,70.5400,6
45598555074776,12:39:58.555,70.5700,100
45598555074776,12:39:58.555,70.5700,100
45598555672302,12:39:58.555,70.5800,100
45598555672302,12:39:58.555,70.5800,100
45599170973857,12:39:59.170,70.5900,100
45623004326037,12:40:23.004,70.6100,8
45623004326037,12:40:23.004,70.6100,100
45630050338894,12:40:30.050,70.6100,100
45630050338894,12:40:30.050,70.6100,100
45630050338894,12:40:30.050,70.6100,5
45630050338894,12:40:30.050,70.6100,100
45630050338894,12:40:30.050,70.6100,100
45630050338894,12:40:30.050,70.6100,100
45630258799725,12:40:30.258,70.6100,100
45632746159767,12:40:32.746,70.6000,100
45667947138414,12:41:07.947,70.6100,100
45683614939408,12:41:23.614,70.6000,100
45683614939408,12:41:23.614,70.6000,100
45691206984722,12:41:31.206,70.5900,100
45691473730312,12:41:31.473,70.5800,100
45691473730312,12:41:31.473,70.5800,100
45691473730312,12:41:31.473,70.5800,100
45691473730312,12:41:31.473,70.5800,100
45691473733742,12:41:31.473,70.5800,100
45691473733742,12:41:31.473,70.5800,100
45691473733742,12:41:31.473,70.5800,100
45691473733742,12:41:31.473,70.5800,100
45691473736092,12:41:31.473,70.5800,100
45695151758951,12:41:35.151,70.5600,2
45695151768640,12:41:35.151,70.5600,2
45695151799159,12:41:35.151,70.5600,2
45703949195339,12:41:43.949,70.5500,2
45703951017781,12:41:43.951,70.5400,2
45703951017781,12:41:43.951,70.5300,6
45708541521592,12:41:48.541,70.5300,100
45708543860732,12:41:48.543,70.5200,2
45708543860732,12:41:48.543,70.5200,98
45708544142210,12:41:48.544,70.5200,2
45708544730622,12:41:48.544,70.5100,99
45708547901558,12:41:48.547,70.5100,99
45708666338738,12:41:48.666,70.5100,1
45708666338738,12:41:48.666,70.5100,1
45708666644017,12:41:48.666,70.5100,99
45710269714611,12:41:50.269,70.5000,2
45711009285091,12:41:51.009,70.4900,2
45720278837498,12:42:00.278,70.4800,2
45720278837498,12:42:00.278,70.4750,2
45720278971953,12:42:00.278,70.4700,2
45723650217817,12:42:03.650,70.4800,100
45723650217817,12:42:03.650,70.4800,55
45723650229198,12:42:03.650,70.4800,45
45724928122028,12:42:04.928,70.4800,45
45724928122028,12:42:04.928,70.4800,10
45724928810759,12:42:04.928,70.4800,2
45724928861937,12:42:04.928,70.4800,5
45724928907993,12:42:04.928,70.4800,55
45724928992652,12:42:04.928,70.4800,38
45724928992652,12:42:04.928,70.4700,60
45724929269084,12:42:04.929,70.4700,40
45724929269084,12:42:04.929,70.4700,7
45724929269084,12:42:04.929,70.4700,56
45724929336457,12:42:04.929,70.4700,44
45724931237655,12:42:04.931,70.4600,100
45724931237655,12:42:04.931,70.4600,2
45724931237655,12:42:04.931,70.4600,73
45724936452108,12:42:04.936,70.4600,27
45724936515562,12:42:04.936,70.4600,27
45727532449791,12:42:07.532,70.4400,200
45727532449791,12:42:07.532,70.4400,86
45727532449791,12:42:07.532,70.4400,100
45727532449791,12:42:07.532,70.4400,12
45727532481898,12:42:07.532,70.4400,14
45741176329657,12:42:21.176,70.4500,55
45741176340792,12:42:21.176,70.4500,45
45741176340792,12:42:21.176,70.4500,31
45741176360324,12:42:21.176,70.4500,69
45741176360324,12:42:21.176,70.4500,77
45778547699364,12:42:58.547,70.4400,57
45778578178257,12:42:58.578,70.4300,100
45829974012415,12:43:49.974,70.4200,100
45829977461787,12:43:49.977,70.4100,2
45829977461787,12:43:49.977,70.4100,100
45833758392319,12:43:53.758,70.4100,100
45835216156137,12:43:55.216,70.4300,100
45835216156137,12:43:55.216,70.4300,100
45846147172648,12:44:06.147,70.4400,100
45851999426273,12:44:11.999,70.4300,100
45851999426273,12:44:11.999,70.4400,100
45851999427821,12:44:11.999,70.4400,100
45852470030155,12:44:12.470,70.4300,100
45852470030155,12:44:12.470,70.4300,7
45862022772499,12:44:22.022,70.4200,100
45864436588651,12:44:24.436,70.4100,100
45896394820826,12:44:56.394,70.4000,100
45896394820826,12:44:56.394,70.4000,100
45915718109221,12:45:15.718,70.4300,12
45915718109221,12:45:15.718,70.4300,100
45952558577750,12:45:52.558,70.4400,5
45952558577750,12:45:52.558,70.4400,71
45952559029628,12:45:52.559,70.4400,29
46037237320483,12:47:17.237,70.4500,400
46038786511069,12:47:18.786,70.4700,100
46070020214022,12:47:50.020,70.4600,6
46070033773796,12:47:50.033,70.4500,100
46070065277582,12:47:50.065,70.4500,7
46089911677354,12:48:09.911,70.4600,100
46089914374311,12:48:09.914,70.4700,200
46115119341343,12:48:35.119,70.4800,100
46115127039658,12:48:35.127,70.4700,100
46115127079199,12:48:35.127,70.4700,100
46115134925489,12:48:35.134,70.4700,100
46136136232499,12:48:56.136,70.4700,100
46161510962904,12:49:21.510,70.4600,7
46161510962904,12:49:21.510,70.4600,100
46213064868344,12:50:13.064,70.4700,145
46213064923002,12:50:13.064,70.4700,200
46213064923512,12:50:13.064,70.4700,200
46213064932410,12:50:13.064,70.4700,772
46213064949719,12:50:13.064,70.4700,394
46213622741750,12:50:13.622,70.4700,76
46255446659264,12:50:55.446,70.4600,100
46255446659264,12:50:55.446,70.4600,100
46255466408483,12:50:55.466,70.4700,10
46258056074623,12:50:58.056,70.4800,100
46260918970755,12:51:00.918,70.4900,10
46260919005726,12:51:00.919,70.4900,63
46260919033675,12:51:00.919,70.4900,27
46274006378285,12:51:14.006,70.4900,76
46274006494190,12:51:14.006,70.4900,24
46306353540702,12:51:46.353,70.4800,7
46306353540702,12:51:46.353,70.4800,93
46306353995980,12:51:46.353,70.4800,5
46306497049896,12:51:46.497,70.4800,2
46393973078315,12:53:13.973,70.4600,7
46415696106058,12:53:35.696,70.4500,100
46423635485995,12:53:43.635,70.4200,100
46428010798348,12:53:48.010,70.4100,10
46432947191667,12:53:52.947,70.4100,100
46432947191667,12:53:52.947,70.4100,56
46432947191667,12:53:52.947,70.4100,100
46441300311912,12:54:01.300,70.4100,100
46444604274439,12:54:04.604,70.4000,10
46444604274439,12:54:04.604,70.4000,8
46460087738533,12:54:20.087,70.3800,29
46461089691658,12:54:21.089,70.3800,100
46471452678313,12:54:31.452,70.3700,10
46480454946350,12:54:40.454,70.3600,20
46480454946350,12:54:40.454,70.3600,100
46480454946350,12:54:40.454,70.3600,77
46495738633859,12:54:55.738,70.3700,100
46528332120053,12:55:28.332,70.3700,7
46528332122609,12:55:28.332,70.3700,51
46528332195474,12:55:28.332,70.3700,42
46534634446162,12:55:34.634,70.3700,100
46534634446162,12:55:34.634,70.3700,100
46536909169736,12:55:36.909,70.3500,10
46557635664912,12:55:57.635,70.3400,5
46559635787373,12:55:59.635,70.3300,100
46567321741471,12:56:07.321,70.3400,100
46567321776676,12:56:07.321,70.3400,200
46567321776676,12:56:07.321,70.3400,100
46567442341714,12:56:07.442,70.3500,100
46567442341714,12:56:07.442,70.3500,100
46569124765119,12:56:09.124,70.3600,13
46569124777383,12:56:09.124,70.3600,87
46612382816771,12:56:52.382,70.3800,8
46612382816771,12:56:52.382,70.3800,100
46641465005886,12:57:21.465,70.3700,100
46663673710861,12:57:43.673,70.3600,100
46704137101188,12:58:24.137,70.3500,9
46728712852749,12:58:48.712,70.3500,100
46728733376017,12:58:48.733,70.3500,100
46729219986987,12:58:49.219,70.3500,10
46729451486403,12:58:49.451,70.3500,200
46730438580760,12:58:50.438,70.3500,100
46730438706566,12:58:50.438,70.3500,90
46731216369663,12:58:51.216,70.3600,200
46731216369663,12:58:51.216,70.3600,100
46731216685578,12:58:51.216,70.3600,100
46743910864535,12:59:03.910,70.3700,100
46743910864535,12:59:03.910,70.3700,100
46778023781231,12:59:38.023,70.3500,100
46788696925990,12:59:48.696,70.3600,100
46788696925990,12:59:48.696,70.3600,100
46824120311898,13:00:24.120,70.3800,100
46824168901074,13:00:24.168,70.3900,30
46824168927769,13:00:24.168,70.3900,41
46824168928484,13:00:24.168,70.3900,29
46824168928484,13:00:24.168,70.3900,100
46830012027872,13:00:30.012,70.3900,7
46834516020884,13:00:34.516,70.3900,93
46834516020884,13:00:34.516,70.3900,8
46834517094783,13:00:34.517,70.3800,11
46844844883093,13:00:44.844,70.3650,100
46861184036406,13:01:01.184,70.3700,100
46861184036406,13:01:01.184,70.3700,100
46882293474678,13:01:22.293,70.3800,100
46882293499558,13:01:22.293,70.3800,100
46945451862673,13:02:25.451,70.4100,100
46945451862673,13:02:25.451,70.4100,8
46946163458327,13:02:26.163,70.4000,100
46953475310258,13:02:33.475,70.4000,200
46985430777461,13:03:05.430,70.4100,200
46992403214450,13:03:12.403,70.4200,100
46996207940525,13:03:16.207,70.4300,27
46996208043324,13:03:16.208,70.4300,21
46998728297031,13:03:18.728,70.4400,100
46998728297031,13:03:18.728,70.4400,50
46998728302511,13:03:18.728,70.4400,50
46998728302511,13:03:18.728,70.4400,43
46998728330999,13:03:18.728,70.4400,23
46998728337558,13:03:18.728,70.4400,34
47014698820932,13:03:34.698,70.4400,100
47051499324264,13:04:11.499,70.4400,66
47105961820794,13:05:05.961,70.4300,100
47105961820794,13:05:05.961,70.4300,100
47110491973073,13:05:10.491,70.4200,8
47110491973073,13:05:10.491,70.4200,2
47116611818097,13:05:16.611,70.4300,48
47116612073814,13:05:16.612,70.4300,52
47116626248991,13:05:16.626,70.4400,100
47116628077442,13:05:16.628,70.4400,100
47116628077442,13:05:16.628,70.4400,100
47117241469934,13:05:17.241,70.4500,100
47136822631212,13:05:36.822,70.4500,4
47136823148860,13:05:36.823,70.4400,100
47136823148860,13:05:36.823,70.4400,100
47150459564865,13:05:50.459,70.4400,100
47182861389035,13:06:22.861,70.4400,200
47182863602195,13:06:22.863,70.4400,200
47233037098227,13:07:13.037,70.4500,75
47241865398122,13:07:21.865,70.4400,8
47241865457459,13:07:21.865,70.4400,100
47260420004060,13:07:40.420,70.4300,100
47260427120796,13:07:40.427,70.4200,100
47260438552017,13:07:40.438,70.4100,30
47261639738570,13:07:41.639,70.4000,100
47261639738570,13:07:41.639,70.4000,100
47262413503046,13:07:42.413,70.3950,17
47278307239085,13:07:58.307,70.3900,20
47281642679484,13:08:01.642,70.3800,100
47281642679484,13:08:01.642,70.3800,20
47281642679484,13:08:01.642,70.3800,200
47305735056713,13:08:25.735,70.3900,100
47305735056713,13:08:25.735,70.3900,31
47305735070670,13:08:25.735,70.3900,69
47308376528782,13:08:28.376,70.4000,100
47308377026327,13:08:28.377,70.4000,100
47354576464804,13:09:14.576,70.4100,200
47357584377548,13:09:17.584,70.4200,100
47358516144403,13:09:18.516,70.4300,100
47378019987171,13:09:38.019,70.4600,100
47416735712948,13:10:16.735,70.4900,100
47417061453177,13:10:17.061,70.4900,1
47417061453177,13:10:17.061,70.4900,100
47422197230812,13:10:22.197,70.4600,100
47422197230812,13:10:22.197,70.4600,7
47422542543338,13:10:22.542,70.4500,100
47462481223676,13:11:02.481,70.5100,100
47464631459768,13:11:04.631,70.5000,100
47464631459768,13:11:04.631,70.5000,100
47470382627365,13:11:10.382,70.5000,100
47470382627365,13:11:10.382,70.5000,15
47470382656101,13:11:10.382,70.5000,170
47470382672877,13:11:10.382,70.5000,15
47486309711429,13:11:26.309,70.5000,100
47486309711429,13:11:26.309,70.5000,100
47486309711429,13:11:26.309,70.5000,29
47486309718343,13:11:26.309,70.5000,96
47486309721038,13:11:26.309,70.5000,48
47486309722542,13:11:26.309,70.5000,27
47486309722542,13:11:26.309,70.5000,73
47486310023445,13:11:26.310,70.5000,27
47491753710381,13:11:31.753,70.4900,49
47495071976418,13:11:35.071,70.5000,100
47502693496002,13:11:42.693,70.5200,20
47502693496002,13:11:42.693,70.5300,100
47502693496002,13:11:42.693,70.5300,100
47502693496002,13:11:42.693,70.5300,80
47549226641726,13:12:29.226,70.5200,72
47557223574289,13:12:37.223,70.5300,17
47582834833147,13:13:02.834,70.5200,100
47582834863677,13:13:02.834,70.5200,28
47582834863677,13:13:02.834,70.5200,100
47582834863677,13:13:02.834,70.5200,52
47582836446621,13:13:02.836,70.5100,100
47582838838996,13:13:02.838,70.5200,100
47583208906888,13:13:03.208,70.5200,100
47596057318946,13:13:16.057,70.5300,12
47596057318946,13:13:16.057,70.5300,8
47607065565041,13:13:27.065,70.5100,100
47646308510873,13:14:06.308,70.5000,1
47646308510873,13:14:06.308,70.5000,6
47646308830871,13:14:06.308,70.5000,100
47691811783670,13:14:51.811,70.4900,200
47691811783670,13:14:51.811,70.4900,45
47705071560857,13:15:05.071,70.4800,5
47705071615336,13:15:05.071,70.4800,95
47716269074454,13:15:16.269,70.4800,10
47716269074454,13:15:16.269,70.4800,100
47759822512873,13:15:59.822,70.4900,18
47759822512873,13:15:59.822,70.4900,100
47773145592723,13:16:13.145,70.5100,46
47773145683539,13:16:13.145,70.5100,54
47773145683539,13:16:13.145,70.5100,18
47778530713293,13:16:18.530,70.5100,300
47786751488822,13:16:26.751,70.5000,100
47786751488822,13:16:26.751,70.5000,200
47817225748306,13:16:57.225,70.5100,100
47843773309240,13:17:23.773,70.5200,100
47843773309240,13:17:23.773,70.5200,100
47843773343951,13:17:23.773,70.5200,18
47844076473589,13:17:24.076,70.5400,100
47846385488807,13:17:26.385,70.5500,100
47850857890638,13:17:30.857,70.5400,6
47860175955643,13:17:40.175,70.5300,153
47885959376268,13:18:05.959,70.5200,52
47885959401573,13:18:05.959,70.5200,48
47894099200284,13:18:14.099,70.5100,84
47916420332410,13:18:36.420,70.5100,100
47916420332410,13:18:36.420,70.5100,137
47917635077387,13:18:37.635,70.5100,63
47917635077387,13:18:37.635,70.5100,37
47979245477856,13:19:39.245,70.4900,20
47979245477856,13:19:39.245,70.4900,72
47979245800697,13:19:39.245,70.4950,100
47979245936011,13:19:39.245,70.4900,18
47979245960541,13:19:39.245,70.4900,82
47979246559833,13:19:39.246,70.4800,100
48006309781714,13:20:06.309,70.4800,20
48013748279984,13:20:13.748,70.4700,1
48013748279984,13:20:13.748,70.4700,100
48013748279984,13:20:13.748,70.4700,6
48013748279984,13:20:13.748,70.4700,100
48013748688791,13:20:13.748,70.4600,5
48013748688791,13:20:13.748,70.4600,15
48013748688791,13:20:13.748,70.4600,100
48017870508621,13:20:17.870,70.4450,59
48023042540659,13:20:23.042,70.4500,30
48040295405206,13:20:40.295,70.4700,18
48040295441593,13:20:40.295,70.4750,100
48040295441593,13:20:40.295,70.4700,82
48040296499074,13:20:40.296,70.4700,100
48045845845742,13:20:45.845,70.4500,100
48045982881236,13:20:45.982,70.4400,5
48045982881236,13:20:45.982,70.4400,5
48131685186100,13:22:11.685,70.4700,100
48131685216132,13:22:11.685,70.4700,5
48131685216132,13:22:11.685,70.4700,100
48137406191070,13:22:17.406,70.4600,100
48150006121790,13:22:30.006,70.4400,100
48150016827901,13:22:30.016,70.4300,2
48181465775393,13:23:01.465,70.4100,100
48181465775393,13:23:01.465,70.4100,100
48181802881391,13:23:01.802,70.4100,80
48189224516335,13:23:09.224,70.4000,2
48189224516335,13:23:09.224,70.4000,40
48189224544096,13:23:09.224,70.4000,60
48238195348491,13:23:58.195,70.4200,2
48243910005385,13:24:03.910,70.4150,100
48243933842810,13:24:03.933,70.4100,100
48247400974489,13:24:07.400,70.4000,100
48247400974489,13:24:07.400,70.4000,100
48247409837667,13:24:07.409,70.3900,76
48254185782788,13:24:14.185,70.4000,200
48255747940860,13:24:15.747,70.4000,100
48270772533101,13:24:30.772,70.4100,76
48285836203272,13:24:45.836,70.3900,400
48297376130968,13:24:57.376,70.3700,43
48306911125105,13:25:06.911,70.3900,100
48320572290777,13:25:20.572,70.4000,100
48321933453067,13:25:21.933,70.4000,100
48321933453067,13:25:21.933,70.4000,100
48329754698577,13:25:29.754,70.4000,200
48336680463238,13:25:36.680,70.3900,100
48337423602711,13:25:37.423,70.3800,100
48348534644684,13:25:48.534,70.3900,100
48357428848898,13:25:57.428,70.3700,57
48357428848898,13:25:57.428,70.3700,43
48358718292158,13:25:58.718,70.3700,100
48358718292158,13:25:58.718,70.3700,100
48361067555692,13:26:01.067,70.3600,100
48368868524854,13:26:08.868,70.3800,96
48391160084265,13:26:31.160,70.4000,28
48424628143288,13:27:04.628,70.4100,100
48425931596579,13:27:05.931,70.4150,100
48425950276586,13:27:05.950,70.4200,1
48425950309994,13:27:05.950,70.4200,199
48425950309994,13:27:05.950,70.4200,100
48426926831004,13:27:06.926,70.4400,60
48426926854307,13:27:06.926,70.4400,1
48427610380253,13:27:07.610,70.4400,12
48431741934316,13:27:11.741,70.4500,100
48431741934316,13:27:11.741,70.4500,68
48431741950344,13:27:11.741,70.4500,32
48446133467747,13:27:26.133,70.4500,7
48447198328654,13:27:27.198,70.4500,100
48450429321134,13:27:30.429,70.4600,100
48454237416172,13:27:34.237,70.4700,100
48454237416172,13:27:34.237,70.4700,15
48454237844130,13:27:34.237,70.4700,85
48454237844130,13:27:34.237,70.4700,100
48482175730143,13:28:02.175,70.4700,100
48482175730143,13:28:02.175,70.4700,100
48482175730143,13:28:02.175,70.4700,100
48482175730143,13:28:02.175,70.4700,100
48482175730143,13:28:02.175,70.4700,100
48483405957359,13:28:03.405,70.4800,100
48484479880975,13:28:04.479,70.4700,5
48488533274723,13:28:08.533,70.4600,200
48492214230330,13:28:12.214,70.4500,100
48494476803290,13:28:14.476,70.4500,200
48494476803290,13:28:14.476,70.4500,100
48500792022196,13:28:20.792,70.4400,100
48500810839614,13:28:20.810,70.4300,2
48500810839614,13:28:20.810,70.4300,100
48500810839614,13:28:20.810,70.4300,100
48539342408022,13:28:59.342,70.4400,100
48539342519300,13:28:59.342,70.4400,100
48539343041204,13:28:59.343,70.4400,200
48539343061515,13:28:59.343,70.4400,200
48539343131523,13:28:59.343,70.4400,200
48540193362342,13:29:00.193,70.4400,100
48547322232205,13:29:07.322,70.4400,100
48558184669454,13:29:18.184,70.4400,192
48558373465796,13:29:18.373,70.4400,208
48558606604730,13:29:18.606,70.4400,100
48558606691886,13:29:18.606,70.4400,233
48567320413866,13:29:27.320,70.4400,67
48567320413866,13:29:27.320,70.4400,133
48567321940504,13:29:27.321,70.4400,267
48567490004234,13:29:27.490,70.4300,6
48579454631313,13:29:39.454,70.4200,100
48579454996065,13:29:39.454,70.4200,100
48579881418530,13:29:39.881,70.4100,2
48579882032664,13:29:39.882,70.4100,100
48579882191282,13:29:39.882,70.4100,20
48587159077265,13:29:47.159,70.4000,2
48600626314216,13:30:00.626,70.3900,200
48613687629619,13:30:13.687,70.4000,100
48613687629619,13:30:13.687,70.4000,100
48619538142138,13:30:19.538,70.3900,100
48619538142138,13:30:19.538,70.3900,7
48619539520479,13:30:19.539,70.3800,100
48628760282121,13:30:28.760,70.3700,2
48628760282121,13:30:28.760,70.3700,98
48630189010972,13:30:30.189,70.3700,2
48630189010972,13:30:30.189,70.3600,98
48630189654202,13:30:30.189,70.3700,57
48633851983666,13:30:33.851,70.3600,2
48633851983666,13:30:33.851,70.3600,98
48635440805285,13:30:35.440,70.3600,2
48644063698522,13:30:44.063,70.3500,5
48644063698522,13:30:44.063,70.3500,92
48653908152694,13:30:53.908,70.3600,100
48656440187245,13:30:56.440,70.3800,100
48658391507118,13:30:58.391,70.3900,100
48659431771925,13:30:59.431,70.4000,100
48675625728641,13:31:15.625,70.4200,100
48715496406184,13:31:55.496,70.4200,3
48727943931981,13:32:07.943,70.4300,100
48740809880139,13:32:20.809,70.4500,1142
48782035087712,13:33:02.035,70.4800,100
48831849087487,13:33:51.849,70.5200,100
48831849164806,13:33:51.849,70.5200,100
48831849164806,13:33:51.849,70.5200,2
48831849164806,13:33:51.849,70.5200,98
48831849259955,13:33:51.849,70.5200,2
48831867850231,13:33:51.867,70.5100,100
48831867864385,13:33:51.867,70.5100,52
48841302950646,13:34:01.302,70.5050,8
48858114226197,13:34:18.114,70.5000,6
48858114226197,13:34:18.114,70.5000,5
48858114226197,13:34:18.114,70.5000,6
48858114226197,13:34:18.114,70.5000,83
48858114258608,13:34:18.114,70.5000,17
48860033664931,13:34:20.033,70.5000,100
48867934927402,13:34:27.934,70.5050,17
48867951634707,13:34:27.951,70.5100,53
48867951634707,13:34:27.951,70.5100,4
48867951703338,13:34:27.951,70.5100,96
48899100247428,13:34:59.100,70.5100,100
48925279628680,13:35:25.279,70.5200,18
48978275817623,13:36:18.275,70.5400,18
48978275817623,13:36:18.275,70.5400,75
48978276073982,13:36:18.276,70.5400,100
49004741115825,13:36:44.741,70.5400,100
49004741115825,13:36:44.741,70.5400,100
49004741115825,13:36:44.741,70.5400,100
49004741644369,13:36:44.741,70.5400,100
49007131790622,13:36:47.131,70.5400,4
49010662252412,13:36:50.662,70.5400,96
49010662252412,13:36:50.662,70.5400,4
49010662332557,13:36:50.662,70.5400,96
49010669031386,13:36:50.669,70.5500,9
49036303739080,13:37:16.303,70.5400,16
49036303767048,13:37:16.303,70.5400,100
49050954254620,13:37:30.954,70.5300,6
49067215814599,13:37:47.215,70.5400,70
49067216668046,13:37:47.216,70.5400,3
49080522739051,13:38:00.522,70.5300,3
49080522739051,13:38:00.522,70.5300,5
49086689248060,13:38:06.689,70.5200,20
49086689248060,13:38:06.689,70.5200,6
49086689248060,13:38:06.689,70.5200,74
49086689280490,13:38:06.689,70.5200,26
49100496953606,13:38:20.496,70.5300,100
49121526186681,13:38:41.526,70.5300,100
49121882052208,13:38:41.882,70.5400,100
49153198354906,13:39:13.198,70.5500,18
49194822969905,13:39:54.822,70.5500,100
49194826956973,13:39:54.826,70.5500,10
49220576792602,13:40:20.576,70.5500,27
49220576792602,13:40:20.576,70.5500,73
49220588734301,13:40:20.588,70.5500,93
49226025472495,13:40:26.025,70.5500,7
49229810582727,13:40:29.810,70.5600,100
49229811219672,13:40:29.811,70.5600,1
49232149737554,13:40:32.149,70.5700,19
49236942292535,13:40:36.942,70.5700,6
49236942292535,13:40:36.942,70.5700,100
49238329716762,13:40:38.329,70.5600,1
49238329742508,13:40:38.329,70.5600,4
49279227213871,13:41:19.227,70.5600,100
49279227213871,13:41:19.227,70.5600,100
49281160966600,13:41:21.160,70.5700,100
49316436083403,13:41:56.436,70.5700,18
49316436083403,13:41:56.436,70.5700,100
49316436083403,13:41:56.436,70.5700,82
49316436258786,13:41:56.436,70.5700,18
49328529462277,13:42:08.529,70.5700,100
49328529462277,13:42:08.529,70.5700,100
49338269350831,13:42:18.269,70.5600,100
49338269350831,13:42:18.269,70.5600,100
49338269350831,13:42:18.269,70.5600,4
49338270519034,13:42:18.270,70.5500,100
49338270519034,13:42:18.270,70.5500,100
49338295929041,13:42:18.295,70.5500,43
49347806889953,13:42:27.806,70.5600,100
49347806889953,13:42:27.806,70.5600,100
49347807380705,13:42:27.807,70.5600,100
49347807380705,13:42:27.807,70.5600,100
49348481022867,13:42:28.481,70.5600,100
49348481504771,13:42:28.481,70.5500,57
49348481504771,13:42:28.481,70.5500,100
49351857341514,13:42:31.857,70.5400,100
49351857341514,13:42:31.857,70.5400,100
49351858344340,13:42:31.858,70.5300,100
49351858348051,13:42:31.858,70.5300,100
49351858432429,13:42:31.858,70.5300,100
49351858435808,13:42:31.858,70.5300,100
49370817597155,13:42:50.817,70.5400,100
49419617069574,13:43:39.617,70.5700,100
49419617069574,13:43:39.617,70.5700,100
49419813215477,13:43:39.813,70.5700,6
49440987546809,13:44:00.987,70.5700,94
49445233985973,13:44:05.233,70.5700,46
49453288274123,13:44:13.288,70.5600,100
49453288274123,13:44:13.288,70.5600,5
49453289912845,13:44:13.289,70.5500,25
49501280913844,13:45:01.280,70.5400,100
49501280913844,13:45:01.280,70.5400,100
49501283545823,13:45:01.283,70.5300,5
49501283546291,13:45:01.283,70.5300,86
49501285101784,13:45:01.285,70.5300,9
49501285101784,13:45:01.285,70.5300,36
49501317703888,13:45:01.317,70.5300,53
49502610895915,13:45:02.610,70.5300,20
49509660776436,13:45:09.660,70.5300,100
49512168176583,13:45:12.168,70.5300,100
49513876224648,13:45:13.876,70.5200,21
49514493615829,13:45:14.493,70.5200,79
49518404210996,13:45:18.404,70.5050,76
49519343430095,13:45:19.343,70.5100,10
49519343430095,13:45:19.343,70.5100,91
49519343541937,13:45:19.343,70.5100,9
49519343541937,13:45:19.343,70.5100,100
49519343541937,13:45:19.343,70.5100,24
49519343613689,13:45:19.343,70.5100,76
49530905041265,13:45:30.905,70.5200,100
49530906461324,13:45:30.906,70.5300,100
49530906461324,13:45:30.906,70.5300,200
49545670273840,13:45:45.670,70.5300,100
49545670273840,13:45:45.670,70.5300,100
49545682331485,13:45:45.682,70.5300,100
49546218644072,13:45:46.218,70.5200,35
49552095619171,13:45:52.095,70.5300,76
49552095645015,13:45:52.095,70.5300,124
49552095645015,13:45:52.095,70.5300,3
49556024927536,13:45:56.024,70.5400,8
49572839538047,13:46:12.839,70.5400,10
49572846077035,13:46:12.846,70.5400,100
49574142784260,13:46:14.142,70.5400,100
49590041252258,13:46:30.041,70.5400,3
49600662871646,13:46:40.662,70.5300,100
49628489140993,13:47:08.489,70.5200,100
49628489158714,13:47:08.489,70.5200,61
49628489168370,13:47:08.489,70.5200,39
49636558082062,13:47:16.558,70.5200,32
49636558126426,13:47:16.558,70.5200,68
49636558126426,13:47:16.558,70.5100,100
49648657246915,13:47:28.657,70.4950,100
49657805816519,13:47:37.805,70.4750,100
49657805816519,13:47:37.805,70.4750,100
49676905303116,13:47:56.905,70.4800,100
49676905332230,13:47:56.905,70.4800,42
49690915489683,13:48:10.915,70.4900,52
49690915507659,13:48:10.915,70.4900,48
49692496692638,13:48:12.496,70.4900,52
49695104773030,13:48:15.104,70.4900,100
49702690575940,13:48:22.690,70.5000,460
49702690631221,13:48:22.690,70.5000,1540
49702690986133,13:48:22.690,70.5000,200
49702691335648,13:48:22.691,70.5000,200
49702692078731,13:48:22.692,70.5000,60
49704262098117,13:48:24.262,70.5000,52
49704262101156,13:48:24.262,70.5000,100
49704262214985,13:48:24.262,70.5000,100
49705613714149,13:48:25.613,70.4900,100
49705613714149,13:48:25.613,70.4900,100
49705613714149,13:48:25.613,70.4900,5
49709169623323,13:48:29.169,70.4800,100
49713804467075,13:48:33.804,70.4700,76
49713804497799,13:48:33.804,70.4700,24
49713804497799,13:48:33.804,70.4700,100
49721619587102,13:48:41.619,70.4500,88
49721619587102,13:48:41.619,70.4500,100
49744933385396,13:49:04.933,70.4500,100
49744933385396,13:49:04.933,70.4500,100
49753751582305,13:49:13.751,70.4500,100
49753751582305,13:49:13.751,70.4500,100
49754867099768,13:49:14.867,70.4500,50
49761334616420,13:49:21.334,70.4400,88
49761335059805,13:49:21.335,70.4400,12
49761335059805,13:49:21.335,70.4400,77
49761335222935,13:49:21.335,70.4400,21
49761339953723,13:49:21.339,70.4400,102
49773378463310,13:49:33.378,70.4400,100
49777383853189,13:49:37.383,70.4300,200
49779750795490,13:49:39.750,70.4200,76
49780771119015,13:49:40.771,70.4200,7
49782349542984,13:49:42.349,70.4200,100
49782349542984,13:49:42.349,70.4200,100
49787395224365,13:49:47.395,70.4200,100
49787395224365,13:49:47.395,70.4200,100
49801387988472,13:50:01.387,70.4100,100
49805968623210,13:50:05.968,70.4000,100
49805968623210,13:50:05.968,70.4000,10
49805969512886,13:50:05.969,70.3900,100
49805969512886,13:50:05.969,70.3900,90
49805970417715,13:50:05.970,70.4000,100
49805977265638,13:50:05.977,70.4000,100
49805977319277,13:50:05.977,70.3900,10
49805977319277,13:50:05.977,70.3900,100
49815851020842,13:50:15.851,70.4000,200
49817125438050,13:50:17.125,70.3900,100
49817125438050,13:50:17.125,70.3900,100
49817125963415,13:50:17.125,70.3800,100
49817125963415,13:50:17.125,70.3800,100
49817125963415,13:50:17.125,70.3800,28
49817127331265,13:50:17.127,70.3800,5
49819211374507,13:50:19.211,70.3800,100
49819212092920,13:50:19.212,70.3700,31
49819212092920,13:50:19.212,70.3700,100
49819384326007,13:50:19.384,70.3700,36
49819384326007,13:50:19.384,70.3800,264
49820199095468,13:50:20.199,70.3700,100
49820199095468,13:50:20.199,70.3700,100
49820976012569,13:50:20.976,70.3650,200
49823588887836,13:50:23.588,70.3800,100
49857085541650,13:50:57.085,70.4300,100
49900997742448,13:51:40.997,70.4500,100
49913211544430,13:51:53.211,70.4500,200
49913211696946,13:51:53.211,70.4500,100
49921370302927,13:52:01.370,70.4600,100
49921370302927,13:52:01.370,70.4600,100
49963679103928,13:52:43.679,70.5000,3
49963679103928,13:52:43.679,70.5000,97
49967677921900,13:52:47.677,70.4800,8
49971228108867,13:52:51.228,70.4800,76
50007872424460,13:53:27.872,70.4900,200
50010268216173,13:53:30.268,70.4900,100
50011406400167,13:53:31.406,70.4900,100
50016491567403,13:53:36.491,70.4800,20
50021327020144,13:53:41.327,70.4900,100
50032201929141,13:53:52.201,70.5000,800
50032492581231,13:53:52.492,70.4900,100
50043085338660,13:54:03.085,70.4800,24
50052576734315,13:54:12.576,70.4700,100
50052576734315,13:54:12.576,70.4700,8
50052577868932,13:54:12.577,70.4600,100
50052577868932,13:54:12.577,70.4600,100
50052577868932,13:54:12.577,70.4600,100
