timestamp,time,price,volume
34200595267933,09:30:00.595,0.0000,0
34202054318988,09:30:02.054,19.3100,100
34235991804250,09:30:35.991,19.3600,100
34277730136994,09:31:17.730,19.3600,200
34331926590922,09:32:11.926,19.4600,100
34331927151436,09:32:11.927,19.4700,100
34331935934354,09:32:11.935,19.4900,100
34331936350151,09:32:11.936,19.5000,100
34331936455274,09:32:11.936,19.5000,100
34331936554322,09:32:11.936,19.5000,100
34331936644662,09:32:11.936,19.5000,100
34331937790380,09:32:11.937,19.4900,100
34331937790380,09:32:11.937,19.4800,100
34361852125468,09:32:41.852,19.4300,100
34449538637874,09:34:09.538,19.2950,100
34453464566108,09:34:13.464,19.2600,100
34453464674837,09:34:13.464,19.2600,100
34453465144560,09:34:13.465,19.2600,100
34464019320663,09:34:24.019,19.2400,100
34464019344803,09:34:24.019,19.2400,200
34464021284989,09:34:24.021,19.2600,47
34464273413508,09:34:24.273,19.2700,53
34501081955769,09:35:01.081,19.2900,100
34501228203544,09:35:01.228,19.2700,1
34535396974599,09:35:35.396,19.2900,100
34535430432346,09:35:35.430,19.2600,100
34535430432346,09:35:35.430,19.2600,100
34535430432346,09:35:35.430,19.2600,100
34535430465062,09:35:35.430,19.2600,84
34535430520839,09:35:35.430,19.2600,15
34535430525261,09:35:35.430,19.2600,1
34535430684260,09:35:35.430,19.2500,86
34535430692004,09:35:35.430,19.2500,14
34536020188861,09:35:36.020,19.2600,100
34536020188861,09:35:36.020,19.2600,100
34573064218112,09:36:13.064,19.2500,7
34575085411839,09:36:15.085,19.2600,100
34575085411839,09:36:15.085,19.2700,100
34580971776839,09:36:20.971,19.2500,5
34584052607744,09:36:24.052,19.2800,100
34585195654124,09:36:25.195,19.2600,100
34611146608206,09:36:51.146,19.2400,100
34611146638994,09:36:51.146,19.2400,100
34613468126071,09:36:53.468,19.2200,100
34621911584529,09:37:01.911,19.2200,100
34621911584529,09:37:01.911,19.2400,100
34621912262064,09:37:01.912,19.2400,100
34621912800383,09:37:01.912,19.2400,100
34621914119831,09:37:01.914,19.2400,100
34621915560672,09:37:01.915,19.2400,100
34633155531446,09:37:13.155,19.2700,100
34633155975709,09:37:13.155,19.2800,24
34633155994101,09:37:13.155,19.2800,50
34633156004135,09:37:13.156,19.2800,26
34651314615404,09:37:31.314,19.2900,3
34651315861324,09:37:31.315,19.2900,97
34651315861324,09:37:31.315,19.3000,1
34651316213045,09:37:31.316,19.3000,2
34651316374419,09:37:31.316,19.3000,100
34651316374419,09:37:31.316,19.3000,100
34651316374419,09:37:31.316,19.3000,100
34651316534125,09:37:31.316,19.2900,100
34651316534125,09:37:31.316,19.2900,100
34651316779056,09:37:31.316,19.2800,14
34651316781704,09:37:31.316,19.2800,86
34651317268851,09:37:31.317,19.2800,14
34651843275116,09:37:31.843,19.2800,26
34651843301958,09:37:31.843,19.2800,60
34651843301958,09:37:31.843,19.2800,2
34651843301958,09:37:31.843,19.2800,100
34681844343785,09:38:01.844,19.3100,2
34681845769085,09:38:01.845,19.3100,100
34717371894914,09:38:37.371,19.3150,100
34717401227291,09:38:37.401,19.3300,5
34717402917554,09:38:37.402,19.3300,95
34739725105780,09:38:59.725,19.3250,100
34745785307671,09:39:05.785,19.3250,100
34761088521847,09:39:21.088,19.3000,33
34761088547704,09:39:21.088,19.3000,67
34761088604170,09:39:21.088,19.3000,94
34761088628410,09:39:21.088,19.3000,6
34761088628410,09:39:21.088,19.3000,94
34761088632811,09:39:21.088,19.3000,6
34763445319534,09:39:23.445,19.3000,100
34765190108318,09:39:25.190,19.3100,100
34795336162728,09:39:55.336,19.3000,100
34795336793505,09:39:55.336,19.3000,100
34795336829312,09:39:55.336,19.2900,100
34795337170316,09:39:55.337,19.3000,100
34795337599776,09:39:55.337,19.3000,100
34795337652904,09:39:55.337,19.3000,100
34795354929632,09:39:55.354,19.2900,3
34823023327808,09:40:23.023,19.3050,100
34823023988362,09:40:23.023,19.3200,100
34823034105726,09:40:23.034,19.3200,97
34823034105726,09:40:23.034,19.3200,100
34823034105726,09:40:23.034,19.3200,3
34823038236153,09:40:23.038,19.3200,97
34860914498245,09:41:00.914,19.3100,1
34882166937960,09:41:22.166,19.3300,2
34882167428839,09:41:22.167,19.3200,100
34894964680289,09:41:34.964,19.3000,100
34894964707903,09:41:34.964,19.3000,98
34896036003846,09:41:36.036,19.2700,100
34896036038752,09:41:36.036,19.2700,100
34944842472984,09:42:24.842,19.2400,100
34987824421585,09:43:07.824,19.2800,100
34987824421585,09:43:07.824,19.2800,100
34993161150567,09:43:13.161,19.2800,1
35019963200994,09:43:39.963,19.2700,2
35039273356065,09:43:59.273,19.2600,100
35060024692769,09:44:20.024,19.2200,100
35060074832775,09:44:20.074,19.2200,1
35060077838527,09:44:20.077,19.2200,100
35082259772573,09:44:42.259,19.2000,100
35094367277928,09:44:54.367,19.2300,1
35094367277928,09:44:54.367,19.2300,100
35105309274240,09:45:05.309,19.2500,100
35116043120585,09:45:16.043,19.2500,59
35116043151545,09:45:16.043,19.2500,41
35116043223646,09:45:16.043,19.2500,9
35116043226659,09:45:16.043,19.2500,91
35116043226659,09:45:16.043,19.2500,9
35116043414096,09:45:16.043,19.2500,86
35116043574916,09:45:16.043,19.2500,14
35116043655894,09:45:16.043,19.2500,100
35116045400445,09:45:16.045,19.2500,21
35116045500920,09:45:16.045,19.2500,50
35116046502287,09:45:16.046,19.2500,29
35116046502287,09:45:16.046,19.2500,71
35116046552621,09:45:16.046,19.2500,29
35116046856103,09:45:16.046,19.2500,75
35116046946012,09:45:16.046,19.2500,16
35129564306093,09:45:29.564,19.2500,100
35129564314173,09:45:29.564,19.2500,100
35129564326595,09:45:29.564,19.2400,100
35129564975077,09:45:29.564,19.2400,100
35141416497847,09:45:41.416,19.2200,100
35182029911493,09:46:22.029,19.2500,100
35184229855318,09:46:24.229,19.2400,100
35291835320588,09:48:11.835,19.2100,2239
35291835359236,09:48:11.835,19.2100,50
35291835378952,09:48:11.835,19.2100,1011
35291836597679,09:48:11.836,19.2000,50
35291836635750,09:48:11.836,19.2000,50
35291841811526,09:48:11.841,19.2000,100
35291841811526,09:48:11.841,19.2000,70
35291888053795,09:48:11.888,19.2000,12
35291888082865,09:48:11.888,19.2000,88
35292163062766,09:48:12.163,19.1900,100
35292163062766,09:48:12.163,19.1900,100
35292164226102,09:48:12.164,19.1900,100
35292164333561,09:48:12.164,19.1900,100
35306661559549,09:48:26.661,19.1900,100
35306662806136,09:48:26.662,19.1900,100
35306915557270,09:48:26.915,19.2000,100
35307682924360,09:48:27.682,19.1900,100
35331188900373,09:48:51.188,19.1900,58
35331188911118,09:48:51.188,19.1900,42
35332007458306,09:48:52.007,19.1800,100
35333548676425,09:48:53.548,19.1650,100
35333549149392,09:48:53.549,19.1700,100
35399192727917,09:49:59.192,19.2100,1
35534265139817,09:52:14.265,19.2000,100
35536393139774,09:52:16.393,19.1900,100
35554951483496,09:52:34.951,19.1900,200
35709702934957,09:55:09.702,19.2200,58
35709702939322,09:55:09.702,19.2200,42
35709703135771,09:55:09.703,19.2200,31
35710086821058,09:55:10.086,19.2300,100
35754532985336,09:55:54.532,19.2000,2
35772950096831,09:56:12.950,19.1600,48
35772950122111,09:56:12.950,19.1600,52
35772950122111,09:56:12.950,19.1600,100
35818954085862,09:56:58.954,19.1800,200
35819792861196,09:56:59.792,19.1900,19
35834572832114,09:57:14.572,19.1900,2
35834572832114,09:57:14.572,19.1900,1
35834572832114,09:57:14.572,19.1900,1
35834572832114,09:57:14.572,19.1900,1
35871429269928,09:57:51.429,19.2000,100
35953008253830,09:59:13.008,19.1800,40
35953008281043,09:59:13.008,19.1800,60
35968482672508,09:59:28.482,19.1700,1
35968482697178,09:59:28.482,19.1700,99
35969838930166,09:59:29.838,19.1600,100
35986538355235,09:59:46.538,19.1700,100
35986538540473,09:59:46.538,19.1700,100
35992607072442,09:59:52.607,19.1700,100
36069910946220,10:01:09.910,19.1900,100
36069928049502,10:01:09.928,19.1900,100
36076465301917,10:01:16.465,19.1900,100
36149225662064,10:02:29.225,19.1600,100
36196073114860,10:03:16.073,19.1000,6
36196073140282,10:03:16.073,19.1000,94
36213817439151,10:03:33.817,19.1100,100
36213818044725,10:03:33.818,19.1100,23
36213819223334,10:03:33.819,19.1100,50
36213819248516,10:03:33.819,19.1100,50
36227044040413,10:03:47.044,19.1100,50
36240223267051,10:04:00.223,19.1100,50
36240223267051,10:04:00.223,19.1100,50
36240223692177,10:04:00.223,19.1100,50
36241195839805,10:04:01.195,19.1200,100
36265363333633,10:04:25.363,19.1200,2
36296259871910,10:04:56.259,19.1000,100
36296261337196,10:04:56.261,19.0900,100
36323005785286,10:05:23.005,19.1100,100
36324694622594,10:05:24.694,19.0950,100
36381064634223,10:06:21.064,19.1200,100
36388373949167,10:06:28.373,19.1300,2
36424807299215,10:07:04.807,19.1000,100
36455023271096,10:07:35.023,19.0600,1
36455023296983,10:07:35.023,19.0600,99
36540912887334,10:09:00.912,19.0700,100
36557159809391,10:09:17.159,19.0800,2
36579844784615,10:09:39.844,19.0900,100
36579844784615,10:09:39.844,19.0900,12
36579844791291,10:09:39.844,19.0900,88
36606690195516,10:10:06.690,19.0800,100
36675853819793,10:11:15.853,19.0700,100
36682080389572,10:11:22.080,19.0700,100
36691247250714,10:11:31.247,19.0800,100
36803930564915,10:13:23.930,19.1300,1
36803930564915,10:13:23.930,19.1300,2
36807521206580,10:13:27.521,19.1300,100
36807522468985,10:13:27.522,19.1400,100
36807523319867,10:13:27.523,19.1400,100
36807523319867,10:13:27.523,19.1400,100
36807523319867,10:13:27.523,19.1400,100
36807529950183,10:13:27.529,19.1500,100
36837117292841,10:13:57.117,19.1600,200
36935958403855,10:15:35.958,19.1100,100
36941039630700,10:15:41.039,19.1000,100
36978156653232,10:16:18.156,19.1100,100
37011441366841,10:16:51.441,19.1000,100
37042111649426,10:17:22.111,19.0700,71
37052900514506,10:17:32.900,19.0600,5
37052900523465,10:17:32.900,19.0600,95
37052900690764,10:17:32.900,19.0600,88
37053019936323,10:17:33.019,19.0500,100
37080049043553,10:18:00.049,19.0400,75
37080049069102,10:18:00.049,19.0400,15
37081831414042,10:18:01.831,19.0400,110
37081831414042,10:18:01.831,19.0400,23
37081831414042,10:18:01.831,19.0400,77
37132071281321,10:18:52.071,19.0500,100
37174933995382,10:19:34.933,19.0600,100
37174933996942,10:19:34.933,19.0600,50
37227813348367,10:20:27.813,19.0600,50
37227813497214,10:20:27.813,19.0600,50
37271444070955,10:21:11.444,19.0600,100
37331927625282,10:22:11.927,19.0800,1
37331927625282,10:22:11.927,19.0800,33
37331927707259,10:22:11.927,19.0800,67
37331934106374,10:22:11.934,19.1000,100
37362157877227,10:22:42.157,19.0900,100
37362157897385,10:22:42.157,19.0900,15
37362157897385,10:22:42.157,19.0900,79
37362157918975,10:22:42.157,19.0900,6
37365648673899,10:22:45.648,19.0600,1
37396008662852,10:23:16.008,19.0600,77
37468031674457,10:24:28.031,19.0600,100
37468648293706,10:24:28.648,19.0500,1
37468648323023,10:24:28.648,19.0500,99
37468648830061,10:24:28.648,19.0400,1
37530261471769,10:25:30.261,19.0800,29
37530261471769,10:25:30.261,19.0800,71
37536487630897,10:25:36.487,19.0800,100
37599234757625,10:26:39.234,19.0800,29
37621151591788,10:27:01.151,19.0800,100
37663451952081,10:27:43.451,19.0800,1
37690712450309,10:28:10.712,19.0700,100
37691226404968,10:28:11.226,19.0700,100
37691226404968,10:28:11.226,19.0700,100
37789235015565,10:29:49.235,19.0600,98
37789235141370,10:29:49.235,19.0600,2
37800088003457,10:30:00.088,19.0900,40
37800110085426,10:30:00.110,19.1100,105
37800110117278,10:30:00.110,19.1100,95
37800113256193,10:30:00.113,19.1200,50
37800113286568,10:30:00.113,19.1200,50
37800130058847,10:30:00.130,19.1300,53
37800130086546,10:30:00.130,19.1300,47
37800133496991,10:30:00.133,19.1400,117
37800133529828,10:30:00.133,19.1400,283
37800608388404,10:30:00.608,19.1500,49
37800608415849,10:30:00.608,19.1500,51
37800610717727,10:30:00.610,19.1500,10
37800615898976,10:30:00.615,19.1500,7
37800660278278,10:30:00.660,19.1400,51
37800660535790,10:30:00.660,19.1500,83
37801573551725,10:30:01.573,19.1700,100
37801573641574,10:30:01.573,19.1600,100
37801573641574,10:30:01.573,19.1600,87
37801573746983,10:30:01.573,19.1600,313
37801573746983,10:30:01.573,19.1600,87
37801573806690,10:30:01.573,19.1600,13
37801574002907,10:30:01.574,19.1600,100
37801574170692,10:30:01.574,19.1600,19
37801574265924,10:30:01.574,19.1600,81
37801648373381,10:30:01.648,19.1500,100
37801648373381,10:30:01.648,19.1500,81
37801648373381,10:30:01.648,19.1500,219
37801648813698,10:30:01.648,19.1500,19
37801648826396,10:30:01.648,19.1500,63
37801649020775,10:30:01.649,19.1500,42
37808759802482,10:30:08.759,19.1600,100
37808759802482,10:30:08.759,19.1600,1
37810093780477,10:30:10.093,19.1700,100
37810800869283,10:30:10.800,19.1700,271
37810800884576,10:30:10.800,19.1700,29
37810801109536,10:30:10.801,19.1700,29
37810801112582,10:30:10.801,19.1700,29
37814385963825,10:30:14.385,19.1700,19
37816780979874,10:30:16.780,19.1600,19
37816781020793,10:30:16.781,19.1600,81
37816781046927,10:30:16.781,19.1600,50
37816781211369,10:30:16.781,19.1600,14
37832281956318,10:30:32.281,19.1800,50
37842418247937,10:30:42.418,19.1800,50
37947264232485,10:32:27.264,19.2300,1600
37947264234289,10:32:27.264,19.2300,1000
37976891320678,10:32:56.891,19.2700,100
37979658557632,10:32:59.658,19.2800,27
37979658557632,10:32:59.658,19.2800,73
37979658617078,10:32:59.658,19.2700,100
37979659027243,10:32:59.659,19.2700,27
37979659027243,10:32:59.659,19.2700,73
38017038840563,10:33:37.038,19.2500,100
38017039044301,10:33:37.039,19.2500,21
38017039060094,10:33:37.039,19.2500,6
38017039060094,10:33:37.039,19.2500,73
38052075541696,10:34:12.075,19.2400,100
38100833485979,10:35:00.833,19.2600,1
38108765336996,10:35:08.765,19.2600,100
38108905940009,10:35:08.905,19.2500,50
38108905940710,10:35:08.905,19.2500,50
38108936067657,10:35:08.936,19.2500,100
38110176425598,10:35:10.176,19.2600,300
38160829074550,10:36:00.829,19.2800,17
38160829101994,10:36:00.829,19.2800,41
38160829198148,10:36:00.829,19.2800,42
38160829198148,10:36:00.829,19.2800,100
38160830370188,10:36:00.830,19.2700,100
38160830725977,10:36:00.830,19.2700,50
38160830735737,10:36:00.830,19.2700,50
38160830745997,10:36:00.830,19.2700,100
38160830745997,10:36:00.830,19.2700,100
38160831488761,10:36:00.831,19.2800,100
38160882234157,10:36:00.882,19.2900,1
38160882234157,10:36:00.882,19.2900,1
38160882234157,10:36:00.882,19.2900,1
38173403101269,10:36:13.403,19.3100,23
38180763749300,10:36:20.763,19.3100,77
38180763749300,10:36:20.763,19.3100,100
38180767438737,10:36:20.767,19.3350,4
38180963646877,10:36:20.963,19.3400,49
38180963718555,10:36:20.963,19.3400,51
38185769441363,10:36:25.769,19.3000,100
38185769441363,10:36:25.769,19.3000,1
38185807194204,10:36:25.807,19.3000,100
38185807194204,10:36:25.807,19.3000,100
38185807352759,10:36:25.807,19.3000,100
38207214993147,10:36:47.214,19.3000,100
38210337933241,10:36:50.337,19.2900,100
38210337933241,10:36:50.337,19.2900,100
38216450536194,10:36:56.450,19.2800,100
38216450654234,10:36:56.450,19.2800,100
38216450710587,10:36:56.450,19.2800,100
38219624826709,10:36:59.624,19.2800,100
38229238806904,10:37:09.238,19.2600,100
38239257996607,10:37:19.257,19.2500,100
38239921735739,10:37:19.921,19.2400,100
38239922460080,10:37:19.922,19.2300,1
38239922460654,10:37:19.922,19.2300,1
38241705350909,10:37:21.705,19.2400,50
38241705382295,10:37:21.705,19.2400,50
38254267067865,10:37:34.267,19.2300,100
38283007836284,10:38:03.007,19.2200,100
38295112203229,10:38:15.112,19.2400,98
38295112213816,10:38:15.112,19.2400,2
38295112234882,10:38:15.112,19.2400,100
38295112438143,10:38:15.112,19.2400,5
38295112643821,10:38:15.112,19.2400,5
38295183816765,10:38:15.183,19.2500,48
38295183990356,10:38:15.183,19.2500,42
38295899502796,10:38:15.899,19.2400,100
38348153510112,10:39:08.153,19.2400,100
38352135349279,10:39:12.135,19.2400,200
38352135513211,10:39:12.135,19.2400,200
38358111118501,10:39:18.111,19.2400,100
38358364896831,10:39:18.364,19.2200,100
38358364896831,10:39:18.364,19.2200,100
38358365678060,10:39:18.365,19.2200,100
38358365866543,10:39:18.365,19.2200,100
38358365866543,10:39:18.365,19.2200,100
38410635836032,10:40:10.635,19.2000,100
38426449679845,10:40:26.449,19.2100,90
38426449752512,10:40:26.449,19.2100,10
38426449752512,10:40:26.449,19.2100,61
38467598503126,10:41:07.598,19.2100,1
38467598503126,10:41:07.598,19.2100,1
38467598503126,10:41:07.598,19.2100,1
38467598503126,10:41:07.598,19.2100,1
38467598503126,10:41:07.598,19.2200,96
38486375805775,10:41:26.375,19.2200,4
38502886938080,10:41:42.886,19.2200,100
38502889821245,10:41:42.889,19.2100,100
38522053748624,10:42:02.053,19.2200,50
38522053831010,10:42:02.053,19.2200,50
38535231737824,10:42:15.231,19.2200,100
38535231889688,10:42:15.231,19.2200,100
38568140252153,10:42:48.140,19.1800,100
38609950339721,10:43:29.950,19.1500,100
38610553541686,10:43:30.553,19.1500,100
38610555782205,10:43:30.555,19.1600,100
38641444386235,10:44:01.444,19.1800,100
38646892123321,10:44:06.892,19.1900,100
38646892153822,10:44:06.892,19.1900,100
38654654999703,10:44:14.654,19.2000,48
38654655002863,10:44:14.655,19.2000,52
38657476840508,10:44:17.476,19.2100,100
38657477614474,10:44:17.477,19.2100,100
38661081110371,10:44:21.081,19.2200,100
38673134846838,10:44:33.134,19.2100,3
38695341490834,10:44:55.341,19.2000,100
38735648453391,10:45:35.648,19.2000,100
38735648453391,10:45:35.648,19.2000,100
38735648473324,10:45:35.648,19.2000,50
38735648478770,10:45:35.648,19.2000,50
38735654524364,10:45:35.654,19.2000,100
38735654524364,10:45:35.654,19.2000,100
38735654524364,10:45:35.654,19.2000,100
38735654524364,10:45:35.654,19.2100,100
38736155852520,10:45:36.155,19.2200,100
38778057840378,10:46:18.057,19.2100,6
38778057850155,10:46:18.057,19.2100,94
38861315806941,10:47:41.315,19.1900,30
38861316465457,10:47:41.316,19.1900,70
38892283210521,10:48:12.283,19.1500,100
38892284249686,10:48:12.284,19.1500,100
38916516007905,10:48:36.516,19.1700,15
38916516011175,10:48:36.516,19.1700,50
38916516013042,10:48:36.516,19.1700,35
38916542723514,10:48:36.542,19.1700,90
38929732796405,10:48:49.732,19.1700,10
38948743855519,10:49:08.743,19.1500,100
38948744106662,10:49:08.744,19.1500,100
38948744175624,10:49:08.744,19.1500,100
38948745254045,10:49:08.745,19.1500,100
38948745254045,10:49:08.745,19.1500,100
38948762922596,10:49:08.762,19.1700,50
38948762929479,10:49:08.762,19.1700,12
38948762931927,10:49:08.762,19.1700,38
38988999912591,10:49:48.999,19.1500,90
38988999915709,10:49:48.999,19.1500,10
38989422217456,10:49:49.422,19.1400,12
39006452149333,10:50:06.452,19.1300,64
39006452179821,10:50:06.452,19.1300,36
39060832494371,10:51:00.832,19.1100,100
39063444285245,10:51:03.444,19.1200,100
39065272700411,10:51:05.272,19.1300,100
39081225623858,10:51:21.225,19.1300,100
39105972112037,10:51:45.972,19.1350,1
39105972112037,10:51:45.972,19.1350,1
39105972112037,10:51:45.972,19.1350,1
39105972112037,10:51:45.972,19.1350,1
39140461896747,10:52:20.461,19.1400,100
39140461896747,10:52:20.461,19.1400,100
39140462085546,10:52:20.462,19.1400,98
39161108070374,10:52:41.108,19.1400,100
39180653258528,10:53:00.653,19.1400,50
39180653297534,10:53:00.653,19.1400,50
39189060040111,10:53:09.060,19.1400,72
39189060040111,10:53:09.060,19.1400,28
39195346941564,10:53:15.346,19.1400,100
39197551854340,10:53:17.551,19.1500,100
39197552030961,10:53:17.552,19.1500,100
39211775268339,10:53:31.775,19.1500,100
39211775268339,10:53:31.775,19.1500,100
39211781468362,10:53:31.781,19.1500,100
39211825134748,10:53:31.825,19.1550,100
39211825134748,10:53:31.825,19.1500,300
39211825134748,10:53:31.825,19.1500,100
39211825134748,10:53:31.825,19.1500,100
39244050014722,10:54:04.050,19.1700,100
39261117588946,10:54:21.117,19.1900,4
39261117588946,10:54:21.117,19.1900,1
39261118044019,10:54:21.118,19.1900,1
39261118045554,10:54:21.118,19.1900,1
39269912473809,10:54:29.912,19.2000,100
39269912473809,10:54:29.912,19.2000,100
39269912790070,10:54:29.912,19.2000,100
39274106992693,10:54:34.106,19.2150,50
39283695727414,10:54:43.695,19.2300,28
39283695737588,10:54:43.695,19.2300,32
39283695741615,10:54:43.695,19.2300,40
39311816920895,10:55:11.816,19.2500,50
39311816933454,10:55:11.816,19.2500,50
39326905916728,10:55:26.905,19.2700,200
39326905956578,10:55:26.905,19.2700,39
39326905956578,10:55:26.905,19.2700,11
39326908599911,10:55:26.908,19.2600,100
39326909252839,10:55:26.909,19.2600,100
39326909272725,10:55:26.909,19.2600,100
39345253150133,10:55:45.253,19.2500,100
39345253344178,10:55:45.253,19.2500,100
39354115687822,10:55:54.115,19.2500,100
39354115872006,10:55:54.115,19.2500,100
39354115872006,10:55:54.115,19.2500,100
39354116123155,10:55:54.116,19.2500,1
39354116124837,10:55:54.116,19.2500,1
39354116681876,10:55:54.116,19.2500,1
39354116882078,10:55:54.116,19.2500,1
39368821269236,10:56:08.821,19.2700,96
39385129843240,10:56:25.129,19.2500,200
39385129843240,10:56:25.129,19.2500,100
39385129890973,10:56:25.129,19.2500,273
39385129923788,10:56:25.129,19.2500,100
39385129952707,10:56:25.129,19.2500,200
39385130747588,10:56:25.130,19.2500,100
39385131286466,10:56:25.131,19.2500,100
39385131286466,10:56:25.131,19.2500,100
39385131338965,10:56:25.131,19.2500,100
39385131338965,10:56:25.131,19.2500,100
39385131338965,10:56:25.131,19.2500,100
39385131338965,10:56:25.131,19.2500,676
39385158733117,10:56:25.158,19.2500,100
39385158733117,10:56:25.158,19.2500,600
39385158902760,10:56:25.158,19.2500,100
39385158902760,10:56:25.158,19.2500,100
39403123399697,10:56:43.123,19.2600,100
39403124725303,10:56:43.124,19.2700,75
39403124786228,10:56:43.124,19.2700,25
39403264219735,10:56:43.264,19.2600,100
39403264219735,10:56:43.264,19.2600,200
39403264219735,10:56:43.264,19.2600,100
39466734560593,10:57:46.734,19.2550,1
39466734560593,10:57:46.734,19.2550,1
39466734560593,10:57:46.734,19.2550,1
39466823445500,10:57:46.823,19.2500,100
39466823650198,10:57:46.823,19.2500,100
39466824162285,10:57:46.824,19.2500,50
39466824165906,10:57:46.824,19.2500,50
39475644467542,10:57:55.644,19.2500,100
39475644467542,10:57:55.644,19.2500,1
39475644668034,10:57:55.644,19.2500,100
39484836463766,10:58:04.836,19.2600,50
39484838272682,10:58:04.838,19.2600,50
39535213803402,10:58:55.213,19.2600,100
39559586935666,10:59:19.586,19.2700,70
39559586956879,10:59:19.586,19.2700,30
39560495031665,10:59:20.495,19.2700,100
39560495380912,10:59:20.495,19.2700,100
39560746080370,10:59:20.746,19.2700,100
39564092527389,10:59:24.092,19.2600,100
39570069458812,10:59:30.069,19.2500,100
39570069458812,10:59:30.069,19.2500,3
39570069631220,10:59:30.069,19.2500,100
39570780751781,10:59:30.780,19.2500,100
39585457514429,10:59:45.457,19.2600,50
39585457523489,10:59:45.457,19.2600,50
39585457546508,10:59:45.457,19.2600,50
39585457565311,10:59:45.457,19.2600,50
39600009343244,11:00:00.009,19.2600,1
39629397186856,11:00:29.397,19.3100,100
39629397384608,11:00:29.397,19.3100,100
39629397514691,11:00:29.397,19.3100,100
39663459872274,11:01:03.459,19.3400,11
39663460244639,11:01:03.460,19.3400,50
39663460323858,11:01:03.460,19.3400,39
39663460323858,11:01:03.460,19.3400,11
39663462376879,11:01:03.462,19.3400,89
39663478458097,11:01:03.478,19.3500,100
39663478458097,11:01:03.478,19.3500,100
39663480756450,11:01:03.480,19.3500,100
39663612852933,11:01:03.612,19.3600,100
39664044332526,11:01:04.044,19.3600,100
39666055754303,11:01:06.055,19.3600,100
39666851012582,11:01:06.851,19.3500,21
39666851125100,11:01:06.851,19.3500,79
39666851125100,11:01:06.851,19.3500,100
39666851125100,11:01:06.851,19.3500,79
39666851126030,11:01:06.851,19.3500,21
39675159490026,11:01:15.159,19.3400,1
39722368912514,11:02:02.368,19.3400,10
39722368929783,11:02:02.368,19.3400,21
39722368932366,11:02:02.368,19.3400,69
39742331200752,11:02:22.331,19.3400,100
39745956452139,11:02:25.956,19.3450,1
39751747418056,11:02:31.747,19.3450,99
39779683387743,11:02:59.683,19.3500,4
39779683413220,11:02:59.683,19.3500,1
39784506417263,11:03:04.506,19.3600,100
39785519147968,11:03:05.519,19.3600,29
39786028243868,11:03:06.028,19.3600,100
39786279819839,11:03:06.279,19.3600,71
39799265805374,11:03:19.265,19.3600,12
39799265988814,11:03:19.265,19.3600,88
39799265988814,11:03:19.265,19.3600,1
39799266602503,11:03:19.266,19.3600,61
39801180323677,11:03:21.180,19.3500,100
39801180323677,11:03:21.180,19.3500,100
39801180323677,11:03:21.180,19.3500,100
39801181098211,11:03:21.181,19.3400,1
39801181099456,11:03:21.181,19.3400,1
39801181101349,11:03:21.181,19.3400,1
39801460906129,11:03:21.460,19.3400,97
39801460906129,11:03:21.460,19.3400,3
39829066860309,11:03:49.066,19.3100,100
39848567886772,11:04:08.567,19.3100,1
39851592838306,11:04:11.592,19.3300,100
39857323218755,11:04:17.323,19.3400,3
39858569897941,11:04:18.569,19.3400,1
39858569897941,11:04:18.569,19.3400,1
39858569897941,11:04:18.569,19.3400,1
39858569897941,11:04:18.569,19.3400,1
39907070055714,11:05:07.070,19.3600,98
39907087994217,11:05:07.087,19.3600,2
39949516552447,11:05:49.516,19.3600,100
39949548645007,11:05:49.548,19.3600,1
39954998044993,11:05:54.998,19.3500,1
39969144291352,11:06:09.144,19.3100,100
39969144891433,11:06:09.144,19.3100,100
39969144891433,11:06:09.144,19.3100,100
39995124512304,11:06:35.124,19.3200,53
39995124539404,11:06:35.124,19.3200,47
40002654660018,11:06:42.654,19.3200,100
40002654660018,11:06:42.654,19.3200,100
40005198960119,11:06:45.198,19.3200,100
40008827787608,11:06:48.827,19.3300,100
40095421553909,11:08:15.421,19.3600,100
40095421553909,11:08:15.421,19.3600,100
40095422155825,11:08:15.422,19.3600,89
40105744009161,11:08:25.744,19.3500,100
40105744248709,11:08:25.744,19.3400,100
40160341995639,11:09:20.341,19.3100,100
40160341995639,11:09:20.341,19.3100,100
40191588977681,11:09:51.588,19.3100,50
40191588982848,11:09:51.588,19.3100,50
40220256809935,11:10:20.256,19.3100,100
40225668407754,11:10:25.668,19.3300,100
40244335128164,11:10:44.335,19.3050,1
40244335282132,11:10:44.335,19.3050,1
40257851438571,11:10:57.851,19.3100,100
40270007095354,11:11:10.007,19.3200,36
40270007095354,11:11:10.007,19.3200,34
40291136587956,11:11:31.136,19.3150,1
40291136587956,11:11:31.136,19.3150,1
40291136587956,11:11:31.136,19.3150,1
40338126926460,11:12:18.126,19.3250,100
40383602944849,11:13:03.602,19.3000,3
40383602944849,11:13:03.602,19.3000,30
40420527201324,11:13:40.527,19.2900,100
40426662250669,11:13:46.662,19.3000,100
40426662276596,11:13:46.662,19.3000,89
40464266918551,11:14:24.266,19.3000,100
40479450731533,11:14:39.450,19.3100,62
40479450758722,11:14:39.450,19.3100,38
40481473797336,11:14:41.473,19.3200,100
40486267095444,11:14:46.267,19.3200,1
40486267095444,11:14:46.267,19.3200,1
40486267095444,11:14:46.267,19.3200,1
40486267095444,11:14:46.267,19.3200,1
40486267095444,11:14:46.267,19.3200,1
40558892481900,11:15:58.892,19.3400,100
40562618422675,11:16:02.618,19.3600,200
40563463701825,11:16:03.463,19.3600,100
40563463701825,11:16:03.463,19.3600,100
40572698078012,11:16:12.698,19.3550,1
40572698078012,11:16:12.698,19.3550,1
40587698408589,11:16:27.698,19.3550,1
40614707892077,11:16:54.707,19.3700,100
40638171174740,11:17:18.171,19.3900,100
40638171202764,11:17:18.171,19.3900,200
40643626785498,11:17:23.626,19.4100,100
40645352719044,11:17:25.352,19.4000,37
40645353216080,11:17:25.353,19.4000,63
40645353216080,11:17:25.353,19.4000,100
40659495202198,11:17:39.495,19.4000,1
40660242782045,11:17:40.242,19.4000,100
40671452750500,11:17:51.452,19.4000,100
40671452897560,11:17:51.452,19.4000,100
40692812045301,11:18:12.812,19.4100,100
40692812045301,11:18:12.812,19.4100,6
40692812081984,11:18:12.812,19.4100,94
40719148847381,11:18:39.148,19.4100,86
40719149007486,11:18:39.149,19.4150,114
40719149024364,11:18:39.149,19.4150,86
40719149024364,11:18:39.149,19.4100,14
40719149024364,11:18:39.149,19.4100,14
40719149055857,11:18:39.149,19.4100,81
40719149087279,11:18:39.149,19.4100,5
40733268362801,11:18:53.268,19.4100,100
40739801976072,11:18:59.801,19.4200,32
40739802004989,11:18:59.802,19.4200,68
40739802004989,11:18:59.802,19.4200,100
40741863532239,11:19:01.863,19.4200,100
40741863532239,11:19:01.863,19.4200,100
40762853043944,11:19:22.853,19.4100,100
40801277196000,11:20:01.277,19.3900,50
40801277222440,11:20:01.277,19.3900,50
40829742874678,11:20:29.742,19.4000,1
40829742874678,11:20:29.742,19.4000,1
40829742874678,11:20:29.742,19.4000,1
40854252218831,11:20:54.252,19.3800,1
40854252218831,11:20:54.252,19.3800,99
40854252796490,11:20:54.252,19.3800,1
40869107631372,11:21:09.107,19.3600,100
40916678951167,11:21:56.678,19.3600,100
40917452067923,11:21:57.452,19.3700,100
40956425583728,11:22:36.425,19.3450,1
40956425583728,11:22:36.425,19.3450,1
40956425583728,11:22:36.425,19.3450,1
40956504566618,11:22:36.504,19.3400,100
40956504862974,11:22:36.504,19.3400,192
40994787189284,11:23:14.787,19.3700,10
41044975891360,11:24:04.975,19.3900,2
41044996079022,11:24:04.996,19.3900,98
41065048800731,11:24:25.048,19.4000,1
41101108619393,11:25:01.108,19.4400,49
41101108620100,11:25:01.108,19.4400,50
41101108625365,11:25:01.108,19.4400,1
41105217477190,11:25:05.217,19.4400,2
41112491859780,11:25:12.491,19.4400,1
41113167160603,11:25:13.167,19.4300,100
41131012566393,11:25:31.012,19.4100,100
41131012566393,11:25:31.012,19.4100,43
41136225977772,11:25:36.225,19.4100,88
41136226010200,11:25:36.226,19.4100,12
41136226642778,11:25:36.226,19.4100,100
41136226642778,11:25:36.226,19.4100,100
41142597795347,11:25:42.597,19.4100,100
41142598019110,11:25:42.598,19.4100,100
41142598019110,11:25:42.598,19.4100,100
41142598019110,11:25:42.598,19.4100,6
41188937483196,11:26:28.937,19.4000,55
41188937507944,11:26:28.937,19.4000,45
41232254634065,11:27:12.254,19.4100,100
41252117499101,11:27:32.117,19.3900,100
41294618484308,11:28:14.618,19.4100,100
41344446608407,11:29:04.446,19.3600,100
41379948508132,11:29:39.948,19.3600,61
41379948533301,11:29:39.948,19.3600,39
41441307819480,11:30:41.307,19.3750,1
41514572618394,11:31:54.572,19.3900,51
41514572644091,11:31:54.572,19.3900,49
41538344448858,11:32:18.344,19.3900,12
41547382514553,11:32:27.382,19.3800,1
41552223000824,11:32:32.223,19.3700,100
41565320239345,11:32:45.320,19.3800,100
41574894284811,11:32:54.894,19.3900,100
41624738657844,11:33:44.738,19.3800,3
41659476887749,11:34:19.476,19.4000,1
41660157252299,11:34:20.157,19.4100,1
41729688602468,11:35:29.688,19.4000,100
41733939439706,11:35:33.939,19.3900,56
41749946167768,11:35:49.946,19.3800,2
41753074581875,11:35:53.074,19.3800,100
41785452095785,11:36:25.452,19.3700,100
41883829326373,11:38:03.829,19.3800,100
41909360518859,11:38:29.360,19.3800,100
41909361476862,11:38:29.361,19.3700,100
41951249308373,11:39:11.249,19.3450,1
41951249308373,11:39:11.249,19.3450,1
41951249308373,11:39:11.249,19.3450,1
41951249308373,11:39:11.249,19.3450,1
41951249308373,11:39:11.249,19.3450,1
41951475317510,11:39:11.475,19.3400,100
42123955486947,11:42:03.955,19.3350,70
42125406219211,11:42:05.406,19.3400,50
42125406245840,11:42:05.406,19.3400,11
42125406247714,11:42:05.406,19.3400,39
42129412763299,11:42:09.412,19.3600,100
42179532981381,11:42:59.532,19.3500,100
42280160630580,11:44:40.160,19.3600,100
42345257736073,11:45:45.257,19.3500,1
42380364038081,11:46:20.364,19.3500,100
42398807229040,11:46:38.807,19.3500,2
42441945585247,11:47:21.945,19.3600,48
42441945615952,11:47:21.945,19.3600,52
42487797931869,11:48:07.797,19.3300,29
42548529683690,11:49:08.529,19.3200,100
42578171829976,11:49:38.171,19.3500,20
42609565400775,11:50:09.565,19.3550,187
42609565409644,11:50:09.565,19.3550,13
42609565430112,11:50:09.565,19.3500,13
42609565470213,11:50:09.565,19.3500,50
42609565639440,11:50:09.565,19.3500,13
42609565647407,11:50:09.565,19.3500,13
42609565853376,11:50:09.565,19.3500,68
42611542657184,11:50:11.542,19.3400,100
42723276661680,11:52:03.276,19.2950,1
42723276661680,11:52:03.276,19.2950,1
42723276661680,11:52:03.276,19.2950,1
42723276661680,11:52:03.276,19.2950,1
42723276661680,11:52:03.276,19.3000,125
42723276691801,11:52:03.276,19.3000,4
42729491954406,11:52:09.491,19.3000,15
42729498284155,11:52:09.498,19.2900,100
42729498284155,11:52:09.498,19.2900,54
42729498539260,11:52:09.498,19.2900,46
42729498539260,11:52:09.498,19.2900,54
42729499434144,11:52:09.499,19.2900,46
42733488878876,11:52:13.488,19.2800,50
42733490326371,11:52:13.490,19.2800,50
42858896079328,11:54:18.896,19.3000,40
42858896079328,11:54:18.896,19.3000,60
42858896110445,11:54:18.896,19.3000,40
42962199256256,11:56:02.199,19.2600,100
42962199256256,11:56:02.199,19.2600,56
42975024955822,11:56:15.024,19.2600,3
42976307450259,11:56:16.307,19.2700,20
42976307513532,11:56:16.307,19.2700,100
42976307888485,11:56:16.307,19.2700,1
42976307891928,11:56:16.307,19.2700,1
42976307893292,11:56:16.307,19.2700,1
42992255325301,11:56:32.255,19.2500,100
42992255325301,11:56:32.255,19.2500,100
42992255325301,11:56:32.255,19.2500,10
43072388496487,11:57:52.388,19.2400,17
43072726201806,11:57:52.726,19.2400,20
43075532246411,11:57:55.532,19.2400,41
43163660355261,11:59:23.660,19.2600,9
43198941590023,11:59:58.941,19.2700,88
43198941615783,11:59:58.941,19.2700,12
43198941616429,11:59:58.941,19.2700,12
43198941620160,11:59:58.941,19.2700,12
43198941661895,11:59:58.941,19.2700,12
43198941676417,11:59:58.941,19.2700,64
43198942131363,11:59:58.942,19.2700,100
43198942612082,11:59:58.942,19.2800,100
43198942612082,11:59:58.942,19.2800,100
43198942612082,11:59:58.942,19.2800,100
43198942612082,11:59:58.942,19.2800,100
43206002666083,12:00:06.002,19.2800,100
43224253048276,12:00:24.253,19.2900,100
43279706726850,12:01:19.706,19.2800,51
43279706767727,12:01:19.706,19.2800,49
43281040250148,12:01:21.040,19.2750,1
43281040250148,12:01:21.040,19.2750,1
43281040250148,12:01:21.040,19.2750,1
43281040250148,12:01:21.040,19.2750,1
43281040250148,12:01:21.040,19.2750,1
43281040250148,12:01:21.040,19.2750,1
43296524399608,12:01:36.524,19.2700,100
43296529163657,12:01:36.529,19.2700,100
43296531504056,12:01:36.531,19.2700,100
43311043668153,12:01:51.043,19.2750,1
43311043668153,12:01:51.043,19.2750,1
43316604619979,12:01:56.604,19.2800,78
43316604642779,12:01:56.604,19.2800,22
43338780226403,12:02:18.780,19.2900,50
43338780258932,12:02:18.780,19.2900,50
43338780258932,12:02:18.780,19.2900,100
43338816299571,12:02:18.816,19.2900,67
43356670050457,12:02:36.670,19.2900,100
43358200118249,12:02:38.200,19.2900,32
43385217502959,12:03:05.217,19.3100,1
43387694346899,12:03:07.694,19.3100,42
43387694346899,12:03:07.694,19.3100,9
43387694355129,12:03:07.694,19.3100,169
43387694376799,12:03:07.694,19.3100,22
43400132701927,12:03:20.132,19.2900,50
43400133234652,12:03:20.133,19.2900,17
43400134046413,12:03:20.134,19.2900,200
43431487479628,12:03:51.487,19.2900,99
43439457517460,12:03:59.457,19.3000,1
43439457517460,12:03:59.457,19.3000,100
43439457517460,12:03:59.457,19.3000,100
43442833277322,12:04:02.833,19.2800,93
43443279672411,12:04:03.279,19.2800,100
43451147623933,12:04:11.147,19.2900,100
43457294257963,12:04:17.294,19.2900,5
43457294286353,12:04:17.294,19.2900,287
43465552410843,12:04:25.552,19.3000,100
43465999439260,12:04:25.999,19.2900,100
43465999439260,12:04:25.999,19.2900,100
43465999439260,12:04:25.999,19.2900,10
43476427890093,12:04:36.427,19.2700,100
43476428175689,12:04:36.428,19.2700,10
43607596381655,12:06:47.596,19.2500,20
43607596381655,12:06:47.596,19.2500,80
43607598101000,12:06:47.598,19.2500,20
43621115094291,12:07:01.115,19.2600,100
43621115094291,12:07:01.115,19.2600,92
43621115107271,12:07:01.115,19.2600,97
43621115122174,12:07:01.115,19.2600,71
43633790595987,12:07:13.790,19.2600,16
43633790690225,12:07:13.790,19.2600,16
43633790816852,12:07:13.790,19.2600,68
43633821567762,12:07:13.821,19.2400,1
43633821567762,12:07:13.821,19.2400,15
43633821646591,12:07:13.821,19.2400,16
43638355263496,12:07:18.355,19.2300,53
43638356221254,12:07:18.356,19.2400,100
43669519791260,12:07:49.519,19.2500,260
43693423039703,12:08:13.423,19.2500,100
43693423069154,12:08:13.423,19.2500,52
43698980998966,12:08:18.980,19.2550,100
43704097490175,12:08:24.097,19.2600,100
43704108316202,12:08:24.108,19.2700,100
43731265365960,12:08:51.265,19.2800,1
43809894784895,12:10:09.894,19.3000,100
43827684775424,12:10:27.684,19.3000,1
43924139184694,12:12:04.139,19.3100,1
43924139184694,12:12:04.139,19.3100,99
43924139212143,12:12:04.139,19.3100,1
43961162824982,12:12:41.162,19.3250,1
43966160982494,12:12:46.160,19.3300,1
44001240188211,12:13:21.240,19.3400,100
44009336445759,12:13:29.336,19.3500,100
44009336445759,12:13:29.336,19.3500,100
44054519348763,12:14:14.519,19.3350,1
44057713434190,12:14:17.713,19.3200,100
44057713434190,12:14:17.713,19.3200,100
44057713434190,12:14:17.713,19.3200,100
44057721911123,12:14:17.721,19.3200,1
44071404542712,12:14:31.404,19.3100,3
44228721237785,12:17:08.721,19.3500,100
44257820034104,12:17:37.820,19.3500,68
44257820193774,12:17:37.820,19.3500,32
44258417894611,12:17:38.417,19.3500,100
44284244567219,12:18:04.244,19.3300,100
44284245566448,12:18:04.245,19.3300,100
44284245566448,12:18:04.245,19.3300,100
44284245594990,12:18:04.245,19.3300,100
44284249750337,12:18:04.249,19.3400,100
44284249750337,12:18:04.249,19.3400,100
44284249750337,12:18:04.249,19.3400,100
44284264078908,12:18:04.264,19.3500,1
44284270192037,12:18:04.270,19.3500,1
44319021681428,12:18:39.021,19.3500,100
44330153942238,12:18:50.153,19.3200,50
44375418549756,12:19:35.418,19.3200,100
44482251688480,12:21:22.251,19.3300,14
44482252015086,12:21:22.252,19.3300,86
44482252015086,12:21:22.252,19.3300,1
44511265098476,12:21:51.265,19.3400,100
44511265404840,12:21:51.265,19.3400,100
44511267948818,12:21:51.267,19.3400,100
44511267948818,12:21:51.267,19.3400,100
44535490508387,12:22:15.490,19.3450,100
44588534788824,12:23:08.534,19.3200,56
44588541155314,12:23:08.541,19.3200,12
44590350793744,12:23:10.350,19.3300,98
44664976384756,12:24:24.976,19.3400,100
44666744532377,12:24:26.744,19.3400,100
44666744532377,12:24:26.744,19.3400,100
44700771839093,12:25:00.771,19.3300,100
44773159550556,12:26:13.159,19.3200,200
44863268903146,12:27:43.268,19.3300,98
44863268919013,12:27:43.268,19.3300,2
44863268919013,12:27:43.268,19.3300,95
44863269001821,12:27:43.269,19.3300,5
44863269004957,12:27:43.269,19.3300,5
44863269020102,12:27:43.269,19.3300,95
44863299718370,12:27:43.299,19.3400,100
44863299718370,12:27:43.299,19.3400,100
44863299718370,12:27:43.299,19.3400,100
44880658418792,12:28:00.658,19.3600,100
44898727133040,12:28:18.727,19.3700,100
44913327184802,12:28:33.327,19.3800,100
44913327184802,12:28:33.327,19.3800,100
44938461804497,12:28:58.461,19.3900,50
44938461831829,12:28:58.461,19.3900,50
44938461831829,12:28:58.461,19.3900,100
44938462097048,12:28:58.462,19.3900,50
44938463861139,12:28:58.463,19.3900,50
44945153552661,12:29:05.153,19.3900,50
44952060007715,12:29:12.060,19.3900,100
44966719033013,12:29:26.719,19.4000,200
44966768686192,12:29:26.768,19.4000,2
44979273747788,12:29:39.273,19.4000,100
45014364365859,12:30:14.364,19.4000,100
45042347461732,12:30:42.347,19.4000,100
45067843506319,12:31:07.843,19.4000,100
45067843767197,12:31:07.843,19.4000,100
45084010859846,12:31:24.010,19.4100,100
45134561295512,12:32:14.561,19.3900,100
45134561295512,12:32:14.561,19.3900,100
45146447850072,12:32:26.447,19.3700,100
45146582123225,12:32:26.582,19.3700,100
45197243213193,12:33:17.243,19.3700,100
45217588352729,12:33:37.588,19.3700,6
45225448428596,12:33:45.448,19.3700,50
45225448442215,12:33:45.448,19.3700,50
45273484533802,12:34:33.484,19.3700,10
45282690107024,12:34:42.690,19.3700,5
45282690115918,12:34:42.690,19.3700,195
45282690115918,12:34:42.690,19.3700,5
45282690123207,12:34:42.690,19.3700,195
45314479174397,12:35:14.479,19.3700,100
45352122461499,12:35:52.122,19.3600,1
45360280112982,12:36:00.280,19.3500,11
45360280119162,12:36:00.280,19.3500,89
45368161390911,12:36:08.161,19.3500,100
45368163215948,12:36:08.163,19.3500,96
45368163271094,12:36:08.163,19.3500,4
45428244154882,12:37:08.244,19.3300,10
45428245000549,12:37:08.245,19.3300,100
45430009330738,12:37:10.009,19.3300,100
45433129230368,12:37:13.129,19.3300,100
45444111439751,12:37:24.111,19.3400,100
45444111439751,12:37:24.111,19.3400,100
45445353306597,12:37:25.353,19.3250,100
45445353306597,12:37:25.353,19.3200,11
45552057167579,12:39:12.057,19.3200,1
45573087084710,12:39:33.087,19.3300,100
45578078937573,12:39:38.078,19.3500,34
45578078964017,12:39:38.078,19.3500,66
45632183064480,12:40:32.183,19.3500,200
45632183064480,12:40:32.183,19.3500,100
45654968508424,12:40:54.968,19.3500,100
45655010418140,12:40:55.010,19.3600,100
45655012165601,12:40:55.012,19.3600,99
45692182921467,12:41:32.182,19.3600,50
45692183341966,12:41:32.183,19.3600,49
45692207378710,12:41:32.207,19.3600,100
45710284677152,12:41:50.284,19.3400,100
45710284677152,12:41:50.284,19.3400,100
45710284677152,12:41:50.284,19.3400,100
45803182939838,12:43:23.182,19.3300,100
45803195251363,12:43:23.195,19.3400,100
45892077018695,12:44:52.077,19.3800,1
45892107851753,12:44:52.107,19.3800,100
45953439340221,12:45:53.439,19.3900,100
45955605362598,12:45:55.605,19.3800,100
45957590960130,12:45:57.590,19.3800,53
45957590981770,12:45:57.590,19.3800,47
45961511754049,12:46:01.511,19.3900,100
46022956686501,12:47:02.956,19.4000,30
46022956697787,12:47:02.956,19.4000,49
46022956716891,12:47:02.956,19.4000,21
46022956716891,12:47:02.956,19.4000,3
46034774938609,12:47:14.774,19.4000,200
46034774938609,12:47:14.774,19.4000,100
46186164962492,12:49:46.164,19.3900,100
46187472471251,12:49:47.472,19.4000,179
46187472481266,12:49:47.472,19.4000,21
46213296041338,12:50:13.296,19.3950,100
46276352287175,12:51:16.352,19.4100,100
46276352571544,12:51:16.352,19.4100,100
46276365160206,12:51:16.365,19.4200,100
46276365160206,12:51:16.365,19.4200,100
46302802452805,12:51:42.802,19.4300,100
46320912150467,12:52:00.912,19.4400,1
46321724089746,12:52:01.724,19.4400,100
46351962017091,12:52:31.962,19.4400,100
46374752536415,12:52:54.752,19.4300,4
46380350660454,12:53:00.350,19.4400,144
46380350701106,12:53:00.350,19.4400,52
46380350701106,12:53:00.350,19.4400,204
46380373719067,12:53:00.373,19.4400,100
46397925694736,12:53:17.925,19.4400,100
46429267020036,12:53:49.267,19.4400,100
46432663671702,12:53:52.663,19.4400,100
46432664962611,12:53:52.664,19.4400,100
46444154328596,12:54:04.154,19.4400,100
46444746310987,12:54:04.746,19.4400,100
46444746361878,12:54:04.746,19.4400,100
46444746378109,12:54:04.746,19.4400,100
46446262707777,12:54:06.262,19.4400,100
46514065614786,12:55:14.065,19.4300,100
46514082764013,12:55:14.082,19.4300,100
46514083749466,12:55:14.083,19.4300,28
46525246727459,12:55:25.246,19.4300,23
46525249590224,12:55:25.249,19.4350,100
46534998294575,12:55:34.998,19.4300,477
46535010693607,12:55:35.010,19.4200,100
46536152407740,12:55:36.152,19.4100,20
46536152407740,12:55:36.152,19.4100,80
46536152433544,12:55:36.152,19.4100,19
46538075924190,12:55:38.075,19.4100,28
46538075924190,12:55:38.075,19.4100,22
46538075941323,12:55:38.075,19.4100,50
46538075953886,12:55:38.075,19.4100,28
46600365328867,12:56:40.365,19.4400,100
46673084269608,12:57:53.084,19.4500,100
46673084269608,12:57:53.084,19.4500,300
46673084446404,12:57:53.084,19.4500,100
46673085796869,12:57:53.085,19.4400,100
46673103355400,12:57:53.103,19.4400,100
46673103435180,12:57:53.103,19.4400,100
46673117815654,12:57:53.117,19.4500,50
46673118297967,12:57:53.118,19.4500,3
46690193828837,12:58:10.193,19.4500,47
46691435224329,12:58:11.435,19.4400,100
46691435224329,12:58:11.435,19.4400,100
46691435224329,12:58:11.435,19.4400,100
46691435224329,12:58:11.435,19.4400,100
46691435545233,12:58:11.435,19.4400,100
46699677885725,12:58:19.677,19.4500,100
46728274947657,12:58:48.274,19.4500,200
46774874154249,12:59:34.874,19.4700,100
46800080714749,13:00:00.080,19.4700,54
46800102487264,13:00:00.102,19.4700,1
46812604558129,13:00:12.604,19.4600,300
46835667607914,13:00:35.667,19.4550,100
46837678600718,13:00:37.678,19.4500,300
46837678760207,13:00:37.678,19.4500,200
46901629420738,13:01:41.629,19.4600,1
46909495026558,13:01:49.495,19.4500,100
46909495026558,13:01:49.495,19.4500,100
46926696594426,13:02:06.696,19.4500,100
46926696594426,13:02:06.696,19.4500,100
46952223608206,13:02:32.223,19.4500,486
46952223634081,13:02:32.223,19.4500,14
46980045156930,13:03:00.045,19.4600,100
46980045156930,13:03:00.045,19.4600,200
46980046143807,13:03:00.046,19.4700,100
46980046143807,13:03:00.046,19.4700,100
46980046143807,13:03:00.046,19.4700,100
46980046143807,13:03:00.046,19.4700,100
46980046143807,13:03:00.046,19.4700,100
47014673754028,13:03:34.673,19.4700,100
47060675597111,13:04:20.675,19.4800,1
47078683193629,13:04:38.683,19.4700,100
47089013900638,13:04:49.013,19.4700,100
47107435555144,13:05:07.435,19.4600,100
47127660787204,13:05:27.660,19.4700,3
47127660787204,13:05:27.660,19.4700,100
47127660787204,13:05:27.660,19.4700,100
47186950944593,13:06:26.950,19.4700,1
47253898285930,13:07:33.898,19.4800,99
47253898285930,13:07:33.898,19.4800,100
47259527330136,13:07:39.527,19.4800,100
47276790768987,13:07:56.790,19.4800,42
47276790798954,13:07:56.790,19.4800,58
47295325497684,13:08:15.325,19.4800,164
47295325548124,13:08:15.325,19.4800,200
47295325573984,13:08:15.325,19.4800,36
47312292982302,13:08:32.292,19.4900,150
47312292982857,13:08:32.292,19.4900,50
47312292984748,13:08:32.292,19.4900,50
47312293187666,13:08:32.293,19.4900,202
47312293201090,13:08:32.293,19.4900,100
47312293220031,13:08:32.293,19.4900,173
47312296301462,13:08:32.296,19.4900,100
47312296301462,13:08:32.296,19.4900,26
47327381377563,13:08:47.381,19.4900,26
47479637027690,13:11:19.637,19.4800,100
47487880448258,13:11:27.880,19.4800,100
47487880448258,13:11:27.880,19.4800,100
47487880448258,13:11:27.880,19.4800,100
47487880448258,13:11:27.880,19.4800,100
47487880448258,13:11:27.880,19.4800,100
47534484893622,13:12:14.484,19.4900,100
47534484924611,13:12:14.484,19.4900,3
47534485067307,13:12:14.485,19.4900,100
47534485127180,13:12:14.485,19.4900,100
47534485127180,13:12:14.485,19.4900,100
47534485127180,13:12:14.485,19.4900,8
47582856423043,13:13:02.856,19.4800,100
47608449571912,13:13:28.449,19.4800,2
47632187554545,13:13:52.187,19.4800,100
47632187644963,13:13:52.187,19.4800,100
47632187675860,13:13:52.187,19.4800,100
47632187675860,13:13:52.187,19.4800,1
47633737074160,13:13:53.737,19.4900,100
47633737074160,13:13:53.737,19.4900,100
47633737737145,13:13:53.737,19.4900,100
47692758872193,13:14:52.758,19.5000,100
47692758872193,13:14:52.758,19.5000,200
47692758872193,13:14:52.758,19.5000,20
47692758872193,13:14:52.758,19.5000,30
47692758872193,13:14:52.758,19.5000,50
47692758872193,13:14:52.758,19.5000,100
47692758872193,13:14:52.758,19.5000,100
47692759005561,13:14:52.759,19.5000,100
47692759029753,13:14:52.759,19.5000,100
47692759029753,13:14:52.759,19.5000,100
47692759692484,13:14:52.759,19.5000,100
47692759692484,13:14:52.759,19.5000,700
47692759745432,13:14:52.759,19.5000,100
47700098711373,13:15:00.098,19.5000,300
47700098711373,13:15:00.098,19.5000,100
47704781764204,13:15:04.781,19.5100,200
47704781764204,13:15:04.781,19.5100,100
47706618460835,13:15:06.618,19.5200,100
47706618460835,13:15:06.618,19.5200,50
47706618460835,13:15:06.618,19.5200,100
47706618460835,13:15:06.618,19.5200,100
47706618460835,13:15:06.618,19.5200,100
47715708024186,13:15:15.708,19.5300,20
47715708024186,13:15:15.708,19.5300,80
47715708024186,13:15:15.708,19.5300,100
47717737152024,13:15:17.737,19.5400,100
47717737329598,13:15:17.737,19.5400,100
47717737466553,13:15:17.737,19.5400,100
47717737816783,13:15:17.737,19.5400,200
47717737816783,13:15:17.737,19.5400,100
47717737816783,13:15:17.737,19.5400,100
47717737816783,13:15:17.737,19.5400,100
47717737816783,13:15:17.737,19.5400,100
47718162183863,13:15:18.162,19.5400,100
47718230166287,13:15:18.230,19.5400,100
47718231308336,13:15:18.231,19.5400,100
47719064178831,13:15:19.064,19.5400,100
47719064178831,13:15:19.064,19.5400,100
47759810462737,13:15:59.810,19.5200,100
47764062848007,13:16:04.062,19.5300,100
47764062871027,13:16:04.062,19.5300,100
47764067752251,13:16:04.067,19.5300,100
47776529349173,13:16:16.529,19.5500,100
47776529349173,13:16:16.529,19.5500,100
47778175218854,13:16:18.175,19.5500,100
47778175218854,13:16:18.175,19.5500,100
47778176633738,13:16:18.176,19.5500,100
47778176633738,13:16:18.176,19.5500,100
47778176633738,13:16:18.176,19.5500,200
47778176755212,13:16:18.176,19.5500,100
47781337613946,13:16:21.337,19.5500,100
47781337613946,13:16:21.337,19.5500,100
47781337613946,13:16:21.337,19.5500,91
47790530785808,13:16:30.530,19.5500,9
47790738697088,13:16:30.738,19.5600,10
47790740325883,13:16:30.740,19.5600,100
47790740325883,13:16:30.740,19.5600,100
47790820786628,13:16:30.820,19.5500,4
47791152661184,13:16:31.152,19.5500,96
47792417912282,13:16:32.417,19.5600,100
47792417912282,13:16:32.417,19.5600,100
47800733831373,13:16:40.733,19.5700,100
47800766109373,13:16:40.766,19.5700,100
47800799412434,13:16:40.799,19.5600,100
47800799412434,13:16:40.799,19.5600,100
47800800056626,13:16:40.800,19.5700,100
47800800056626,13:16:40.800,19.5700,100
47809880064509,13:16:49.880,19.5800,109
47819981916764,13:16:59.981,19.6000,100
47823061675132,13:17:03.061,19.5900,300
47823061871386,13:17:03.061,19.5900,100
47824994337671,13:17:04.994,19.6000,100
47828204112787,13:17:08.204,19.6000,100
47836889458409,13:17:16.889,19.6100,100
47836889458409,13:17:16.889,19.6100,100
47836889458409,13:17:16.889,19.6100,100
47840815276392,13:17:20.815,19.6200,100
47840816076503,13:17:20.816,19.6200,355
47840816104211,13:17:20.816,19.6200,45
47857062630325,13:17:37.062,19.6000,100
47857062630325,13:17:37.062,19.6000,100
47857067729527,13:17:37.067,19.5900,100
47861764085587,13:17:41.764,19.5800,10
47861764085587,13:17:41.764,19.5800,29
47873264038500,13:17:53.264,19.5800,200
47890674017583,13:18:10.674,19.5800,100
47890674153923,13:18:10.674,19.5800,172
47890674377056,13:18:10.674,19.5800,128
47917979999710,13:18:37.979,19.5800,1
47917980077936,13:18:37.980,19.5800,100
47917980077936,13:18:37.980,19.5800,100
47917980315703,13:18:37.980,19.5800,100
47917980315703,13:18:37.980,19.5800,100
47928524909524,13:18:48.524,19.5900,100
47961221137080,13:19:21.221,19.5800,56
47961221163201,13:19:21.221,19.5800,244
47961221338072,13:19:21.221,19.5800,300
47961222152362,13:19:21.222,19.5800,100
47961222548251,13:19:21.222,19.5800,56
47961264175270,13:19:21.264,19.5800,44
47961264175270,13:19:21.264,19.5800,100
47961264175270,13:19:21.264,19.5800,256
47961288331698,13:19:21.288,19.5800,44
47961288331698,13:19:21.288,19.5800,256
47961315289392,13:19:21.315,19.5800,44
47961315289392,13:19:21.315,19.5800,100
47961315289392,13:19:21.315,19.5800,56
47971104861292,13:19:31.104,19.5800,200
47979129664448,13:19:39.129,19.5600,100
47983980309387,13:19:43.980,19.5700,95
47983980314968,13:19:43.980,19.5700,5
48028377397828,13:20:28.377,19.5600,100
48046621574066,13:20:46.621,19.5400,100
48046621574066,13:20:46.621,19.5400,100
48046621574066,13:20:46.621,19.5400,100
48047033367873,13:20:47.033,19.5300,100
48047046515911,13:20:47.046,19.5400,100
48078134173894,13:21:18.134,19.5400,100
48158525854256,13:22:38.525,19.5300,100
48158525884431,13:22:38.525,19.5300,200
48158525933579,13:22:38.525,19.5300,200
48162647432738,13:22:42.647,19.5200,100
48162647432738,13:22:42.647,19.5200,100
48237256779546,13:23:57.256,19.5100,47
48237256800389,13:23:57.256,19.5100,50
48237257057367,13:23:57.257,19.5100,50
48237257061337,13:23:57.257,19.5100,53
48237841729748,13:23:57.841,19.5100,100
48237843390027,13:23:57.843,19.5100,100
48237981879726,13:23:57.981,19.5100,100
48237981879726,13:23:57.981,19.5100,100
48247381527780,13:24:07.381,19.5000,500
48275230881636,13:24:35.230,19.5000,100
48282157717663,13:24:42.157,19.5000,100
48282158310658,13:24:42.158,19.5000,100
48282158310658,13:24:42.158,19.5000,100
48303860231148,13:25:03.860,19.4800,100
48305814988186,13:25:05.814,19.4800,50
48312676799773,13:25:12.676,19.4800,50
48312676828115,13:25:12.676,19.4800,1
48320989377176,13:25:20.989,19.4900,200
48350494831687,13:25:50.494,19.4800,50
48434047698951,13:27:14.047,19.4900,100
48499236292747,13:28:19.236,19.5100,100
48517984759449,13:28:37.984,19.5200,5
48536828757072,13:28:56.828,19.5300,1
48536829780602,13:28:56.829,19.5300,199
48594746898959,13:29:54.746,19.5300,500
48600691904617,13:30:00.691,19.5400,100
48600691904617,13:30:00.691,19.5400,100
48600691904617,13:30:00.691,19.5400,10
48646396505969,13:30:46.396,19.5500,100
48646396505969,13:30:46.396,19.5500,100
48646402398703,13:30:46.402,19.5600,100
48646402398703,13:30:46.402,19.5600,50
48646402398703,13:30:46.402,19.5600,50
48646403030780,13:30:46.403,19.5600,100
48654188986405,13:30:54.188,19.5700,10
48654188986405,13:30:54.188,19.5700,90
48755123458084,13:32:35.123,19.5800,200
48755123458084,13:32:35.123,19.5800,300
48755123690287,13:32:35.123,19.5800,200
48755123690287,13:32:35.123,19.5800,100
48765229085630,13:32:45.229,19.5900,100
48765229085630,13:32:45.229,19.5900,50
48783028998708,13:33:03.028,19.6000,52
48783029025529,13:33:03.029,19.6000,48
48783029025529,13:33:03.029,19.6000,100
48783029033420,13:33:03.029,19.6000,2
48783029038797,13:33:03.029,19.6000,49
48783029119700,13:33:03.029,19.6000,49
48790488489289,13:33:10.488,19.6000,100
48790488489289,13:33:10.488,19.6000,100
48807381010929,13:33:27.381,19.5950,100
48839397432944,13:33:59.397,19.6000,1
48844131456950,13:34:04.131,19.6100,89
48960334473305,13:36:00.334,19.6000,100
48960334473305,13:36:00.334,19.6000,100
49027966056763,13:37:07.966,19.6000,100
49028351274909,13:37:08.351,19.5900,100
49028351942782,13:37:08.351,19.5900,100
49076206868289,13:37:56.206,19.5900,100
49123705535790,13:38:43.705,19.6000,200
49123705535790,13:38:43.705,19.6000,200
49123705535790,13:38:43.705,19.6000,100
49152179047685,13:39:12.179,19.5900,100
49152180831786,13:39:12.180,19.5900,300
49152180831786,13:39:12.180,19.5900,100
49152180831786,13:39:12.180,19.5900,200
49154894520294,13:39:14.894,19.5900,100
49176899557157,13:39:36.899,19.5900,100
49199032086379,13:39:59.032,19.5900,539
49199032164281,13:39:59.032,19.5900,61
49240172068974,13:40:40.172,19.5900,100
49243025960176,13:40:43.025,19.6000,7
49243025960176,13:40:43.025,19.6000,1
49243025960176,13:40:43.025,19.6000,100
49255744730466,13:40:55.744,19.6100,100
49255744759030,13:40:55.744,19.6100,100
49297255991665,13:41:37.255,19.6000,400
49297256047839,13:41:37.256,19.6000,200
49338251956821,13:42:18.251,19.5800,400
49350133458570,13:42:30.133,19.5700,100
49350133458570,13:42:30.133,19.5700,400
49352710593256,13:42:32.710,19.5500,100
49352710620824,13:42:32.710,19.5500,100
49402547412531,13:43:22.547,19.5300,100
49402548405796,13:43:22.548,19.5300,100
49413968196785,13:43:33.968,19.5200,50
49413968225674,13:43:33.968,19.5200,350
49518774547815,13:45:18.774,19.5000,100
49518774547815,13:45:18.774,19.5000,100
49520918973587,13:45:20.918,19.5100,100
49522639705712,13:45:22.639,19.5000,16
49522639787318,13:45:22.639,19.5000,16
49537377882000,13:45:37.377,19.5300,100
49537377882000,13:45:37.377,19.5300,100
49537377882000,13:45:37.377,19.5300,100
49537377882000,13:45:37.377,19.5300,55
49564315794837,13:46:04.315,19.5400,100
49564315794837,13:46:04.315,19.5400,100
49564315794837,13:46:04.315,19.5400,100
49564315847983,13:46:04.315,19.5400,100
49573419553203,13:46:13.419,19.5500,100
49576799674672,13:46:16.799,19.5600,100
49587095894939,13:46:27.095,19.5600,100
49587173550384,13:46:27.173,19.5600,100
49600852924977,13:46:40.852,19.5600,100
49600852924977,13:46:40.852,19.5600,209
49600852934717,13:46:40.852,19.5600,100
49600852938264,13:46:40.852,19.5600,191
49680354796742,13:48:00.354,19.5600,100
49680354796742,13:48:00.354,19.5600,6
49680355042918,13:48:00.355,19.5600,102
49680355049813,13:48:00.355,19.5600,50
49680355071852,13:48:00.355,19.5600,15
49680355175200,13:48:00.355,19.5600,27
49681150260263,13:48:01.150,19.5600,7
49685498174765,13:48:05.498,19.5600,93
49685498174765,13:48:05.498,19.5600,57
49685498184703,13:48:05.498,19.5600,43
49685498184703,13:48:05.498,19.5600,100
49685498184703,13:48:05.498,19.5600,100
49691641911430,13:48:11.641,19.5700,50
49691641911430,13:48:11.641,19.5700,162
49691641942750,13:48:11.641,19.5700,38
49731327784369,13:48:51.327,19.5800,100
49871240538417,13:51:11.240,19.5800,100
49871240538417,13:51:11.240,19.5800,66
49882421689484,13:51:22.421,19.5800,434
49923818601997,13:52:03.818,19.5800,14
49923818601997,13:52:03.818,19.5800,100
49963167848658,13:52:43.167,19.5700,100
49963167848658,13:52:43.167,19.5700,100
49963169205015,13:52:43.169,19.5700,100
49963169205015,13:52:43.169,19.5700,50
49964458867026,13:52:44.458,19.5800,50
49964458867026,13:52:44.458,19.5800,100
49987755718546,13:53:07.755,19.5700,300
49990674479236,13:53:10.674,19.5600,100
50058149801018,13:54:18.149,19.5600,100
50103472139460,13:55:03.472,19.5600,100
50103472139460,13:55:03.472,19.5600,136
50103472155561,13:55:03.472,19.5600,102
50156059891056,13:55:56.059,19.5600,162
50156059891056,13:55:56.059,19.5600,100
50156059976137,13:55:56.059,19.5600,100
50156060200339,13:55:56.060,19.5600,100
50156060428233,13:55:56.060,19.5600,100
50188250501851,13:56:28.250,19.5700,90
50188250534723,13:56:28.250,19.5700,10
50318760656792,13:58:38.760,19.5800,200
50318762285326,13:58:38.762,19.5900,100
50329957361084,13:58:49.957,19.5900,100
50331666975140,13:58:51.666,19.5900,100
50331667010840,13:58:51.667,19.5900,50
50331667315086,13:58:51.667,19.5900,375
50331667500540,13:58:51.667,19.5900,50
50331667510525,13:58:51.667,19.5900,25
50337002018311,13:58:57.002,19.5800,100
50337002018311,13:58:57.002,19.5800,196
50337002046920,13:58:57.002,19.5800,1
50337002047472,13:58:57.002,19.5800,203
50337002047472,13:58:57.002,19.5800,1
50337021086551,13:58:57.021,19.5800,48
50337464345410,13:58:57.464,19.5800,52
50347986946781,13:59:07.986,19.5700,400
50355842921045,13:59:15.842,19.5700,300
50400927650560,14:00:00.927,19.5800,100
50400931858723,14:00:00.931,19.5900,26
50401031864874,14:00:01.031,19.5900,74
50401032412334,14:00:01.032,19.5800,1
50401032467097,14:00:01.032,19.5800,26
50402687346664,14:00:02.687,19.5800,16
50408543849467,14:00:08.543,19.6000,21
50408593725642,14:00:08.593,19.6000,79
50408593725642,14:00:08.593,19.6000,100
50408595834599,14:00:08.595,19.6100,26
50408992751310,14:00:08.992,19.6100,59
50408992878063,14:00:08.992,19.6100,41
50408992878063,14:00:08.992,19.6100,100
50409015931068,14:00:09.015,19.6200,100
50409032081380,14:00:09.032,19.6100,200
50409032081380,14:00:09.032,19.6100,200
50409032081380,14:00:09.032,19.6100,100
50409032081380,14:00:09.032,19.6100,100
50410452016385,14:00:10.452,19.6000,300
50410452016385,14:00:10.452,19.6000,55
50410452016385,14:00:10.452,19.6000,45
50415566590755,14:00:15.566,19.5900,19
50415567361308,14:00:15.567,19.5900,12
50421144158737,14:00:21.144,19.6200,100
50421144158737,14:00:21.144,19.6200,100
50421144158737,14:00:21.144,19.6200,100
50427523967639,14:00:27.523,19.6000,44
50433083686256,14:00:33.083,19.6000,300
50433083808657,14:00:33.083,19.6000,100
50433113124934,14:00:33.113,19.6000,100
50438027780041,14:00:38.027,19.6100,100
50440748382854,14:00:40.748,19.6100,100
50444742117515,14:00:44.742,19.6200,100
50445293550547,14:00:45.293,19.6200,212
50445293578725,14:00:45.293,19.6200,88
50454617193372,14:00:54.617,19.6200,55
50457642763335,14:00:57.642,19.6300,100
50457815331708,14:00:57.815,19.6400,100
50464823594172,14:01:04.823,19.6400,100
50466704743865,14:01:06.704,19.6400,100
50467091023642,14:01:07.091,19.6200,34
50467091052221,14:01:07.091,19.6200,66
50497778686394,14:01:37.778,19.6200,100
50537833370188,14:02:17.833,19.5900,100
50537833370188,14:02:17.833,19.5900,123
50537833371397,14:02:17.833,19.5900,177
50537833377823,14:02:17.833,19.5900,177
50537835960449,14:02:17.835,19.5900,100
50537835969911,14:02:17.835,19.5900,23
50548680786442,14:02:28.680,19.5900,100
50548680843046,14:02:28.680,19.5900,100
50548681155646,14:02:28.681,19.5900,100
50548681156207,14:02:28.681,19.5900,100
50566401229827,14:02:46.401,19.6100,100
50576311727799,14:02:56.311,19.6150,1
50576311783258,14:02:56.311,19.6200,100
50576611844466,14:02:56.611,19.6300,100
50597956135091,14:03:17.956,19.6400,23
50598266050874,14:03:18.266,19.6400,100
50598266437687,14:03:18.266,19.6400,100
50598266864101,14:03:18.266,19.6500,100
50598267411527,14:03:18.267,19.6500,22
50605706108114,14:03:25.706,19.6400,22
50613101306679,14:03:33.101,19.6400,1
50628580954013,14:03:48.580,19.6600,1900
50641023145372,14:04:01.023,19.6800,200
50655507330998,14:04:15.507,19.7100,100
50706393901434,14:05:06.393,19.7400,200
50706393925052,14:05:06.393,19.7400,100
50723668251114,14:05:23.668,19.7600,100
50734736251001,14:05:34.736,19.7500,100
50734752099932,14:05:34.752,19.7500,1
50766890104911,14:06:06.890,19.7300,1
50846487377632,14:07:26.487,19.7700,100
50846487377632,14:07:26.487,19.7700,100
50851026174497,14:07:31.026,19.7700,100
50854107052003,14:07:34.107,19.7500,300
50901576320737,14:08:21.576,19.7300,1
50901576337623,14:08:21.576,19.7300,1
50901576346092,14:08:21.576,19.7300,498
50901581596341,14:08:21.581,19.7300,100
50924430830732,14:08:44.430,19.7400,100
50968227892417,14:09:28.227,19.7300,100
50968228739296,14:09:28.228,19.7300,100
50968229763814,14:09:28.229,19.7300,300
50968242539570,14:09:28.242,19.7400,44
50968242568695,14:09:28.242,19.7400,1
50968242690610,14:09:28.242,19.7400,55
50968297254809,14:09:28.297,19.7300,1
50968299043269,14:09:28.299,19.7300,99
50995010381665,14:09:55.010,19.7300,10
51018131924296,14:10:18.131,19.7300,100
51031931739216,14:10:31.931,19.7100,100
51037993008021,14:10:37.993,19.7200,2
51045513737614,14:10:45.513,19.7300,60
51180607695835,14:13:00.607,19.7800,63
51180607695835,14:13:00.607,19.7800,10
51206695523102,14:13:26.695,19.7800,100
51206695552788,14:13:26.695,19.7800,300
51206734669956,14:13:26.734,19.7700,100
51206737001077,14:13:26.737,19.7700,100
51206737001077,14:13:26.737,19.7700,100
51213581673210,14:13:33.581,19.7800,1
51252803539722,14:14:12.803,19.8000,100
51252803566218,14:14:12.803,19.8000,6
51252803608127,14:14:12.803,19.8000,6
51258098566771,14:14:18.098,19.7900,100
51258104237636,14:14:18.104,19.7900,100
51263612585988,14:14:23.612,19.8000,50
51263612613590,14:14:23.612,19.8000,50
51263614036133,14:14:23.614,19.7900,100
51266761114452,14:14:26.761,19.8000,200
51266762262131,14:14:26.762,19.8000,10
51300182213218,14:15:00.182,19.7900,300
51300182213218,14:15:00.182,19.7900,120
51300182213218,14:15:00.182,19.7900,100
51300182629456,14:15:00.182,19.7900,100
51300202183378,14:15:00.202,19.7900,100
51300207776674,14:15:00.207,19.7900,100
51300207776674,14:15:00.207,19.7900,100
51300502934676,14:15:00.502,19.7900,100
51300504828572,14:15:00.504,19.7900,100
51300505096977,14:15:00.505,19.8000,100
51300505096977,14:15:00.505,19.8000,100
51300505096977,14:15:00.505,19.8000,100
51300505096977,14:15:00.505,19.8000,100
51300505096977,14:15:00.505,19.8000,100
51300856117145,14:15:00.856,19.7900,100
51300857778979,14:15:00.857,19.7900,8
51300857781768,14:15:00.857,19.7900,92
51300857781768,14:15:00.857,19.7900,11
51305548559737,14:15:05.548,19.8100,100
51305548559737,14:15:05.548,19.8100,100
51321932623343,14:15:21.932,19.8000,40
51321933509924,14:15:21.933,19.8000,50
51321933651962,14:15:21.933,19.8000,30
51321954069541,14:15:21.954,19.7900,8
51321954069541,14:15:21.954,19.7900,92
51321954069541,14:15:21.954,19.7900,100
51331636232037,14:15:31.636,19.7800,100
51339799989494,14:15:39.799,19.7800,476
51365325509868,14:16:05.325,19.8100,3
51365325509868,14:16:05.325,19.8100,178
51365325521658,14:16:05.325,19.8100,22
51386875437216,14:16:26.875,19.8400,300
51388899461506,14:16:28.899,19.8300,200
51388899465624,14:16:28.899,19.8300,100
51388899471532,14:16:28.899,19.8300,200
51398002504330,14:16:38.002,19.8200,100
51400085402810,14:16:40.085,19.8200,50
51400220656463,14:16:40.220,19.8300,100
51418193918739,14:16:58.193,19.8100,100
51481142023637,14:18:01.142,19.8000,1
51481634418237,14:18:01.634,19.8100,58
51481634467642,14:18:01.634,19.8100,42
51523237511058,14:18:43.237,19.7900,100
51534460024332,14:18:54.460,19.7900,50
51579166829758,14:19:39.166,19.8200,100
51579248662673,14:19:39.248,19.8200,100
51579248662673,14:19:39.248,19.8200,200
51599688883342,14:19:59.688,19.8200,20
51600904087758,14:20:00.904,19.8200,10
51600904094080,14:20:00.904,19.8200,100
51600904107365,14:20:00.904,19.8200,104
51600904194839,14:20:00.904,19.8200,166
51612184996709,14:20:12.184,19.8100,300
51612187625111,14:20:12.187,19.8100,200
51612187625111,14:20:12.187,19.8100,100
51612200964298,14:20:12.200,19.8100,100
51635757926496,14:20:35.757,19.8000,100
51636750867473,14:20:36.750,19.7950,1
51636750867473,14:20:36.750,19.8000,99
51653999462783,14:20:53.999,19.8100,100
51676811535188,14:21:16.811,19.8300,100
51680495318203,14:21:20.495,19.8300,100
51720530869721,14:22:00.530,19.8400,100
51726943553038,14:22:06.943,19.8400,400
51726944067410,14:22:06.944,19.8400,1
51744542650240,14:22:24.542,19.8500,84
51744542662125,14:22:24.542,19.8500,16
51770357765907,14:22:50.357,19.8600,500
51773887162263,14:22:53.887,19.8700,83
51773887223054,14:22:53.887,19.8700,17
51778782170638,14:22:58.782,19.8600,100
51795276873411,14:23:15.276,19.8500,50
51795276883736,14:23:15.276,19.8500,50
51795277310818,14:23:15.277,19.8500,100
51795277312553,14:23:15.277,19.8500,100
51795277375142,14:23:15.277,19.8500,100
51795278958416,14:23:15.278,19.8500,50
51803606343170,14:23:23.606,19.8600,100
51803606343170,14:23:23.606,19.8600,100
51806972198661,14:23:26.972,19.8600,500
51820059876774,14:23:40.059,19.8600,100
51829645143673,14:23:49.645,19.8600,100
51829645143673,14:23:49.645,19.8600,143
51871589080431,14:24:31.589,19.8600,196
51871589152976,14:24:31.589,19.8600,204
51871589382778,14:24:31.589,19.8600,400
51871589382778,14:24:31.589,19.8600,100
51871589382778,14:24:31.589,19.8600,100
51871589427272,14:24:31.589,19.8600,400
51871589580594,14:24:31.589,19.8600,200
51871589580594,14:24:31.589,19.8600,100
51871640733227,14:24:31.640,19.8500,100
51880077887596,14:24:40.077,19.8500,400
51880080059482,14:24:40.080,19.8500,100
51880080059482,14:24:40.080,19.8500,77
51886677332087,14:24:46.677,19.8600,200
51890200625318,14:24:50.200,19.8700,100
51890200625318,14:24:50.200,19.8700,100
51890435003201,14:24:50.435,19.8700,100
51890435003201,14:24:50.435,19.8700,100
51908793320142,14:25:08.793,19.8600,114
51910502005707,14:25:10.502,19.8800,100
51910502005707,14:25:10.502,19.8800,100
51910502223026,14:25:10.502,19.8800,100
51952519384346,14:25:52.519,19.8700,100
51964550349896,14:26:04.550,19.8800,28
51964550349896,14:26:04.550,19.8800,72
51964555201704,14:26:04.555,19.8800,100
51964555218096,14:26:04.555,19.8800,100
51964555218096,14:26:04.555,19.8900,100
51964555218096,14:26:04.555,19.8900,100
51964555274572,14:26:04.555,19.8800,100
51965048798156,14:26:05.048,19.8800,100
51965059857074,14:26:05.059,19.8700,100
51965059892250,14:26:05.059,19.8700,100
51965059934012,14:26:05.059,19.8700,38
51965059934012,14:26:05.059,19.8700,62
51983681063307,14:26:23.681,19.8600,100
51989651658003,14:26:29.651,19.8600,100
51989651658003,14:26:29.651,19.8600,100
51989651658003,14:26:29.651,19.8600,100
51991596650778,14:26:31.596,19.8500,100
51991596650778,14:26:31.596,19.8500,100
51998053830844,14:26:38.053,19.8600,100
52000070245136,14:26:40.070,19.8500,400
52000070245136,14:26:40.070,19.8500,100
52006683390847,14:26:46.683,19.8400,82
52006683394344,14:26:46.683,19.8400,18
52006692085479,14:26:46.692,19.8500,100
52006692645699,14:26:46.692,19.8500,100
52006692645699,14:26:46.692,19.8500,300
52017299999944,14:26:57.299,19.8300,1
52024258683116,14:27:04.258,19.8300,100
52025053096020,14:27:05.053,19.8400,15
52031778076630,14:27:11.778,19.8400,85
52060001496357,14:27:40.001,19.8400,500
52060001653600,14:27:40.001,19.8400,100
52060053501629,14:27:40.053,19.8400,100
52060053501629,14:27:40.053,19.8400,100
52068399980067,14:27:48.399,19.8200,100
52068399980067,14:27:48.399,19.8200,100
52068399980067,14:27:48.399,19.8200,400
52068399980067,14:27:48.399,19.8200,100
52068399980067,14:27:48.399,19.8200,100
52068401693150,14:27:48.401,19.8200,100
52068406543144,14:27:48.406,19.8200,100
52068533608934,14:27:48.533,19.8300,100
52068533608934,14:27:48.533,19.8300,100
52071361099100,14:27:51.361,19.8200,100
52074427597056,14:27:54.427,19.8000,100
52092809996300,14:28:12.809,19.8000,185
52092810015155,14:28:12.810,19.8000,96
52092810027473,14:28:12.810,19.8000,19
52100650000678,14:28:20.650,19.7900,56
52112477662518,14:28:32.477,19.7900,300
52112477737746,14:28:32.477,19.7900,44
52112602663733,14:28:32.602,19.7800,10
52112896745076,14:28:32.896,19.7800,90
52112896745076,14:28:32.896,19.7800,100
52114033105162,14:28:34.033,19.7700,100
52142441732673,14:29:02.441,19.7900,44
52142441732673,14:29:02.441,19.7900,1
52146341062141,14:29:06.341,19.8000,86
52146341067758,14:29:06.341,19.8000,14
52146347406186,14:29:06.347,19.8000,30
52146481161580,14:29:06.481,19.8000,50
52158528707431,14:29:18.528,19.8000,200
52158528707431,14:29:18.528,19.8000,100
52158528707431,14:29:18.528,19.8000,100
52203256855579,14:30:03.256,19.7900,100
52203256855579,14:30:03.256,19.7900,14
52203256856464,14:30:03.256,19.7900,50
52203256876170,14:30:03.256,19.7900,94
52203256882498,14:30:03.256,19.7900,39
52203256896187,14:30:03.256,19.7900,403
52231063953499,14:30:31.063,19.8100,100
52240034471050,14:30:40.034,19.8200,100
52240034477722,14:30:40.034,19.8200,86
52242881276622,14:30:42.881,19.8100,100
52248098913756,14:30:48.098,19.8200,100
52271119433851,14:31:11.119,19.8200,100
52271119433851,14:31:11.119,19.8200,100
52271119433851,14:31:11.119,19.8200,100
52271119433851,14:31:11.119,19.8200,100
52271119433851,14:31:11.119,19.8200,200
52271120651481,14:31:11.120,19.8200,78
52271274662564,14:31:11.274,19.8100,100
52272621680376,14:31:12.621,19.8200,100
52272621680376,14:31:12.621,19.8200,100
52272621680376,14:31:12.621,19.8200,100
52272621680376,14:31:12.621,19.8200,92
52272621848001,14:31:12.621,19.8200,8
52272680075247,14:31:12.680,19.8200,100
52272680075247,14:31:12.680,19.8200,100
52272680075247,14:31:12.680,19.8200,300
52274508311691,14:31:14.508,19.8200,100
52274621982471,14:31:14.621,19.8200,100
52299462173957,14:31:39.462,19.8300,200
52306389950831,14:31:46.389,19.8400,100
52306393312651,14:31:46.393,19.8400,100
52306394257642,14:31:46.394,19.8400,100
52306394257642,14:31:46.394,19.8400,100
52306394257642,14:31:46.394,19.8400,100
52306394257642,14:31:46.394,19.8400,100
52306394257642,14:31:46.394,19.8400,100
52306394257642,14:31:46.394,19.8400,100
52310257904302,14:31:50.257,19.8400,10
52310258687698,14:31:50.258,19.8400,90
52310807406697,14:31:50.807,19.8400,100
52310807406697,14:31:50.807,19.8400,100
52310807406697,14:31:50.807,19.8400,100
52310807406697,14:31:50.807,19.8400,100
52310838913486,14:31:50.838,19.8400,100
52316043075084,14:31:56.043,19.8100,50
52316043080789,14:31:56.043,19.8100,50
52316043350965,14:31:56.043,19.8100,100
52316043350965,14:31:56.043,19.8100,100
52317728820657,14:31:57.728,19.8200,100
52317728820657,14:31:57.728,19.8200,100
52317728820657,14:31:57.728,19.8200,100
52317728820657,14:31:57.728,19.8200,200
52317728820657,14:31:57.728,19.8200,100
52317728820657,14:31:57.728,19.8200,100
52329231384414,14:32:09.231,19.8100,100
52329231384414,14:32:09.231,19.8100,100
52329231384414,14:32:09.231,19.8100,100
52329231712296,14:32:09.231,19.8100,300
52329231712296,14:32:09.231,19.8100,100
52329986229482,14:32:09.986,19.8100,100
52329986393136,14:32:09.986,19.8100,100
52329986454809,14:32:09.986,19.8100,100
52329986454809,14:32:09.986,19.8100,100
52329986454809,14:32:09.986,19.8100,100
52331241385307,14:32:11.241,19.8100,200
52331241385307,14:32:11.241,19.8100,100
52331241385307,14:32:11.241,19.8100,100
52331252378246,14:32:11.252,19.8100,100
52331252378246,14:32:11.252,19.8100,100
52336455454379,14:32:16.455,19.8000,100
52336455454379,14:32:16.455,19.8000,100
52336464601241,14:32:16.464,19.8000,16
52341625667279,14:32:21.625,19.8000,16
52347336117580,14:32:27.336,19.8100,400
52350918388295,14:32:30.918,19.8200,100
52350918388295,14:32:30.918,19.8200,100
52350918388295,14:32:30.918,19.8200,100
52400030552440,14:33:20.030,19.8300,100
52400030705775,14:33:20.030,19.8300,100
52400703163499,14:33:20.703,19.8300,200
52412335176672,14:33:32.335,19.8300,100
52423631385127,14:33:43.631,19.8400,50
52423631416122,14:33:43.631,19.8400,14
52423631416122,14:33:43.631,19.8400,36
52478895524785,14:34:38.895,19.8400,200
52478895553791,14:34:38.895,19.8400,100
52491590363198,14:34:51.590,19.8500,100
52503642590704,14:35:03.642,19.8500,100
52520652178356,14:35:20.652,19.8600,100
52520652178356,14:35:20.652,19.8600,100
52520652178356,14:35:20.652,19.8600,100
52520652178356,14:35:20.652,19.8600,100
52520652178356,14:35:20.652,19.8600,100
52520652519892,14:35:20.652,19.8600,100
52520652519892,14:35:20.652,19.8600,100
52520655692773,14:35:20.655,19.8600,10
52543740529569,14:35:43.740,19.8400,100
52558555572028,14:35:58.555,19.8300,100
52558556429391,14:35:58.556,19.8300,100
52565522539893,14:36:05.522,19.8200,100
52566331320469,14:36:06.331,19.8150,100
52566784360190,14:36:06.784,19.8100,100
52566784360190,14:36:06.784,19.8100,100
52566784360190,14:36:06.784,19.8100,100
52566784360190,14:36:06.784,19.8100,10
52566784360190,14:36:06.784,19.8100,100
52566784360190,14:36:06.784,19.8100,100
52566784360190,14:36:06.784,19.8100,25
52576417485981,14:36:16.417,19.7800,50
52581344577246,14:36:21.344,19.7800,100
52610442528468,14:36:50.442,19.7900,100
52610442528468,14:36:50.442,19.7900,100
52611016466061,14:36:51.016,19.7900,100
52628736555876,14:37:08.736,19.7600,2
52628959522987,14:37:08.959,19.7600,6
52628960531737,14:37:08.960,19.7600,50
52628960604331,14:37:08.960,19.7600,42
52637225530852,14:37:17.225,19.7600,10
52641339923560,14:37:21.339,19.7700,50
52641339973832,14:37:21.339,19.7700,50
52641340033990,14:37:21.340,19.7700,50
52701497149567,14:38:21.497,19.7900,117
52701497192993,14:38:21.497,19.7900,32
52728229880284,14:38:48.229,19.8000,100
52757269055434,14:39:17.269,19.7900,100
52763552634648,14:39:23.552,19.7800,100
52767137311229,14:39:27.137,19.7900,100
52795467170316,14:39:55.467,19.7900,100
52795467170316,14:39:55.467,19.7900,100
52800849410439,14:40:00.849,19.8000,100
52801121014282,14:40:01.121,19.7950,100
52805931066347,14:40:05.931,19.7950,100
52808537563625,14:40:08.537,19.7850,200
52854952528146,14:40:54.952,19.7800,100
52883570470079,14:41:23.570,19.7900,100
52936215781685,14:42:16.215,19.7800,100
52936215781685,14:42:16.215,19.7800,100
52938870147842,14:42:18.870,19.7900,100
52938870322196,14:42:18.870,19.7900,100
52951658828087,14:42:31.658,19.7900,26
52951660633036,14:42:31.660,19.7900,100
52984197613829,14:43:04.197,19.7800,100
52995688079713,14:43:15.688,19.7700,1
52995688079713,14:43:15.688,19.7700,16
52995688177639,14:43:15.688,19.7700,84
53017725806518,14:43:37.725,19.7800,100
53086787792124,14:44:46.787,19.7900,100
53090243485941,14:44:50.243,19.8000,200
53097565588266,14:44:57.565,19.8000,100
53116937007865,14:45:16.937,19.7900,50
53116937025684,14:45:16.937,19.7900,50
53125158617406,14:45:25.158,19.7800,400
53125158813455,14:45:25.158,19.7800,200
53188255574450,14:46:28.255,19.7800,146
53188255574450,14:46:28.255,19.7800,154
53188255615845,14:46:28.255,19.7800,46
53188336307731,14:46:28.336,19.7900,100
53189261045510,14:46:29.261,19.8000,100
53189261045510,14:46:29.261,19.8000,100
53216218859102,14:46:56.218,19.8000,200
53216218859102,14:46:56.218,19.8000,4
53216404245292,14:46:56.404,19.8100,100
53216404459959,14:46:56.404,19.8100,100
53216404459959,14:46:56.404,19.8100,100
53228157396144,14:47:08.157,19.8200,100
53228342433862,14:47:08.342,19.8200,100
53281077456092,14:48:01.077,19.8200,100
53282355057972,14:48:02.355,19.8300,100
53282355057972,14:48:02.355,19.8300,57
53293782296993,14:48:13.782,19.8200,284
53293782360940,14:48:13.782,19.8200,116
53293782545217,14:48:13.782,19.8200,300
53293783425326,14:48:13.783,19.8200,100
53293783425326,14:48:13.783,19.8200,100
53293783425326,14:48:13.783,19.8200,100
53293783425326,14:48:13.783,19.8200,100
53300060789827,14:48:20.060,19.8200,100
53343074917861,14:49:03.074,19.8200,38
53347994001546,14:49:07.994,19.8200,50
53347994260191,14:49:07.994,19.8200,50
53347994260191,14:49:07.994,19.8200,100
53347994260191,14:49:07.994,19.8200,50
53422590163988,14:50:22.590,19.8200,100
53422590163988,14:50:22.590,19.8200,1
53446767815012,14:50:46.767,19.8100,50
53446767871851,14:50:46.767,19.8100,50
53446767902382,14:50:46.767,19.8100,50
53446810131049,14:50:46.810,19.8150,100
53465260452351,14:51:05.260,19.8000,100
53467605992148,14:51:07.605,19.8000,50
53471604359943,14:51:11.604,19.7900,100
53471604375829,14:51:11.604,19.7900,100
53480324535971,14:51:20.324,19.8000,49
53482401140514,14:51:22.401,19.8000,1
53482401140514,14:51:22.401,19.8000,100
53508633945894,14:51:48.633,19.8100,100
53508634326541,14:51:48.634,19.8100,2
53512258888761,14:51:52.258,19.8100,86
53512259392990,14:51:52.259,19.8100,14
53512559650120,14:51:52.559,19.8100,26
53524268793423,14:52:04.268,19.8200,100
53524268793423,14:52:04.268,19.8200,100
53538889622479,14:52:18.889,19.8300,50
53538889646046,14:52:18.889,19.8300,42
53538889679551,14:52:18.889,19.8300,8
53538889679551,14:52:18.889,19.8300,100
53538889679551,14:52:18.889,19.8300,2
53542005043581,14:52:22.005,19.8400,100
53542005043581,14:52:22.005,19.8400,100
53542040555685,14:52:22.040,19.8500,31
53542041344779,14:52:22.041,19.8500,69
53542041344779,14:52:22.041,19.8500,69
53551072514498,14:52:31.072,19.8400,300
53551072514498,14:52:31.072,19.8400,100
53551075598576,14:52:31.075,19.8400,100
53551095405514,14:52:31.095,19.8400,2
53556018540976,14:52:36.018,19.8500,100
53558726855081,14:52:38.726,19.8600,2
53559359309382,14:52:39.359,19.8600,98
53580552678229,14:53:00.552,19.8500,100
53595456902050,14:53:15.456,19.8600,100
53595456902050,14:53:15.456,19.8600,1
53598660262196,14:53:18.660,19.8600,1
53627233480992,14:53:47.233,19.8600,100
53627233480992,14:53:47.233,19.8600,500
53701891926744,14:55:01.891,19.8700,200
53701891926744,14:55:01.891,19.8700,100
53727409469117,14:55:27.409,19.8700,12
53727410151546,14:55:27.410,19.8700,88
53727410151546,14:55:27.410,19.8700,100
53727410151546,14:55:27.410,19.8700,100
53731364562997,14:55:31.364,19.8700,4
53746994918595,14:55:46.994,19.8650,71
53747473532679,14:55:47.473,19.8650,29
53750906800273,14:55:50.906,19.8700,4
53750906859324,14:55:50.906,19.8700,96
53797239598496,14:56:37.239,19.8800,18
53797240223170,14:56:37.240,19.8800,2
53797240223170,14:56:37.240,19.8800,200
53802301244920,14:56:42.301,19.8900,37
53802301523130,14:56:42.301,19.8900,63
53803600039437,14:56:43.600,19.8900,95
53803600050501,14:56:43.600,19.8900,5
53813449931608,14:56:53.449,19.8900,100
53814348553811,14:56:54.348,19.8900,300
53827790350001,14:57:07.790,19.8700,100
53831996328048,14:57:11.996,19.8650,1
53831996328048,14:57:11.996,19.8650,1
53882464685476,14:58:02.464,19.8800,86
53882464685476,14:58:02.464,19.8800,500
54012573208075,15:00:12.573,19.8800,400
54012573223163,15:00:12.573,19.8800,200
54014881824537,15:00:14.881,19.8800,100
54045967340802,15:00:45.967,19.8800,2
54075841902153,15:01:15.841,19.8800,300
54075841948977,15:01:15.841,19.8800,100
54075842165056,15:01:15.842,19.8800,100
54075842165056,15:01:15.842,19.8800,100
54075842165056,15:01:15.842,19.8800,100
54075844652832,15:01:15.844,19.8800,100
54093679990955,15:01:33.679,19.8800,50
54093685109000,15:01:33.685,19.8800,254
54121556604433,15:02:01.556,19.8800,50
54130813698028,15:02:10.813,19.8800,481
54130813732999,15:02:10.813,19.8800,19
54130813741993,15:02:10.813,19.8800,19
54130813768681,15:02:10.813,19.8800,100
54130813877326,15:02:10.813,19.8800,100
54130813926167,15:02:10.813,19.8800,81
54130813926167,15:02:10.813,19.8800,100
54146780311430,15:02:26.780,19.8700,100
54170471827057,15:02:50.471,19.8700,100
54170474441158,15:02:50.474,19.8700,100
54170474441158,15:02:50.474,19.8700,100
54172495142766,15:02:52.495,19.8700,100
54172495142766,15:02:52.495,19.8700,100
54172495142766,15:02:52.495,19.8700,100
54177757417382,15:02:57.757,19.8600,300
54177758399775,15:02:57.758,19.8600,100
54192303953366,15:03:12.303,19.8600,78
54192303976544,15:03:12.303,19.8600,22
54204904421966,15:03:24.904,19.8300,100
54204904421966,15:03:24.904,19.8300,100
54204904421966,15:03:24.904,19.8300,100
54204922534018,15:03:24.922,19.8300,6
54223341231263,15:03:43.341,19.8300,200
54249420762424,15:04:09.420,19.8300,100
54254625685681,15:04:14.625,19.8200,88
54256612238827,15:04:16.612,19.8200,20
54256612876530,15:04:16.612,19.8200,76
54257067377924,15:04:17.067,19.8100,100
54257067377924,15:04:17.067,19.8100,100
54257070898708,15:04:17.070,19.8000,100
54257070898708,15:04:17.070,19.8000,100
54257070898708,15:04:17.070,19.8000,100
54257073171409,15:04:17.073,19.8000,100
54257074695207,15:04:17.074,19.8050,100
54257074879853,15:04:17.074,19.8000,100
54257074879853,15:04:17.074,19.8000,100
54257074879853,15:04:17.074,19.8000,100
54257074879853,15:04:17.074,19.8000,100
54257079479319,15:04:17.079,19.7900,200
54257079479319,15:04:17.079,19.7900,100
54257079479319,15:04:17.079,19.7900,100
54257079479319,15:04:17.079,19.7900,100
54257079479319,15:04:17.079,19.7900,100
54257079479319,15:04:17.079,19.7900,100
54257079479319,15:04:17.079,19.7900,100
54257083233685,15:04:17.083,19.7800,100
54257083233685,15:04:17.083,19.7800,300
54257083233685,15:04:17.083,19.7800,100
54257083233685,15:04:17.083,19.7800,100
54257083233685,15:04:17.083,19.7800,100
54257083233685,15:04:17.083,19.7800,100
54257083233685,15:04:17.083,19.7800,100
54257086879457,15:04:17.086,19.7700,44
54257089387718,15:04:17.089,19.7700,100
54257089387718,15:04:17.089,19.7700,100
54257089387718,15:04:17.089,19.7700,200
54257089387718,15:04:17.089,19.7700,100
54257089387718,15:04:17.089,19.7700,44
54257089387718,15:04:17.089,19.7700,100
54257089387718,15:04:17.089,19.7700,100
54257089387718,15:04:17.089,19.7700,100
54257089387718,15:04:17.089,19.7700,100
54257089455880,15:04:17.089,19.7700,100
54257089881487,15:04:17.089,19.7700,64
54257089892094,15:04:17.089,19.7700,50
54257089965527,15:04:17.089,19.7700,86
54257089965527,15:04:17.089,19.7700,8
54257435198708,15:04:17.435,19.7800,10
54257435198708,15:04:17.435,19.7800,100
54264029533541,15:04:24.029,19.7800,8
54264029533541,15:04:24.029,19.7800,142
54264029640440,15:04:24.029,19.7800,50
54301924646893,15:05:01.924,19.7800,100
54301925022684,15:05:01.925,19.7800,100
54301925022684,15:05:01.925,19.7800,100
54307009443218,15:05:07.009,19.7700,50
54307009443218,15:05:07.009,19.7700,50
54307009443218,15:05:07.009,19.7700,100
54307009443218,15:05:07.009,19.7700,100
54307010160354,15:05:07.010,19.7700,100
54307010160354,15:05:07.010,19.7700,100
54307010160354,15:05:07.010,19.7700,100
54307145616144,15:05:07.145,19.7700,200
54320243854328,15:05:20.243,19.7700,50
54320244117125,15:05:20.244,19.7700,50
54326325999106,15:05:26.325,19.7800,50
54351918608718,15:05:51.918,19.7700,200
54351919371747,15:05:51.919,19.7800,100
54351920925558,15:05:51.920,19.7800,76
54351920950952,15:05:51.920,19.7800,24
54351920950952,15:05:51.920,19.7800,4
54351935943142,15:05:51.935,19.7800,96
54360917929649,15:06:00.917,19.7500,100
54360917943637,15:06:00.917,19.7500,19
54370697042584,15:06:10.697,19.7500,100
54375339567947,15:06:15.339,19.7350,1
54375339567947,15:06:15.339,19.7400,4
54375339567947,15:06:15.339,19.7400,45
54379875727313,15:06:19.875,19.7400,55
54379875727313,15:06:19.875,19.7400,100
54380925494994,15:06:20.925,19.7450,100
54387335996571,15:06:27.335,19.7400,13
54390282773099,15:06:30.282,19.7500,1
54390282773099,15:06:30.282,19.7500,49
54390282803244,15:06:30.282,19.7500,51
54390282838092,15:06:30.282,19.7500,50
54390282916861,15:06:30.282,19.7500,50
54390283231861,15:06:30.283,19.7500,51
54390283244749,15:06:30.283,19.7500,49
54390283244749,15:06:30.283,19.7500,2
54430846962244,15:07:10.846,19.7600,50
54430847598909,15:07:10.847,19.7600,50
54433770020745,15:07:13.770,19.7500,100
54473874603930,15:07:53.874,19.7600,100
54485514172377,15:08:05.514,19.7700,100
54485514267515,15:08:05.514,19.7700,100
54489078042948,15:08:09.078,19.7800,100
54489078042948,15:08:09.078,19.7800,1
54491666020854,15:08:11.666,19.7750,100
54513249726242,15:08:33.249,19.7800,50
54513251029413,15:08:33.251,19.7800,50
54541793839820,15:09:01.793,19.7800,100
54554025356467,15:09:14.025,19.7700,50
54613356367094,15:10:13.356,19.7600,6
54614742825066,15:10:14.742,19.7650,30
54632743477703,15:10:32.743,19.7650,1
54632743631319,15:10:32.743,19.7650,1
54632743762602,15:10:32.743,19.7650,1
54632743886241,15:10:32.743,19.7650,1
54633560876687,15:10:33.560,19.7650,32
54633560876687,15:10:33.560,19.7600,16
54633561110426,15:10:33.561,19.7600,214
54633561620820,15:10:33.561,19.7600,50
54633561850987,15:10:33.561,19.7600,50
54633571824927,15:10:33.571,19.7600,170
54646709257667,15:10:46.709,19.7350,1
54646709257667,15:10:46.709,19.7400,99
54646709288635,15:10:46.709,19.7400,1
54680772208025,15:11:20.772,19.7300,100
54682178126469,15:11:22.178,19.7300,50
54706686427622,15:11:46.686,19.7200,50
54733731278743,15:12:13.731,19.7200,50
54733731348730,15:12:13.731,19.7200,50
54740029287521,15:12:20.029,19.7200,100
54740029411014,15:12:20.029,19.7200,203
54764609676568,15:12:44.609,19.7300,100
54764609676568,15:12:44.609,19.7300,100
54785686093240,15:13:05.686,19.7400,200
54785686093240,15:13:05.686,19.7400,27
54785689006918,15:13:05.689,19.7500,100
54785689006918,15:13:05.689,19.7500,100
54785689006918,15:13:05.689,19.7500,100
54795600278222,15:13:15.600,19.7500,23
54795600362876,15:13:15.600,19.7500,77
54811031073082,15:13:31.031,19.7400,100
54811549979596,15:13:31.549,19.7400,63
54811550042476,15:13:31.550,19.7400,50
54811550259728,15:13:31.550,19.7400,187
54831967097720,15:13:51.967,19.7500,100
54836042366919,15:13:56.042,19.7400,400
54836042465057,15:13:56.042,19.7400,400
54852341428229,15:14:12.341,19.7500,35
54852341461853,15:14:12.341,19.7500,65
54852341461853,15:14:12.341,19.7500,100
54858121844229,15:14:18.121,19.7500,15
54889936177996,15:14:49.936,19.7500,90
54889952208694,15:14:49.952,19.7500,10
54889952208694,15:14:49.952,19.7500,100
54919712138434,15:15:19.712,19.7600,50
54919712138434,15:15:19.712,19.7600,100
54919712138434,15:15:19.712,19.7600,200
54919712138434,15:15:19.712,19.7600,2
54919712138434,15:15:19.712,19.7600,148
54919712189357,15:15:19.712,19.7600,52
54919712580065,15:15:19.712,19.7600,100
54919712580065,15:15:19.712,19.7600,100
54924126048151,15:15:24.126,19.7700,51
54924126050173,15:15:24.126,19.7700,49
54947272641813,15:15:47.272,19.7800,100
54947272641813,15:15:47.272,19.7800,79
54947272641813,15:15:47.272,19.7800,21
54953890991411,15:15:53.890,19.7900,20
54973380498656,15:16:13.380,19.8000,12
54973380622987,15:16:13.380,19.8000,50
54973380632649,15:16:13.380,19.8000,27
54973380635065,15:16:13.380,19.8000,11
54980272682616,15:16:20.272,19.8000,100
54993370399952,15:16:33.370,19.7900,100
55002553476868,15:16:42.553,19.7800,17
55002554531660,15:16:42.554,19.7800,83
55002554531660,15:16:42.554,19.7800,100
55044945045087,15:17:24.945,19.7800,2
55049215345783,15:17:29.215,19.7800,200
55049215371911,15:17:29.215,19.7800,98
55049215371911,15:17:29.215,19.7800,100
55049215541698,15:17:29.215,19.7800,100
55049215541698,15:17:29.215,19.7800,100
55075558743527,15:17:55.558,19.7750,100
55099214599082,15:18:19.214,19.7700,100
55099642243945,15:18:19.642,19.7800,100
55099642243945,15:18:19.642,19.7800,10
55099642243945,15:18:19.642,19.7800,100
55099643867783,15:18:19.643,19.7900,100
55099643867783,15:18:19.643,19.7900,100
55099657567437,15:18:19.657,19.7900,100
55101260481535,15:18:21.260,19.7800,4
55161879590518,15:19:21.879,19.8000,100
55173003095907,15:19:33.003,19.8100,100
55185262356211,15:19:45.262,19.8300,50
55185262356211,15:19:45.262,19.8300,1
55185262356211,15:19:45.262,19.8300,149
55185262695848,15:19:45.262,19.8300,153
55187998506431,15:19:47.998,19.8200,100
55188019096094,15:19:48.019,19.8200,100
55200084700881,15:20:00.084,19.8200,100
55200084700881,15:20:00.084,19.8200,100
55200084700881,15:20:00.084,19.8200,1
55218458685759,15:20:18.458,19.8200,28
55218472443763,15:20:18.472,19.8200,72
55270145069396,15:21:10.145,19.8400,100
55270145327936,15:21:10.145,19.8400,50
55270145575493,15:21:10.145,19.8400,50
55274556114160,15:21:14.556,19.8400,100
55278483771758,15:21:18.483,19.8300,16
55301060432041,15:21:41.060,19.8300,100
55302889381247,15:21:42.889,19.8200,100
55324227859652,15:22:04.227,19.8300,200
55328808688052,15:22:08.808,19.8200,74
55328809080756,15:22:08.809,19.8200,26
55463596667432,15:24:23.596,19.7900,94
55463596667432,15:24:23.596,19.7900,131
55463744361633,15:24:23.744,19.8000,100
55525381873407,15:25:25.381,19.7900,51
55525381918082,15:25:25.381,19.7900,49
55525381918082,15:25:25.381,19.7900,7
55536194916188,15:25:36.194,19.7800,10
55536194916188,15:25:36.194,19.7800,190
55536194947689,15:25:36.194,19.7800,10
55536194947689,15:25:36.194,19.7800,73
55586155854847,15:26:26.155,19.7800,40
55590220004298,15:26:30.220,19.7900,200
55590220004298,15:26:30.220,19.7900,100
55590220004298,15:26:30.220,19.7900,1
55590220004298,15:26:30.220,19.7900,9
55590220004298,15:26:30.220,19.7900,100
55599285641808,15:26:39.285,19.7900,100
55612971723402,15:26:52.971,19.7800,50
55612971746382,15:26:52.971,19.7800,50
55613606547989,15:26:53.606,19.7800,50
55621626923359,15:27:01.626,19.7800,510
55621627098621,15:27:01.627,19.7800,100
55621627098621,15:27:01.627,19.7800,100
55621627377702,15:27:01.627,19.7700,70
55657051913228,15:27:37.051,19.7700,100
55657051913228,15:27:37.051,19.7700,49
55657051964158,15:27:37.051,19.7700,51
55657051964158,15:27:37.051,19.7700,100
55657559472232,15:27:37.559,19.7800,100
55657559472232,15:27:37.559,19.7800,100
55665234202903,15:27:45.234,19.7750,100
55673110894950,15:27:53.110,19.7800,100
55673129320105,15:27:53.129,19.7900,100
55673129320105,15:27:53.129,19.7900,100
55673139196127,15:27:53.139,19.7900,200
55673139196127,15:27:53.139,19.7900,100
55677158045105,15:27:57.158,19.8000,100
55727997851230,15:28:47.997,19.7900,1
55729281953403,15:28:49.281,19.7700,73
55734242647392,15:28:54.242,19.7800,100
55751311832217,15:29:11.311,19.7800,50
55754651360556,15:29:14.651,19.7800,100
55789134193547,15:29:49.134,19.7600,100
55791406354875,15:29:51.406,19.7500,86
55791632941471,15:29:51.632,19.7500,14
55832800452563,15:30:32.800,19.7300,303
55832800452563,15:30:32.800,19.7300,100
55832800452563,15:30:32.800,19.7300,400
55832800452563,15:30:32.800,19.7300,60
55836560727902,15:30:36.560,19.7300,100
55852666160916,15:30:52.666,19.7200,100
55852666160916,15:30:52.666,19.7200,100
55872402457602,15:31:12.402,19.7300,100
55896070634560,15:31:36.070,19.7400,100
55905051859735,15:31:45.051,19.7400,100
55905052286920,15:31:45.052,19.7300,1
55905251494964,15:31:45.251,19.7400,600
55906996489797,15:31:46.996,19.7400,100
55911451409454,15:31:51.451,19.7400,100
55916073426039,15:31:56.073,19.7400,32
55924963106452,15:32:04.963,19.7400,1
55933845695168,15:32:13.845,19.7400,16
55933845805292,15:32:13.845,19.7400,16
55933846147527,15:32:13.846,19.7400,16
55935643159271,15:32:15.643,19.7500,400
55935643159271,15:32:15.643,19.7500,2
55935643159271,15:32:15.643,19.7500,50
55938980160630,15:32:18.980,19.7500,100
55938980160630,15:32:18.980,19.7500,100
55947648331627,15:32:27.648,19.7500,100
55947648331627,15:32:27.648,19.7500,100
55947648824048,15:32:27.648,19.7500,100
55947648824048,15:32:27.648,19.7500,100
55947765387113,15:32:27.765,19.7500,100
55989688077580,15:33:09.688,19.7600,1
55989688077580,15:33:09.688,19.7600,94
55989688078480,15:33:09.688,19.7600,6
55989795216139,15:33:09.795,19.7700,200
55989795246375,15:33:09.795,19.7700,200
55989795246375,15:33:09.795,19.7700,200
55989795246375,15:33:09.795,19.7700,100
55989795246375,15:33:09.795,19.7700,100
55989795246375,15:33:09.795,19.7700,50
55989795246375,15:33:09.795,19.7700,100
55990205926506,15:33:10.205,19.7800,24
55990205926506,15:33:10.205,19.7800,176
55990205926506,15:33:10.205,19.7800,100
55990205926506,15:33:10.205,19.7800,100
55991897785138,15:33:11.897,19.7900,23
55991897785138,15:33:11.897,19.7900,100
55991897785138,15:33:11.897,19.7900,24
55996070336434,15:33:16.070,19.8000,100
56024389959023,15:33:44.389,19.8100,100
56024389959023,15:33:44.389,19.8100,100
56024552852373,15:33:44.552,19.8200,200
56029388131090,15:33:49.388,19.8200,50
56029388660646,15:33:49.388,19.8200,50
56035018552480,15:33:55.018,19.8100,100
56042716835507,15:34:02.716,19.8000,50
56042716866245,15:34:02.716,19.8000,29
56042716935090,15:34:02.716,19.8000,9
56042722586044,15:34:02.722,19.8000,12
56069089644057,15:34:29.089,19.7850,100
56074525154616,15:34:34.525,19.7850,1
56074525154616,15:34:34.525,19.7850,1
56074525154616,15:34:34.525,19.7900,100
56074525154616,15:34:34.525,19.7900,98
56074525247309,15:34:34.525,19.7900,2
56092949372868,15:34:52.949,19.7800,100
56099884291357,15:34:59.884,19.7850,1
56099884291357,15:34:59.884,19.7900,99
56099884825805,15:34:59.884,19.7900,1
56125339168870,15:35:25.339,19.8000,100
56125339168870,15:35:25.339,19.8000,200
56132473835338,15:35:32.473,19.8100,100
56135793730985,15:35:35.793,19.8200,100
56149309326946,15:35:49.309,19.8400,100
56171264519283,15:36:11.264,19.8400,100
56176357027669,15:36:16.357,19.8500,40
56176357027669,15:36:16.357,19.8500,100
56176358152990,15:36:16.358,19.8500,100
56176358152990,15:36:16.358,19.8500,100
56188127923382,15:36:28.127,19.8600,20
56188127923382,15:36:28.127,19.8600,80
56197028243685,15:36:37.028,19.8500,100
56229024025871,15:37:09.024,19.8500,100
56229024025871,15:37:09.024,19.8500,400
56229024025871,15:37:09.024,19.8500,187
56229024083172,15:37:09.024,19.8500,5
56229024563617,15:37:09.024,19.8500,37
56229024822220,15:37:09.024,19.8500,35
56229025622604,15:37:09.025,19.8500,76
56231040984883,15:37:11.040,19.8500,200
56258055219044,15:37:38.055,19.8550,1
56258055219044,15:37:38.055,19.8600,100
56258055219044,15:37:38.055,19.8600,200
56258055219044,15:37:38.055,19.8600,100
56258055219044,15:37:38.055,19.8600,100
56258055219044,15:37:38.055,19.8600,177
56258055276843,15:37:38.055,19.8600,50
56258055296506,15:37:38.055,19.8600,50
56258055462722,15:37:38.055,19.8600,25
56258176425565,15:37:38.176,19.8700,100
56266366248353,15:37:46.366,19.8650,1
56271646797615,15:37:51.646,19.8700,100
56272161650885,15:37:52.161,19.8650,1
56277444900511,15:37:57.444,19.8600,1
56277444932014,15:37:57.444,19.8600,99
56277444932014,15:37:57.444,19.8600,1
56277850754133,15:37:57.850,19.8600,199
56277850754133,15:37:57.850,19.8600,1
56277850935976,15:37:57.850,19.8600,99
56300715148317,15:38:20.715,19.8400,100
56300715148317,15:38:20.715,19.8400,100
56303153986112,15:38:23.153,19.8400,200
56303154202077,15:38:23.154,19.8400,100
56306628162547,15:38:26.628,19.8400,100
56309803416529,15:38:29.803,19.8300,100
56309803416529,15:38:29.803,19.8300,100
56323483942637,15:38:43.483,19.8400,50
56332897366948,15:38:52.897,19.8400,100
56332897366948,15:38:52.897,19.8400,100
56338759314599,15:38:58.759,19.8300,100
56362098050433,15:39:22.098,19.8300,100
56383449408537,15:39:43.449,19.8200,34
56386535892757,15:39:46.535,19.8200,50
56386535963595,15:39:46.535,19.8200,16
56388788497695,15:39:48.788,19.8100,17
56388788514818,15:39:48.788,19.8100,83
56391099976116,15:39:51.099,19.8100,100
56391099976116,15:39:51.099,19.8100,100
56391099976116,15:39:51.099,19.8100,100
56391099976116,15:39:51.099,19.8100,100
56427106321179,15:40:27.106,19.8100,100
56427106321179,15:40:27.106,19.8100,100
56427106321179,15:40:27.106,19.8100,100
56429284391689,15:40:29.284,19.8000,6
56442809874756,15:40:42.809,19.8100,24
56442829470978,15:40:42.829,19.8100,40
56461750367172,15:41:01.750,19.8000,10
56461751459333,15:41:01.751,19.8000,39
56461751459333,15:41:01.751,19.8000,71
56461751467549,15:41:01.751,19.8000,29
56461751467549,15:41:01.751,19.8000,21
56461751500663,15:41:01.751,19.8000,50
56461751704471,15:41:01.751,19.8000,29
56461781504925,15:41:01.781,19.8000,100
56461818079312,15:41:01.818,19.7950,100
56470653237176,15:41:10.653,19.7900,70
56470653237176,15:41:10.653,19.7900,200
56470653628867,15:41:10.653,19.7900,100
56480886534849,15:41:20.886,19.7800,6
56494714959953,15:41:34.714,19.7800,12
56498827398136,15:41:38.827,19.7800,26
56498828599909,15:41:38.828,19.7800,19
56498829366418,15:41:38.829,19.7800,16
56498830081179,15:41:38.830,19.7800,50
56498859193012,15:41:38.859,19.7800,99
56498859209823,15:41:38.859,19.7800,50
56498859211573,15:41:38.859,19.7800,99
56498859252021,15:41:38.859,19.7800,23
56499459479350,15:41:39.459,19.7700,11
56523412256607,15:42:03.412,19.7900,1
56523412256607,15:42:03.412,19.7900,100
56523617407343,15:42:03.617,19.7900,100
56523984579401,15:42:03.984,19.7900,100
56556755361841,15:42:36.755,19.7900,100
56556755361841,15:42:36.755,19.7900,100
56556755361841,15:42:36.755,19.7900,1
56625158047586,15:43:45.158,19.8000,40
56625158101901,15:43:45.158,19.8000,50
56625276142847,15:43:45.276,19.8000,100
56625276304877,15:43:45.276,19.8000,10
56625276304877,15:43:45.276,19.8000,32
56625276304877,15:43:45.276,19.8000,58
56625276309058,15:43:45.276,19.8000,42
56625276309058,15:43:45.276,19.8000,50
56625276309058,15:43:45.276,19.8000,8
56625276351941,15:43:45.276,19.8000,92
56625276351941,15:43:45.276,19.8000,107
56625276382392,15:43:45.276,19.8000,50
56625276689980,15:43:45.276,19.8000,43
56625276689980,15:43:45.276,19.8000,100
56643588789004,15:44:03.588,19.8100,100
56643588789004,15:44:03.588,19.8100,100
56656613418118,15:44:16.613,19.8300,75
56656613418118,15:44:16.613,19.8300,25
56664035109861,15:44:24.035,19.8300,75
56664035109861,15:44:24.035,19.8300,100
56664035109861,15:44:24.035,19.8300,25
56664035617427,15:44:24.035,19.8300,175
56667023437626,15:44:27.023,19.8200,100
56667023437626,15:44:27.023,19.8200,100
56667023437626,15:44:27.023,19.8200,100
56667023437626,15:44:27.023,19.8200,100
56667024513205,15:44:27.024,19.8200,100
56667030009666,15:44:27.030,19.8200,100
56667030009666,15:44:27.030,19.8300,16
56667030084783,15:44:27.030,19.8300,99
56667193614535,15:44:27.193,19.8300,14
56685973605487,15:44:45.973,19.8200,100
56685973605487,15:44:45.973,19.8200,100
56694968751253,15:44:54.968,19.8300,100
56701748002658,15:45:01.748,19.8300,100
56701780677416,15:45:01.780,19.8300,2
56711857952516,15:45:11.857,19.8300,100
56711857952516,15:45:11.857,19.8300,100
56711857952516,15:45:11.857,19.8300,100
56717121479531,15:45:17.121,19.8300,219
56717121479531,15:45:17.121,19.8300,81
56717125835552,15:45:17.125,19.8300,119
56717721747207,15:45:17.721,19.8400,50
56717721747207,15:45:17.721,19.8400,100
56717721747207,15:45:17.721,19.8400,7
56717721747207,15:45:17.721,19.8400,100
56717721747207,15:45:17.721,19.8400,100
56717721747207,15:45:17.721,19.8400,100
56717721747207,15:45:17.721,19.8400,100
56717721908984,15:45:17.721,19.8400,100
56726635516515,15:45:26.635,19.8400,100
56726635516515,15:45:26.635,19.8400,100
56728195823143,15:45:28.195,19.8300,30
56733044757014,15:45:33.044,19.8350,100
56733455248716,15:45:33.455,19.8350,100
56744442489168,15:45:44.442,19.8350,100
56744450291319,15:45:44.450,19.8300,303
56744450291319,15:45:44.450,19.8300,303
56744450291319,15:45:44.450,19.8300,100
56752992511591,15:45:52.992,19.8200,100
56755778316191,15:45:55.778,19.8200,181
56755778316191,15:45:55.778,19.8200,100
56762967616206,15:46:02.967,19.8200,50
56762967632001,15:46:02.967,19.8200,50
56765606221785,15:46:05.606,19.8100,100
56765606221785,15:46:05.606,19.8100,100
56765606221785,15:46:05.606,19.8100,100
56765606221785,15:46:05.606,19.8100,100
56765606221785,15:46:05.606,19.8100,100
56765606221785,15:46:05.606,19.8100,100
56765606221785,15:46:05.606,19.8100,100
56834695942688,15:47:14.695,19.8000,99
56834695957047,15:47:14.695,19.8000,1
56834695957047,15:47:14.695,19.8000,98
56834695962678,15:47:14.695,19.8000,2
56834695962678,15:47:14.695,19.8000,48
56834695997527,15:47:14.695,19.8000,50
56834696002087,15:47:14.696,19.8000,2
56834696002087,15:47:14.696,19.8000,47
56834696037749,15:47:14.696,19.8000,50
56834696047549,15:47:14.696,19.8000,3
56889818482006,15:48:09.818,19.7900,3
56901484417822,15:48:21.484,19.7900,97
56901484417822,15:48:21.484,19.7900,3
56901484450394,15:48:21.484,19.7900,97
56901484450394,15:48:21.484,19.7900,100
56904685734135,15:48:24.685,19.7800,100
56904685734135,15:48:24.685,19.7800,100
56904685734135,15:48:24.685,19.7800,100
56904685734135,15:48:24.685,19.7800,100
56904685734135,15:48:24.685,19.7800,100
56904685734135,15:48:24.685,19.7800,100
56909414794104,15:48:29.414,19.7800,99
56915630818859,15:48:35.630,19.7800,1
56915630818859,15:48:35.630,19.7800,99
56920689512160,15:48:40.689,19.7800,100
56925380913830,15:48:45.380,19.7800,100
56939135090247,15:48:59.135,19.7800,121
56939135090247,15:48:59.135,19.7800,100
