timestamp,time,price,volume
34200615047255,09:30:00.615,0.0000,0
34233261631493,09:30:33.261,7.8500,100
34233261631493,09:30:33.261,7.8500,57
34554235245933,09:35:54.235,7.8500,200
34554235720609,09:35:54.235,7.8500,100
34554235958806,09:35:54.235,7.8400,100
34554235958806,09:35:54.235,7.8400,100
34554235984247,09:35:54.235,7.8400,100
34554238044155,09:35:54.238,7.8200,100
34554238317281,09:35:54.238,7.8100,100
34554238317281,09:35:54.238,7.8000,200
34554238994438,09:35:54.238,7.8100,100
34554239129405,09:35:54.239,7.8200,100
34554239677586,09:35:54.239,7.8200,5
34569228661077,09:36:09.228,7.8100,100
34593874721345,09:36:33.874,7.8000,59
34607765094671,09:36:47.765,7.8000,1200
34607765119021,09:36:47.765,7.8000,541
34607766800205,09:36:47.766,7.7900,10
34735462742790,09:38:55.462,7.7900,100
34735462938541,09:38:55.462,7.7900,100
34735462964947,09:38:55.462,7.7900,100
34735463054528,09:38:55.463,7.7900,100
34735463148028,09:38:55.463,7.7900,100
34735463225189,09:38:55.463,7.7900,100
34735474728524,09:38:55.474,7.8100,100
34846798380082,09:40:46.798,7.8100,100
34846798462952,09:40:46.798,7.8000,100
34846798462952,09:40:46.798,7.8000,100
34846799527183,09:40:46.799,7.7900,100
34952736780253,09:42:32.736,7.8100,100
35122617371845,09:45:22.617,7.8000,100
35122617836672,09:45:22.617,7.8000,20
35347205725552,09:49:07.205,7.7800,30
35399426057127,09:49:59.426,7.7500,5
35444306188871,09:50:44.306,7.7600,100
35444306188871,09:50:44.306,7.7600,100
35684698355574,09:54:44.698,7.7800,100
35747581659945,09:55:47.581,7.7700,100
35747581659945,09:55:47.581,7.7700,100
35747581659945,09:55:47.581,7.7700,100
35764326631682,09:56:04.326,7.7600,100
35764326857053,09:56:04.326,7.7600,100
35764327080081,09:56:04.327,7.7600,10
35764327120245,09:56:04.327,7.7600,80
35764327342702,09:56:04.327,7.7600,10
35764327368357,09:56:04.327,7.7500,30
35764327368357,09:56:04.327,7.7500,100
35764329229215,09:56:04.329,7.7500,100
35764329229215,09:56:04.329,7.7500,40
35764370207581,09:56:04.370,7.7500,10
35764370207581,09:56:04.370,7.7500,10
35764370207581,09:56:04.370,7.7400,100
35779060736025,09:56:19.060,7.7300,100
36011167920325,10:00:11.167,7.7500,100
36166734320847,10:02:46.734,7.7600,100
36388900259524,10:06:28.900,7.7900,30
36397979747089,10:06:37.979,7.7700,100
36437727807696,10:07:17.727,7.7900,100
36498125753808,10:08:18.125,7.7800,100
36498130241647,10:08:18.130,7.7800,100
36507091667442,10:08:27.091,7.7600,100
36507105786854,10:08:27.105,7.7600,100
36988484882404,10:16:28.484,7.8200,88
36988484882404,10:16:28.484,7.8200,12
37093526860174,10:18:13.526,7.8200,100
37093526865704,10:18:13.526,7.8200,100
37097274097674,10:18:17.274,7.8000,200
37124247062753,10:18:44.247,7.8250,100
37124251266454,10:18:44.251,7.8300,100
37124553246607,10:18:44.553,7.8400,100
37145906251694,10:19:05.906,7.8400,100
37260249112497,10:21:00.249,7.8500,100
37302146250189,10:21:42.146,7.8200,100
37302151684934,10:21:42.151,7.8150,100
37320557427806,10:22:00.557,7.8200,400
37320617045348,10:22:00.617,7.8200,100
37320617045348,10:22:00.617,7.8200,100
37324271993431,10:22:04.271,7.8350,100
37324280224305,10:22:04.280,7.8300,700
37324280224305,10:22:04.280,7.8300,50
37324280224305,10:22:04.280,7.8300,100
37324280608416,10:22:04.280,7.8300,60
37324281312327,10:22:04.281,7.8300,40
37334496181170,10:22:14.496,7.8300,100
37334502539836,10:22:14.502,7.8300,10
37426702469189,10:23:46.702,7.8200,100
37426807281237,10:23:46.807,7.8300,100
37426807466807,10:23:46.807,7.8400,100
37427774752276,10:23:47.774,7.8300,300
37440356080925,10:24:00.356,7.8500,100
37455259844637,10:24:15.259,7.8500,100
37455260102043,10:24:15.260,7.8400,100
37455311566751,10:24:15.311,7.8400,50
37458040447401,10:24:18.040,7.8200,100
37458040447401,10:24:18.040,7.8200,100
37458040447401,10:24:18.040,7.8200,100
37458040447401,10:24:18.040,7.8200,100
37463016933074,10:24:23.016,7.8400,100
37463017732205,10:24:23.017,7.8300,40
37463022455406,10:24:23.022,7.8100,100
37463031735409,10:24:23.031,7.8300,100
37466231948177,10:24:26.231,7.8200,200
37497150864715,10:24:57.150,7.8500,200
37713329979003,10:28:33.329,7.8900,100
37713331635610,10:28:33.331,7.9000,200
37713334703122,10:28:33.334,7.9200,100
37713334703122,10:28:33.334,7.9200,400
37713334703122,10:28:33.334,7.9200,100
37713334703122,10:28:33.334,7.9200,100
37713336520851,10:28:33.336,7.9300,200
37713336520851,10:28:33.336,7.9300,400
37713338276878,10:28:33.338,7.9400,400
37713338276878,10:28:33.338,7.9400,100
37713339783293,10:28:33.339,7.9500,100
37713339783293,10:28:33.339,7.9500,400
37713339783293,10:28:33.339,7.9500,100
37713339783293,10:28:33.339,7.9500,100
37741011469035,10:29:01.011,7.9400,200
37743774885990,10:29:03.774,7.9500,100
37835916566702,10:30:35.916,8.0100,100
37943505009780,10:32:23.505,8.0000,100
37943505009780,10:32:23.505,8.0000,100
37975479444267,10:32:55.479,8.0300,100
37976306481264,10:32:56.306,8.0300,100
38072985767972,10:34:32.985,8.0300,100
38072985767972,10:34:32.985,8.0300,100
38073043125202,10:34:33.043,8.0500,100
38073043125202,10:34:33.043,8.0500,100
38073044207082,10:34:33.044,8.0500,100
38073053866591,10:34:33.053,8.0500,100
38073053866591,10:34:33.053,8.0500,100
38073259914883,10:34:33.259,8.0500,100
38100299552548,10:35:00.299,8.0200,100
38269482950280,10:37:49.482,8.0600,100
38350537401879,10:39:10.537,8.0800,100
38403215267699,10:40:03.215,8.0900,100
38447348309688,10:40:47.348,8.0800,100
38447348309688,10:40:47.348,8.0800,100
38447348400235,10:40:47.348,8.0800,100
38447348407449,10:40:47.348,8.0700,100
38470795121641,10:41:10.795,8.0600,100
38470795492231,10:41:10.795,8.0500,100
38470795492231,10:41:10.795,8.0500,100
38543834988007,10:42:23.834,8.0100,45
38692935649187,10:44:52.935,8.0400,100
38763929748609,10:46:03.929,8.0500,100
38763930230012,10:46:03.930,8.0400,100
39433239768142,10:57:13.239,8.0100,100
39549840563273,10:59:09.840,8.0100,100
39778135133570,11:02:58.135,8.0400,100
39778135133570,11:02:58.135,8.0400,100
39778135133570,11:02:58.135,8.0400,100
39778135133570,11:02:58.135,8.0400,100
39778136019987,11:02:58.136,8.0400,26
39778136025451,11:02:58.136,8.0400,74
39778136025451,11:02:58.136,8.0400,51
39805495309721,11:03:25.495,8.0400,100
40072779683669,11:07:52.779,8.0400,100
40072779683669,11:07:52.779,8.0400,100
40147259604888,11:09:07.259,8.0200,100
40303666637011,11:11:43.666,8.0100,100
40303669733591,11:11:43.669,8.0000,200
40303671434647,11:11:43.671,8.0000,200
40303671434647,11:11:43.671,8.0000,100
40909529273102,11:21:49.529,8.0000,26
40909529791386,11:21:49.529,8.0000,74
40909529791386,11:21:49.529,8.0000,100
40909529791386,11:21:49.529,8.0000,100
41001488761506,11:23:21.488,7.9600,100
41081271627696,11:24:41.271,7.9400,100
41217389671321,11:26:57.389,7.9600,200
41248505573500,11:27:28.505,7.9900,200
41824676781122,11:37:04.676,8.0200,100
41824676781122,11:37:04.676,8.0200,100
41824676781122,11:37:04.676,8.0200,100
41824676781122,11:37:04.676,8.0200,100
41824676809436,11:37:04.676,8.0200,100
42123115926655,11:42:03.115,7.9900,100
42179962155366,11:42:59.962,8.0100,100
42179962155366,11:42:59.962,8.0100,100
42421638450320,11:47:01.638,8.0000,100
42781487670354,11:53:01.487,8.0100,100
42781487835846,11:53:01.487,8.0100,100
42781488058987,11:53:01.488,8.0000,100
42781488058987,11:53:01.488,8.0000,100
42792136818127,11:53:12.136,8.0100,100
43054012020020,11:57:34.012,8.0000,39
43054012048963,11:57:34.012,8.0000,61
43091013552172,11:58:11.013,7.9900,100
43091014050554,11:58:11.014,7.9900,100
43250780585466,12:00:50.780,7.9900,100
43250780585466,12:00:50.780,7.9900,100
43356752656090,12:02:36.752,8.0000,100
43356752683812,12:02:36.752,8.0000,100
43690791752892,12:08:10.791,8.0100,100
43847320581077,12:10:47.320,8.0200,100
43861636287239,12:11:01.636,8.0200,100
44023103522340,12:13:43.103,8.0200,100
44023103522340,12:13:43.103,8.0200,300
44023103889172,12:13:43.103,8.0100,100
44023104135257,12:13:43.104,8.0000,100
44023104135257,12:13:43.104,8.0000,100
44072162491275,12:14:32.162,8.0000,100
44201511682299,12:16:41.511,7.9900,20
44415296235076,12:20:15.296,7.9800,100
44549290780719,12:22:29.290,8.0000,100
44640263462232,12:24:00.263,8.0000,100
44640263462232,12:24:00.263,8.0000,100
44962618044644,12:29:22.618,7.9800,100
45180288741983,12:33:00.288,7.9700,100
45181530416362,12:33:01.530,7.9600,45
45297123041536,12:34:57.123,7.9500,34
45297123042795,12:34:57.123,7.9500,66
45466911636289,12:37:46.911,7.9300,100
45477089615726,12:37:57.089,7.9300,100
45477118353253,12:37:57.118,7.9500,100
45477122068472,12:37:57.122,7.9500,100
45575152147678,12:39:35.152,7.9300,100
45575152147678,12:39:35.152,7.9300,100
45607079730155,12:40:07.079,7.9300,7
45750010665190,12:42:30.010,7.9200,100
45750010665190,12:42:30.010,7.9200,100
45826250307678,12:43:46.250,7.9300,100
46344275748962,12:52:24.275,7.9100,100
46344275748962,12:52:24.275,7.9100,100
46471334102048,12:54:31.334,7.9100,100
46471334102048,12:54:31.334,7.9100,100
46706952701450,12:58:26.952,7.9100,100
46921800646800,13:02:01.800,7.9200,100
47019271435156,13:03:39.271,7.9200,76
47019271440370,13:03:39.271,7.9200,24
47361744383352,13:09:21.744,7.9300,100
47361744383352,13:09:21.744,7.9300,100
47361745243052,13:09:21.745,7.9400,200
47433090184554,13:10:33.090,7.9500,100
47789571879589,13:16:29.571,7.9600,100
47789571879589,13:16:29.571,7.9600,100
47789572065177,13:16:29.572,7.9600,100
47793448599394,13:16:33.448,7.9500,100
47877117692595,13:17:57.117,7.9400,100
47899441315987,13:18:19.441,7.9100,300
48033153439032,13:20:33.153,7.9000,100
48033153534938,13:20:33.153,7.9000,100
48033155250375,13:20:33.155,7.9100,100
48039325583154,13:20:39.325,7.9200,200
48039325583154,13:20:39.325,7.9200,100
48291198792928,13:24:51.198,7.9200,100
48413548889074,13:26:53.548,7.9500,100
48424545147606,13:27:04.545,7.9400,100
48443230864778,13:27:23.230,7.9300,100
49227641075163,13:40:27.641,7.9000,100
49227641075163,13:40:27.641,7.9000,100
49227764520118,13:40:27.764,7.8900,100
49261262545459,13:41:01.262,7.8900,100
49261262969040,13:41:01.262,7.8900,100
49513315909998,13:45:13.315,7.8800,100
49513315909998,13:45:13.315,7.8800,100
49534354517119,13:45:34.354,7.8800,100
49534355772744,13:45:34.355,7.9000,36
49536983432204,13:45:36.983,7.8700,100
49536983432204,13:45:36.983,7.8700,100
49536983432204,13:45:36.983,7.8700,100
49536983432204,13:45:36.983,7.8700,100
49538599083332,13:45:38.599,7.8700,200
49549469200104,13:45:49.469,7.8600,100
49549469200104,13:45:49.469,7.8600,9
49549469225525,13:45:49.469,7.8600,91
49549469225525,13:45:49.469,7.8600,100
49551618844856,13:45:51.618,7.8500,100
49554682202066,13:45:54.682,7.8400,100
49554682202066,13:45:54.682,7.8400,100
49554682202066,13:45:54.682,7.8400,100
49554682202066,13:45:54.682,7.8400,800
49554682639759,13:45:54.682,7.8400,40
49554682639759,13:45:54.682,7.8400,100
49554682639759,13:45:54.682,7.8400,100
49565646065848,13:46:05.646,7.8200,100
49565646065848,13:46:05.646,7.8200,500
49565646426426,13:46:05.646,7.8200,40
49568895118254,13:46:08.895,7.8000,100
49568895118254,13:46:08.895,7.8000,100
49569572672252,13:46:09.572,7.8000,58
49569588491603,13:46:09.588,7.8000,60
49569628176948,13:46:09.628,7.8000,60
49570463651347,13:46:10.463,7.8000,22
49570463651347,13:46:10.463,7.8000,105
49578132644623,13:46:18.132,7.8200,60
49578132669387,13:46:18.132,7.8200,140
49588203227490,13:46:28.203,7.8200,100
49588207874189,13:46:28.207,7.8200,100
49588216863549,13:46:28.216,7.8200,100
49588233476548,13:46:28.233,7.8300,100
49592568099367,13:46:32.568,7.8200,100
49604173410004,13:46:44.173,7.8000,100
49604173410004,13:46:44.173,7.8000,200
49604197612286,13:46:44.197,7.8000,100
49604248993351,13:46:44.248,7.8100,100
49604274548298,13:46:44.274,7.8100,58
49604274869363,13:46:44.274,7.8100,42
49611869479021,13:46:51.869,7.8200,10
49611869705016,13:46:51.869,7.8200,90
49611869793456,13:46:51.869,7.8100,100
49611888192267,13:46:51.888,7.8000,100
49611890480361,13:46:51.890,7.8000,100
49611896698412,13:46:51.896,7.8000,200
49611898378066,13:46:51.898,7.8300,100
49611898548719,13:46:51.898,7.8300,100
49615619777315,13:46:55.619,7.8000,100
49615619777315,13:46:55.619,7.8000,100
49615733507561,13:46:55.733,7.8000,58
49620756158148,13:47:00.756,7.7900,100
49620909922687,13:47:00.909,7.8000,100
49620945068433,13:47:00.945,7.8000,100
49663023699350,13:47:43.023,7.7900,100
49663024488744,13:47:43.024,7.7900,20
49663024512690,13:47:43.024,7.7900,80
49663057615036,13:47:43.057,7.8000,100
49700777166845,13:48:20.777,7.7900,100
49700777986648,13:48:20.777,7.7700,100
49702412056002,13:48:22.412,7.7800,200
49702416201821,13:48:22.416,7.7800,100
49704783896061,13:48:24.783,7.7700,100
49706123952442,13:48:26.123,7.7700,6
49706124180215,13:48:26.124,7.7700,94
49740251726463,13:49:00.251,7.7700,100
49740252459591,13:49:00.252,7.7700,82
49741572528987,13:49:01.572,7.7800,82
49782124787827,13:49:42.124,7.8000,60
49782124871986,13:49:42.124,7.8000,36
50300885858276,13:58:20.885,7.8600,100
50339000443436,13:58:59.000,7.8600,59
50339000474097,13:58:59.000,7.8600,41
50410468331423,14:00:10.468,7.8800,100
50434905495975,14:00:34.905,7.8900,100
50614167560748,14:03:34.167,7.8900,100
50614167560748,14:03:34.167,7.8900,2
50614167560748,14:03:34.167,7.8900,2
50614167560748,14:03:34.167,7.8900,1
50614167560748,14:03:34.167,7.8900,1
50643684818597,14:04:03.684,7.9200,100
50655858203303,14:04:15.858,7.9200,100
50670641689343,14:04:30.641,7.9200,100
50670641689343,14:04:30.641,7.9200,100
50674824271709,14:04:34.824,7.9200,100
50674824410329,14:04:34.824,7.9200,100
50709497947813,14:05:09.497,7.9300,100
50709497947813,14:05:09.497,7.9300,100
50709498129508,14:05:09.498,7.9300,162
50709498131436,14:05:09.498,7.9300,38
50724122571793,14:05:24.122,7.9300,83
50807203140227,14:06:47.203,7.9400,83
50847659912542,14:07:27.659,7.9600,100
50859580974455,14:07:39.580,7.9800,100
50859580974455,14:07:39.580,7.9800,500
50885863409009,14:08:05.863,7.9800,100
50885863841467,14:08:05.863,8.0000,100
50893671440034,14:08:13.671,7.9900,100
50910867287213,14:08:30.867,7.9800,100
51118075720051,14:11:58.075,7.9900,100
51118075720051,14:11:58.075,7.9900,100
51134264024285,14:12:14.264,8.0000,100
51290567904055,14:14:50.567,7.9900,100
51290571185458,14:14:50.571,7.9900,100
51290571413375,14:14:50.571,7.9900,163
51291580589742,14:14:51.580,7.9800,100
51291580589742,14:14:51.580,7.9800,24
51291580616064,14:14:51.580,7.9800,76
51302213231531,14:15:02.213,7.9500,100
51302213231531,14:15:02.213,7.9500,100
51310180431783,14:15:10.180,7.9500,100
51310181442044,14:15:10.181,7.9800,100
51676846094384,14:21:16.846,7.9800,100
51747999288509,14:22:27.999,7.9900,100
51820596766443,14:23:40.596,7.9900,40
51820596766443,14:23:40.596,7.9900,22
51820596792843,14:23:40.596,7.9900,28
51847871425912,14:24:07.871,7.9800,100
51847871425912,14:24:07.871,7.9800,200
52014220835770,14:26:54.220,7.9800,100
52131534448731,14:28:51.534,7.9700,100
52312474731819,14:31:52.474,7.9800,100
52359744202964,14:32:39.744,7.9900,100
52566112206449,14:36:06.112,7.9900,100
52601086061069,14:36:41.086,7.9700,100
52701272303022,14:38:21.272,7.9800,100
52996220549417,14:43:16.220,8.0100,200
53085174892992,14:44:45.174,8.0100,100
53089516876368,14:44:49.516,8.0100,100
53465393770519,14:51:05.393,8.0200,100
53465393770519,14:51:05.393,8.0200,100
53468013881168,14:51:08.013,7.9900,100
53469498429917,14:51:09.498,7.9900,100
53469498429917,14:51:09.498,7.9900,100
53469499355981,14:51:09.499,8.0000,100
53480954657338,14:51:20.954,8.0000,100
53480954657338,14:51:20.954,8.0000,100
53535728017642,14:52:15.728,8.0200,100
53535828789625,14:52:15.828,8.0300,200
53537447543421,14:52:17.447,8.0300,52
53725601695389,14:55:25.601,8.0400,50
53748795699739,14:55:48.795,8.0400,50
53769608282992,14:56:09.608,8.0300,78
53798041339465,14:56:38.041,8.0300,100
53881527716757,14:58:01.527,8.0300,100
53971648346822,14:59:31.648,8.0400,93
53971648373480,14:59:31.648,8.0400,7
54264035086695,15:04:24.035,8.0100,100
54303751145874,15:05:03.751,8.0100,100
54348695516542,15:05:48.695,8.0000,100
54406982211212,15:06:46.982,8.0000,100
54406982444597,15:06:46.982,8.0000,100
54496703541009,15:08:16.703,8.0100,100
54605335564850,15:10:05.335,7.9900,34
54605335564850,15:10:05.335,7.9900,6
54605335564850,15:10:05.335,7.9900,60
54623450563242,15:10:23.450,7.9800,44
54623450563242,15:10:23.450,7.9800,1
55059599906645,15:17:39.599,7.9900,100
55059599906645,15:17:39.599,7.9900,100
55324363391017,15:22:04.363,7.9700,5
55479033946673,15:24:39.033,7.9600,100
55781521532961,15:29:41.521,7.9600,100
55781521607497,15:29:41.521,7.9600,100
56000798752944,15:33:20.798,7.9400,100
56014367376437,15:33:34.367,7.9300,5
56061571505916,15:34:21.571,7.9300,95
56061571505916,15:34:21.571,7.9300,15
56061571509259,15:34:21.571,7.9300,85
56132914402830,15:35:32.914,7.9300,100
56132915685908,15:35:32.915,7.9300,100
56253414928369,15:37:33.414,7.9400,100
56253415632415,15:37:33.415,7.9400,100
56257967847573,15:37:37.967,7.9500,100
56430799004740,15:40:30.799,7.9400,47
56430799028948,15:40:30.799,7.9400,53
56430799028948,15:40:30.799,7.9400,100
56491286687962,15:41:31.286,7.9200,100
56494217536226,15:41:34.217,7.9100,100
56584522257897,15:43:04.522,7.9100,100
56584522257897,15:43:04.522,7.9100,100
56584522478799,15:43:04.522,7.9100,100
56584522478799,15:43:04.522,7.9100,100
56584545758698,15:43:04.545,7.9100,100
56620290068385,15:43:40.290,7.9100,100
56620290068385,15:43:40.290,7.9100,100
56626180897478,15:43:46.180,7.9100,100
56758348061873,15:45:58.348,7.9400,100
56758348061873,15:45:58.348,7.9400,100
56758348251424,15:45:58.348,7.9400,38
56758348270125,15:45:58.348,7.9400,10
56904744394541,15:48:24.744,7.9400,100
56904744487679,15:48:24.744,7.9400,100
56904744487679,15:48:24.744,7.9400,100
56904744487679,15:48:24.744,7.9400,200
56972539639462,15:49:32.539,7.9300,200
56972539639462,15:49:32.539,7.9300,48
56972539639462,15:49:32.539,7.9300,32
57011074595703,15:50:11.074,7.9300,100
57082797842087,15:51:22.797,7.9200,10
57082798364158,15:51:22.798,7.9200,90
57097135312372,15:51:37.135,7.9200,32
57097135312372,15:51:37.135,7.9200,100
57216974861629,15:53:36.974,7.9200,55
57228973884413,15:53:48.973,7.9200,100
57233013066877,15:53:53.013,7.9200,100
57233013066877,15:53:53.013,7.9200,100
57304104886384,15:55:04.104,7.9300,100
57304105077740,15:55:04.105,7.9300,80
57304105105284,15:55:04.105,7.9300,100
57431809529438,15:57:11.809,7.9450,66
57431809529438,15:57:11.809,7.9450,66
57431809529438,15:57:11.809,7.9400,168
57514096485624,15:58:34.096,7.9450,100
57545199932406,15:59:05.199,7.9500,33
57545199938789,15:59:05.199,7.9500,66
57585502791381,15:59:45.502,7.9650,100
57586502151048,15:59:46.502,7.9650,100
57587502166529,15:59:47.502,7.9650,100
57588502205426,15:59:48.502,7.9650,100
57594306955290,15:59:54.306,7.9700,100
57599933346122,15:59:59.933,7.9700,100
57600467254028,16:00:00.467,0.0000,0
