timestamp,time,price,volume
34200610224044,09:30:00.610,170.9000,2759
34261841301398,09:31:01.841,170.4500,10
34261841301398,09:31:01.841,170.4500,40
34261841328289,09:31:01.841,170.4500,108
34324054918371,09:32:04.054,170.7200,89
34481773626305,09:34:41.773,170.7800,100
34501166861188,09:35:01.166,170.9300,1
34551313540742,09:35:51.313,170.9700,150
34579998945796,09:36:19.998,170.8100,150
34605402707033,09:36:45.402,171.1900,1
34605402707033,09:36:45.402,171.1900,100
34605857097140,09:36:45.857,171.2400,100
34605857103175,09:36:45.857,171.2400,100
34605857112747,09:36:45.857,171.2400,100
34605857117406,09:36:45.857,171.2400,34
34651567985142,09:37:31.567,171.1900,100
34651568040552,09:37:31.568,171.1900,61
34651568146989,09:37:31.568,171.1800,100
34664146067883,09:37:44.146,171.0000,155
34692919344564,09:38:12.919,170.9700,100
34692919357223,09:38:12.919,170.9700,41
34699148645342,09:38:19.148,171.1300,100
34707362873198,09:38:27.362,171.0700,100
34719948546382,09:38:39.948,171.1500,155
34720159153561,09:38:40.159,171.1600,10
34720159153561,09:38:40.159,171.1600,1
34720219068099,09:38:40.219,171.1600,8
34720220352812,09:38:40.220,171.1600,1
34727162621798,09:38:47.162,171.0800,50
34754777748117,09:39:14.777,171.2400,100
34764172309571,09:39:24.172,171.3000,38
34764172322651,09:39:24.172,171.3000,51
34764172364363,09:39:24.172,171.3000,11
34764172364363,09:39:24.172,171.3000,89
34764172365640,09:39:24.172,171.3000,11
34764174717215,09:39:24.174,171.3000,100
34764176027884,09:39:24.176,171.3000,100
34764881122703,09:39:24.881,171.3000,100
34764881702548,09:39:24.881,171.2900,100
34765881406910,09:39:25.881,171.3000,100
34765881533734,09:39:25.881,171.2900,100
34765886586883,09:39:25.886,171.3000,55
34765886827874,09:39:25.886,171.3000,45
34765886827874,09:39:25.886,171.3000,100
34765888281508,09:39:25.888,171.3000,100
34765888283948,09:39:25.888,171.3000,22
34765889187021,09:39:25.889,171.3000,12
34765889187652,09:39:25.889,171.3000,88
34765890335536,09:39:25.890,171.3000,100
34765891058309,09:39:25.891,171.3000,25
34765940614235,09:39:25.940,171.3000,75
34765977241712,09:39:25.977,171.3000,71
34766000721124,09:39:26.000,171.3000,29
34766002460094,09:39:26.002,171.3000,59
34766002488631,09:39:26.002,171.3000,41
34766003279170,09:39:26.003,171.3000,41
34766011619565,09:39:26.011,171.3000,42
34766011693565,09:39:26.011,171.3000,17
34766012482534,09:39:26.012,171.3000,42
34766012500132,09:39:26.012,171.3000,54
34766012532001,09:39:26.012,171.3000,4
34766014076834,09:39:26.014,171.3000,17
34766014324991,09:39:26.014,171.3000,34
34766014408301,09:39:26.014,171.3000,15
34766014442230,09:39:26.014,171.3000,19
34766054109441,09:39:26.054,171.3000,15
34766109983591,09:39:26.109,171.3400,100
34766297465269,09:39:26.297,171.3000,100
34766300409690,09:39:26.300,171.3000,15
34766300842840,09:39:26.300,171.2600,100
34825345951314,09:40:25.345,171.3300,100
34825346003985,09:40:25.346,171.3300,100
34867058306156,09:41:07.058,170.9200,100
34886161992455,09:41:26.161,170.8100,2
34897617167137,09:41:37.617,170.6000,50
34902335457614,09:41:42.335,170.5400,5
34954466299502,09:42:34.466,170.2900,100
34959775162695,09:42:39.775,170.3700,100
34973756415883,09:42:53.756,170.4000,200
34973756440519,09:42:53.756,170.4000,400
34999699276875,09:43:19.699,170.6200,2
35013848875244,09:43:33.848,170.4900,100
35019963442110,09:43:39.963,170.3700,100
35025119611687,09:43:45.119,170.4000,100
35025120077320,09:43:45.120,170.3800,10
35025522918688,09:43:45.522,170.4000,10
35025522918688,09:43:45.522,170.4000,10
35025522918688,09:43:45.522,170.4000,10
35025522918688,09:43:45.522,170.4000,10
35025522918688,09:43:45.522,170.4000,10
35053051801952,09:44:13.051,170.2700,100
35073679450967,09:44:33.679,170.2400,111
35073679464960,09:44:33.679,170.2400,34
35145217326693,09:45:45.217,170.5200,1
35210001281060,09:46:50.001,170.4200,72
35210001308040,09:46:50.001,170.4200,28
35232003536071,09:47:12.003,170.4300,100
35232003542961,09:47:12.003,170.4300,45
35264828120605,09:47:44.828,170.3500,44
35264828159150,09:47:44.828,170.3500,56
35290460105169,09:48:10.460,170.0300,100
35334153506543,09:48:54.153,170.0800,100
35334155205982,09:48:54.155,170.0800,1
35440340091998,09:50:40.340,170.3300,100
35440455604206,09:50:40.455,170.3700,56
35440455629489,09:50:40.455,170.3700,144
35453164750730,09:50:53.164,170.4100,67
35453164772479,09:50:53.164,170.4100,133
35470526824087,09:51:10.526,170.4000,100
35498644183468,09:51:38.644,170.2450,100
35536768392857,09:52:16.768,169.9650,100
35536771821058,09:52:16.771,170.0000,100
35537691462384,09:52:17.691,170.0000,1
35537691462384,09:52:17.691,170.0000,3
35567446913940,09:52:47.446,169.8900,70
35567447021750,09:52:47.447,169.8900,30
35576811799851,09:52:56.811,169.9500,30
35631054157194,09:53:51.054,169.9500,100
35632146370284,09:53:52.146,169.9650,8
35632146384414,09:53:52.146,169.9650,8
35633944796025,09:53:53.944,170.0000,8
35638917038657,09:53:58.917,170.0300,100
35638917111014,09:53:58.917,170.0300,100
35649915820673,09:54:09.915,170.1250,100
35660397284194,09:54:20.397,170.1500,16
35660397368399,09:54:20.397,170.1500,2
35660397888661,09:54:20.397,170.1600,100
35660397888661,09:54:20.397,170.1600,125
35673201476038,09:54:33.201,170.1600,100
35674055531413,09:54:34.055,170.2000,18
35674066541140,09:54:34.066,170.2000,82
35693924247091,09:54:53.924,170.2300,100
35693924818383,09:54:53.924,170.2600,38
35693924828964,09:54:53.924,170.2600,62
35701025612507,09:55:01.025,170.2800,100
35713026815461,09:55:13.026,170.3100,97
35713027062145,09:55:13.027,170.3100,3
35713027062145,09:55:13.027,170.3100,100
35829277369273,09:57:09.277,169.8500,100
35894090470958,09:58:14.090,169.7500,3
35894090538814,09:58:14.090,169.7500,97
35917509562201,09:58:37.509,169.7800,10
35917509638594,09:58:37.509,169.7800,90
35937644227487,09:58:57.644,169.7700,100
35937644242792,09:58:57.644,169.7800,2
35937644913672,09:58:57.644,169.7800,98
35998187772132,09:59:58.187,169.6100,100
36032961322277,10:00:32.961,169.5900,100
36099013440472,10:01:39.013,169.7000,100
36138895757150,10:02:18.895,169.6100,100
36166686590335,10:02:46.686,169.5200,100
36166686665210,10:02:46.686,169.5200,29
36166686955795,10:02:46.686,169.5200,21
36166696201694,10:02:46.696,169.5100,100
36166718201084,10:02:46.718,169.4800,1
36173724831128,10:02:53.724,169.5050,100
36202756355852,10:03:22.756,169.4000,100
36257317265038,10:04:17.317,169.3800,24
36257317828861,10:04:17.317,169.3800,24
36316482610757,10:05:16.482,169.0000,12
36316482610757,10:05:16.482,169.0000,1
36316482610757,10:05:16.482,169.0000,10
36327390599169,10:05:27.390,168.9900,100
36327391502125,10:05:27.391,169.0200,100
36354370548235,10:05:54.370,169.1700,100
36354371298338,10:05:54.371,169.1800,100
36373083250798,10:06:13.083,169.2600,100
36373085324778,10:06:13.085,169.2700,100
36408048298190,10:06:48.048,169.2400,100
36465594346487,10:07:45.594,169.1000,31
36465594372455,10:07:45.594,169.1000,69
36495838754924,10:08:15.838,169.1400,100
36536170341539,10:08:56.170,169.1400,100
36566295746003,10:09:26.295,169.1000,50
36576587293554,10:09:36.587,169.1800,100
36578943463969,10:09:38.943,169.2100,1
36633807128940,10:10:33.807,169.2650,100
36641577991143,10:10:41.577,169.3700,100
36654914035929,10:10:54.914,169.4200,100
36662391864068,10:11:02.391,169.4700,100
36708688868170,10:11:48.688,169.6900,1
36708689175550,10:11:48.689,169.7100,100
36708689543017,10:11:48.689,169.7100,99
36733102687833,10:12:13.102,169.7900,100
36801115495946,10:13:21.115,169.8100,2
36801239710464,10:13:21.239,169.8100,2
36801239882674,10:13:21.239,169.8100,2
36801240007987,10:13:21.240,169.8100,2
36801240024065,10:13:21.240,169.8100,2
36801240416181,10:13:21.240,169.8100,2
36801240750904,10:13:21.240,169.8150,2
36801240804104,10:13:21.240,169.8150,2
36801240882305,10:13:21.240,169.8150,2
36801240937419,10:13:21.240,169.8150,2
36801240996263,10:13:21.240,169.8150,2
36801241079835,10:13:21.241,169.8150,2
36801241588156,10:13:21.241,169.8150,2
36801242158117,10:13:21.242,169.8150,2
36801242165631,10:13:21.242,169.8150,2
36801242321401,10:13:21.242,169.8200,2
36911310436093,10:15:11.310,169.6800,100
36962527552831,10:16:02.527,169.6300,100
36962528166310,10:16:02.528,169.6400,43
36962528222240,10:16:02.528,169.6400,57
37000017063115,10:16:40.017,169.8300,100
37019741752391,10:16:59.741,169.8000,100
37035502791746,10:17:15.502,169.7400,100
37051799927293,10:17:31.799,169.7500,100
37099731634038,10:18:19.731,169.5450,100
37149337830306,10:19:09.337,169.5400,100
37151022563024,10:19:11.022,169.6200,66
37151022589050,10:19:11.022,169.6200,34
37160284240307,10:19:20.284,169.6800,1
37160285400660,10:19:20.285,169.6800,21
37160285437445,10:19:20.285,169.6800,159
37234002633996,10:20:34.002,169.9700,100
37354630325135,10:22:34.630,169.8600,100
37357376288220,10:22:37.376,169.8900,15
37357376313089,10:22:37.376,169.8900,85
37357377611797,10:22:37.377,169.8900,1
37627036378517,10:27:07.036,170.0050,100
37627036425875,10:27:07.036,170.0300,100
37627038094433,10:27:07.038,170.0300,1
37694029106332,10:28:14.029,170.1700,100
37695413288467,10:28:15.413,170.2000,100
37725216937746,10:28:45.216,170.1500,100
37752301266822,10:29:12.301,170.1500,70
37800443384445,10:30:00.443,170.2100,100
37800504276792,10:30:00.504,170.2100,100
37827541180057,10:30:27.541,170.2700,63
37827541189954,10:30:27.541,170.2700,65
37827541206862,10:30:27.541,170.2700,72
37863775749137,10:31:03.775,170.3250,100
37868095843483,10:31:08.095,170.3200,100
37886266702861,10:31:26.266,170.3350,100
37888241589144,10:31:28.241,170.3600,53
37888241630620,10:31:28.241,170.3600,47
37898185364842,10:31:38.185,170.3600,10
37931134413195,10:32:11.134,170.3000,1
37981931803013,10:33:01.931,170.4350,100
38030211234719,10:33:50.211,170.4300,5
38076398215860,10:34:36.398,170.4100,100
38081213656285,10:34:41.213,170.4000,1
38106939882915,10:35:06.939,170.4450,6
38106940462449,10:35:06.940,170.4450,6
38106940598343,10:35:06.940,170.4450,6
38106940607619,10:35:06.940,170.4450,6
38106940674546,10:35:06.940,170.4450,6
38106940695485,10:35:06.940,170.4450,6
38106940706929,10:35:06.940,170.4450,6
38106940786447,10:35:06.940,170.4450,6
38106940815507,10:35:06.940,170.4450,6
38106940889341,10:35:06.940,170.4450,6
38106940935905,10:35:06.940,170.4450,6
38106940947302,10:35:06.940,170.4450,6
38106941025002,10:35:06.941,170.4600,6
38106941556106,10:35:06.941,170.4550,6
38106984844218,10:35:06.984,170.4600,22
38106984844218,10:35:06.984,170.4800,78
38106984846390,10:35:06.984,170.4800,22
38106988229526,10:35:06.988,170.5000,4
38112832594371,10:35:12.832,170.5100,200
38156949655170,10:35:56.949,170.5100,100
38168595555842,10:36:08.595,170.5350,100
38168596419014,10:36:08.596,170.5500,25
38168596536996,10:36:08.596,170.5500,21
38168596561141,10:36:08.596,170.5500,54
38178600185429,10:36:18.600,170.4900,100
38179913553293,10:36:19.913,170.5000,87
38179914182600,10:36:19.914,170.5000,87
38179914959776,10:36:19.914,170.5000,13
38210499427653,10:36:50.499,170.5200,100
38216025489411,10:36:56.025,170.4800,100
38238142245470,10:37:18.142,170.3400,138
38238142268310,10:37:18.142,170.3400,162
38248134996892,10:37:28.134,170.3800,87
38248671589041,10:37:28.671,170.4000,100
38287057894244,10:38:07.057,170.2000,23
38287057920955,10:38:07.057,170.2000,77
38290145210530,10:38:10.145,170.2400,100
38293422020452,10:38:13.422,170.2700,37
38293422027906,10:38:13.422,170.2700,63
38321596449704,10:38:41.596,170.3500,45
38321596457292,10:38:41.596,170.3500,55
38321596457292,10:38:41.596,170.3500,100
38399428182761,10:39:59.428,170.2800,100
38413997183597,10:40:13.997,170.4000,100
38423307808348,10:40:23.307,170.4000,79
38423307917300,10:40:23.307,170.4000,21
38423307917300,10:40:23.307,170.4200,79
38423307951464,10:40:23.307,170.4200,21
38463442786564,10:41:03.442,170.2700,300
38463462819634,10:41:03.462,170.2600,217
38463462862174,10:41:03.462,170.2600,83
38485744854850,10:41:25.744,170.2800,100
38485744854850,10:41:25.744,170.2800,100
38515211985589,10:41:55.211,170.2300,100
38587337153389,10:43:07.337,170.2500,100
38588506571022,10:43:08.506,170.2900,100
38590477206909,10:43:10.477,170.3500,100
38601066561784,10:43:21.066,170.3400,100
38601067053826,10:43:21.067,170.3400,65
38601203386517,10:43:21.203,170.3450,35
38601203386517,10:43:21.203,170.3600,46
38601203414108,10:43:21.203,170.3600,54
38657393687005,10:44:17.393,170.4000,99
38657393718424,10:44:17.393,170.4000,1
38657480803341,10:44:17.480,170.4600,34
38657480803341,10:44:17.480,170.4600,66
38657481910680,10:44:17.481,170.4600,100
38685807701735,10:44:45.807,170.4100,100
38695794719597,10:44:55.794,170.4700,100
38697017166184,10:44:57.017,170.5000,20
38697017166184,10:44:57.017,170.5000,5
38710387893221,10:45:10.387,170.5200,70
38713475724403,10:45:13.475,170.5000,100
38722697158486,10:45:22.697,170.5200,100
38793868906081,10:46:33.868,170.5600,100
38793868906081,10:46:33.868,170.5600,200
38799471576517,10:46:39.471,170.5900,100
38801898718140,10:46:41.898,170.6000,100
38822297839820,10:47:02.297,170.5000,100
38824213562533,10:47:04.213,170.4600,100
38827624991622,10:47:07.624,170.4700,200
38850833261455,10:47:30.833,170.3900,200
38896226723003,10:48:16.226,170.2800,100
38911601849864,10:48:31.601,170.2750,100
38914553994894,10:48:34.553,170.3000,100
38914553994894,10:48:34.553,170.3000,100
38916682262445,10:48:36.682,170.3300,100
38941306495674,10:49:01.306,170.3400,100
38952385133632,10:49:12.385,170.3500,100
38962902484411,10:49:22.902,170.4200,65
39009859688563,10:50:09.859,170.1900,200
39014202778394,10:50:14.202,170.2200,100
39040640737118,10:50:40.640,170.1200,300
39045817145233,10:50:45.817,170.1400,100
39148794880857,10:52:28.794,170.1300,16
39148794906206,10:52:28.794,170.1300,84
39156162322398,10:52:36.162,170.1500,100
39207053846102,10:53:27.053,169.8700,12
39207053884471,10:53:27.053,169.8700,88
39223507487787,10:53:43.507,169.8300,21
39223512125836,10:53:43.512,169.8300,79
39223512125836,10:53:43.512,169.8500,8
39223512164304,10:53:43.512,169.8500,92
39246362324101,10:54:06.362,169.8500,100
39278708858199,10:54:38.708,169.8800,100
39278709996792,10:54:38.709,169.9100,100
39306119368434,10:55:06.119,169.9800,75
39306119392439,10:55:06.119,169.9800,25
39306121103533,10:55:06.121,169.9700,100
39308075726378,10:55:08.075,169.9600,100
39309500014755,10:55:09.500,169.9900,43
39309500041574,10:55:09.500,169.9900,57
39334253402821,10:55:34.253,169.9850,100
39334275380544,10:55:34.275,170.0000,71
39334275406571,10:55:34.275,170.0000,29
39372653880297,10:56:12.653,170.0100,100
39464647308213,10:57:44.647,169.9150,100
39464649411070,10:57:44.649,169.9400,50
39601236947388,11:00:01.236,169.9100,100
39601296923344,11:00:01.296,169.9400,100
39601802667951,11:00:01.802,169.9500,100
39601802667951,11:00:01.802,169.9500,100
39607331948978,11:00:07.331,170.0100,100
39621568375071,11:00:21.568,170.0000,100
39621568375071,11:00:21.568,170.0000,100
39630092551963,11:00:30.092,169.9500,23
39633416210678,11:00:33.416,169.9500,20
39661133840058,11:01:01.133,169.9400,62
39661133864310,11:01:01.133,169.9400,38
39662813083530,11:01:02.813,169.9700,80
39663454428741,11:01:03.454,170.1800,300
39663464875273,11:01:03.464,170.1900,100
39663468257905,11:01:03.468,170.2000,39
39663470706073,11:01:03.470,170.2100,100
39666498185050,11:01:06.498,170.2100,177
39666508858596,11:01:06.508,170.2000,100
39666508882391,11:01:06.508,170.2000,77
39670006846201,11:01:10.006,170.1700,100
39701859747334,11:01:41.859,170.2200,100
39702368374694,11:01:42.368,170.2400,77
39702368401981,11:01:42.368,170.2400,23
39712964894148,11:01:52.964,170.2600,34
39712964894148,11:01:52.964,170.2600,53
39712964919554,11:01:52.964,170.2600,113
39712965331949,11:01:52.965,170.2600,100
39722174399711,11:02:02.174,170.3200,70
39722174477932,11:02:02.174,170.3200,7
39722174929611,11:02:02.174,170.3200,23
39726299288077,11:02:06.299,170.3700,100
39736877751008,11:02:16.877,170.4200,100
39762445586152,11:02:42.445,170.5000,19
39762445595904,11:02:42.445,170.5000,140
39762445615859,11:02:42.445,170.5000,41
39780268870560,11:03:00.268,170.5100,100
39795344278052,11:03:15.344,170.4300,100
39888673775942,11:04:48.673,170.4900,100
39921493992102,11:05:21.493,170.4000,100
39935142025514,11:05:35.142,170.4100,100
40089836844263,11:08:09.836,170.2800,100
40089836892424,11:08:09.836,170.2700,200
40147268239091,11:09:07.268,170.2400,12
40161475476073,11:09:21.475,170.3200,100
40194626574599,11:09:54.626,170.2400,28
40194640633594,11:09:54.640,170.2400,72
40219419606800,11:10:19.419,170.1900,2
40219419674125,11:10:19.419,170.1900,298
40219434462040,11:10:19.434,170.1800,300
40242264601747,11:10:42.264,170.2100,152
40242265656423,11:10:42.265,170.2100,48
40261092293453,11:11:01.092,170.0300,1
40261092459334,11:11:01.092,170.0300,141
40265693333873,11:11:05.693,170.0600,71
40265693361876,11:11:05.693,170.0600,29
40281060145073,11:11:21.060,169.9400,100
40281060147822,11:11:21.060,169.9400,65
40424147607933,11:13:44.147,169.9200,100
40424147635205,11:13:44.147,169.9200,100
40436434825444,11:13:56.434,169.9900,100
40528648020828,11:15:28.648,170.0900,100
40528648020828,11:15:28.648,170.0900,6
40528648050447,11:15:28.648,170.0900,94
40564847242229,11:16:04.847,170.0800,100
40873570532874,11:21:13.570,169.6900,91
40873571310059,11:21:13.571,169.6900,9
40921160735993,11:22:01.160,169.5800,1
41013368170436,11:23:33.368,169.4300,100
41014189365560,11:23:34.189,169.4600,100
41021060460862,11:23:41.060,169.5300,300
41021062241265,11:23:41.062,169.5300,100
41021062249826,11:23:41.062,169.5300,100
41021064976451,11:23:41.064,169.5400,100
41021064976451,11:23:41.064,169.5400,85
41021065019992,11:23:41.065,169.5400,15
41021100292351,11:23:41.100,169.5400,33
41021100383525,11:23:41.100,169.5400,12
41021105274996,11:23:41.105,169.5400,55
41022368782044,11:23:42.368,169.5200,54
41052492903446,11:24:12.492,169.5700,2
41053378767959,11:24:13.378,169.5700,78
41053379539006,11:24:13.379,169.5700,20
41131832782603,11:25:31.832,169.5300,47
41131832946234,11:25:31.832,169.5300,87
41131833097593,11:25:31.833,169.5300,100
41131833534760,11:25:31.833,169.5300,62
41131833586396,11:25:31.833,169.5300,100
41131833660612,11:25:31.833,169.5300,100
41131834173526,11:25:31.834,169.5300,70
41131834224362,11:25:31.834,169.5300,134
41145236002967,11:25:45.236,169.5300,100
41145236027083,11:25:45.236,169.5300,200
41148543454952,11:25:48.543,169.4800,300
41148549474327,11:25:48.549,169.4500,100
41148549498652,11:25:48.549,169.4500,170
41236357146177,11:27:16.357,169.5100,47
41236357157809,11:27:16.357,169.5100,153
41250551301493,11:27:30.551,169.4400,200
41324981697325,11:28:44.981,169.3500,100
41457902207421,11:30:57.902,169.2900,100
41457902281537,11:30:57.902,169.2900,100
41566052656490,11:32:46.052,169.2600,100
41698194396285,11:34:58.194,169.4200,100
41744945700200,11:35:44.945,169.3800,77
41744945770178,11:35:44.945,169.3800,23
41892640642573,11:38:12.640,169.4300,70
41892640711476,11:38:12.640,169.4300,30
41948729026632,11:39:08.729,169.3500,100
41952204910535,11:39:12.204,169.3500,7
41952204951873,11:39:12.204,169.3500,3
42006570704925,11:40:06.570,169.5000,6
42187964706982,11:43:07.964,169.7600,8
42419890225000,11:46:59.890,169.8300,100
42789470208704,11:53:09.470,169.5900,100
43020541303434,11:57:00.541,169.7500,100
43042322900264,11:57:22.322,169.7100,300
43110529041058,11:58:30.529,169.7500,100
43161544655196,11:59:21.544,169.7300,100
43161544753043,11:59:21.544,169.7300,100
43200552692625,12:00:00.552,169.9100,100
43201295861522,12:00:01.295,169.9400,300
43201295861522,12:00:01.295,169.9400,400
43216151065848,12:00:16.151,169.9900,100
43223549605166,12:00:23.549,169.9500,100
43294066395031,12:01:34.066,169.8800,100
43362801347680,12:02:42.801,170.0100,50
43735672239487,12:08:55.672,170.0000,100
43735689430206,12:08:55.689,170.0000,100
43774489985912,12:09:34.489,170.1100,141
43891630674250,12:11:31.630,170.2400,100
43938950150444,12:12:18.950,170.3700,5
43939158177919,12:12:19.158,170.3700,95
44162333075633,12:16:02.333,170.3000,100
44286615217782,12:18:06.615,170.3700,1
44378538160502,12:19:38.538,170.4500,100
44416969017543,12:20:16.969,170.4900,100
44495497314786,12:21:35.497,170.4800,1
44503795376522,12:21:43.795,170.3900,100
44529199262125,12:22:09.199,170.5200,3
44626593552455,12:23:46.593,170.5400,62
44689064859812,12:24:49.064,170.6200,17
44689067846510,12:24:49.067,170.6000,112
44689067925363,12:24:49.067,170.6000,178
44689068106744,12:24:49.068,170.6000,10
44698215489201,12:24:58.215,170.5900,10
44698215574476,12:24:58.215,170.5800,58
44761336901474,12:26:01.336,170.6200,100
44870496634892,12:27:50.496,170.5100,43
44873754058549,12:27:53.754,170.4900,40
44882529110048,12:28:02.529,170.5500,100
44977392196150,12:29:37.392,170.5600,200
44977392196150,12:29:37.392,170.5600,300
44977392196150,12:29:37.392,170.5700,300
44977398424518,12:29:37.398,170.5900,300
44977398424518,12:29:37.398,170.5900,500
44984512026881,12:29:44.512,170.5800,100
44984512099737,12:29:44.512,170.5800,200
44984520431860,12:29:44.520,170.6000,100
44984520431860,12:29:44.520,170.6000,10
44986483565777,12:29:46.483,170.5800,10
44986483565777,12:29:46.483,170.5800,10
44986483565777,12:29:46.483,170.5800,10
44986497024082,12:29:46.497,170.5700,87
44986497100181,12:29:46.497,170.5700,13
44986533970029,12:29:46.533,170.6000,100
44987536802420,12:29:47.536,170.6000,400
44991923374538,12:29:51.923,170.5800,80
44991923544062,12:29:51.923,170.5800,220
44991939460905,12:29:51.939,170.6000,100
45005942719857,12:30:05.942,170.5900,100
45005942748151,12:30:05.942,170.5900,100
45005949977216,12:30:05.949,170.5800,13
45006139775243,12:30:06.139,170.5800,87
45006182771533,12:30:06.182,170.6000,100
45006485627182,12:30:06.485,170.6000,300
45006591825771,12:30:06.591,170.6000,300
45006967331443,12:30:06.967,170.6000,300
45010120572807,12:30:10.120,170.6100,100
45010120572807,12:30:10.120,170.6100,100
45012077428159,12:30:12.077,170.6200,100
45012089737222,12:30:12.089,170.6300,100
45012160644706,12:30:12.160,170.6400,100
45012789058059,12:30:12.789,170.6400,100
45032058493856,12:30:32.058,170.6000,86
45032058518603,12:30:32.058,170.6000,314
45034248823072,12:30:34.248,170.5800,300
45041225704314,12:30:41.225,170.5900,300
45054636684530,12:30:54.636,170.6300,300
45054636734980,12:30:54.636,170.6300,200
45054636736844,12:30:54.636,170.6400,200
45054638071402,12:30:54.638,170.6300,100
45065726178480,12:31:05.726,170.6600,63
45082500002754,12:31:22.500,170.6600,19
45091137637887,12:31:31.137,170.6400,100
45128103489711,12:32:08.103,170.5700,62
45128103506606,12:32:08.103,170.5700,38
45131834795069,12:32:11.834,170.5500,162
45131834795069,12:32:11.834,170.5500,300
45131834795069,12:32:11.834,170.5500,138
45131834795069,12:32:11.834,170.5500,100
45131903507428,12:32:11.903,170.5700,300
45131903507428,12:32:11.903,170.5700,400
45131903507428,12:32:11.903,170.5700,100
45131903507428,12:32:11.903,170.5700,800
45131903706502,12:32:11.903,170.5600,10
45131903808054,12:32:11.903,170.5600,10
45131903897673,12:32:11.903,170.5600,10
45131907021605,12:32:11.907,170.5800,300
45131907021605,12:32:11.907,170.5800,400
45131907021605,12:32:11.907,170.5800,500
45131907743810,12:32:11.907,170.5700,100
45131909392074,12:32:11.909,170.5800,300
45131909430364,12:32:11.909,170.5800,100
45144763132983,12:32:24.763,170.5200,300
45177051562384,12:32:57.051,170.5900,400
45177051562384,12:32:57.051,170.6100,500
45177051562384,12:32:57.051,170.6100,300
45177052940676,12:32:57.052,170.6100,100
45203431380007,12:33:23.431,170.6300,100
45252365843929,12:34:12.365,170.5700,34
45252365881181,12:34:12.365,170.5700,100
45252367503723,12:34:12.367,170.5700,100
45252367519774,12:34:12.367,170.5700,66
45252368394406,12:34:12.368,170.5700,96
45252368699622,12:34:12.368,170.5900,200
45252368710955,12:34:12.368,170.5900,104
45252375564070,12:34:12.375,170.5900,100
45252375564070,12:34:12.375,170.5900,100
45252383074205,12:34:12.383,170.5900,4
45252383149880,12:34:12.383,170.5700,10
45252384618683,12:34:12.384,170.5900,100
45252384618683,12:34:12.384,170.5900,10
45252384618683,12:34:12.384,170.6000,100
45252384618683,12:34:12.384,170.6000,86
45252384683975,12:34:12.384,170.5700,100
45252384823344,12:34:12.384,170.5700,100
45252384882828,12:34:12.384,170.5800,100
45252386263015,12:34:12.386,170.5900,100
45252386263015,12:34:12.386,170.6000,14
45252578613420,12:34:12.578,170.6000,100
45252608938700,12:34:12.608,170.5900,100
45252616101963,12:34:12.616,170.6000,100
45252616163367,12:34:12.616,170.6000,100
45252644673080,12:34:12.644,170.6000,100
45252676799811,12:34:12.676,170.6000,100
45252678004013,12:34:12.678,170.5900,100
45252685091236,12:34:12.685,170.5900,100
45252691881007,12:34:12.691,170.6000,100
45252691881007,12:34:12.691,170.6000,100
45252691881007,12:34:12.691,170.6000,300
45280949876601,12:34:40.949,170.6100,106
45280949940527,12:34:40.949,170.6100,100
45280949955173,12:34:40.949,170.6100,294
45280949955173,12:34:40.949,170.6100,6
45280949994753,12:34:40.949,170.6100,294
45280952603528,12:34:40.952,170.6200,100
45280952826336,12:34:40.952,170.6200,31
45280954237182,12:34:40.954,170.6300,500
45300925769118,12:35:00.925,170.5300,171
45300925769118,12:35:00.925,170.5200,129
45314923946926,12:35:14.923,170.5600,300
45314923946926,12:35:14.923,170.5700,300
45314925164872,12:35:14.925,170.5800,300
45314925164872,12:35:14.925,170.5800,200
45314925164872,12:35:14.925,170.5800,500
45314925164872,12:35:14.925,170.5800,400
45318076791370,12:35:18.076,170.5700,100
45318076816461,12:35:18.076,170.5700,200
45318490944527,12:35:18.490,170.5700,100
45318490944527,12:35:18.490,170.5700,100
45318491119053,12:35:18.491,170.5400,10
45318492289958,12:35:18.492,170.5700,10
45318492985168,12:35:18.492,170.5400,100
45318492985168,12:35:18.492,170.5400,100
45318587935256,12:35:18.587,170.5700,100
45321531826217,12:35:21.531,170.5400,7
45321531873727,12:35:21.531,170.5400,3
45321534589833,12:35:21.534,170.5300,100
45321540570993,12:35:21.540,170.5400,110
45321550653328,12:35:21.550,170.5500,100
45321559874569,12:35:21.559,170.5600,100
45330117836952,12:35:30.117,170.6000,100
45330118023291,12:35:30.118,170.6000,100
45374474674477,12:36:14.474,170.5300,400
45374624994293,12:36:14.624,170.5400,100
45374624994293,12:36:14.624,170.5400,200
45374624994293,12:36:14.624,170.5400,300
45386529708998,12:36:26.529,170.5300,300
45388882786723,12:36:28.882,170.5600,300
45388882786723,12:36:28.882,170.5700,300
45388882786723,12:36:28.882,170.5700,400
45388886452873,12:36:28.886,170.5800,300
45388886452873,12:36:28.886,170.5800,489
45531638559199,12:38:51.638,170.5200,300
45664893468421,12:41:04.893,170.6500,200
45724002025418,12:42:04.002,170.6400,200
45724934299614,12:42:04.934,170.6200,200
45736256497637,12:42:16.256,170.5500,100
45783518808902,12:43:03.518,170.6000,100
45827719911866,12:43:47.719,170.6000,100
45829855929464,12:43:49.855,170.5900,100
45843961380396,12:44:03.961,170.5600,55
45843966136808,12:44:03.966,170.5600,45
45893323878217,12:44:53.323,170.5900,100
45913797216178,12:45:13.797,170.6300,100
45965576316027,12:46:05.576,170.5800,100
46031043886200,12:47:11.043,170.5900,100
46134125327296,12:48:54.125,170.6300,100
46190659842682,12:49:50.659,170.7700,20
46199717927545,12:49:59.717,170.7300,100
46225352731320,12:50:25.352,170.8100,100
46241918982387,12:50:41.918,170.8000,100
46269626647342,12:51:09.626,170.7900,100
46375771267114,12:52:55.771,170.7500,100
46422178654319,12:53:42.178,170.7600,100
46428008597263,12:53:48.008,170.7600,1
46432356399409,12:53:52.356,170.7800,100
46435148096870,12:53:55.148,170.8300,100
46453971614872,12:54:13.971,170.7700,100
46453971678093,12:54:13.971,170.7700,30
46453971702201,12:54:13.971,170.7700,70
46471315042900,12:54:31.315,170.7400,78
46471315069709,12:54:31.315,170.7400,22
46504150647015,12:55:04.150,170.8000,106
46504150702773,12:55:04.150,170.8000,194
46504355428529,12:55:04.355,170.8000,15
46521879682581,12:55:21.879,170.7600,100
46521879708895,12:55:21.879,170.7600,100
46535020308198,12:55:35.020,170.7400,100
46545597613785,12:55:45.597,170.6000,69
46545597640136,12:55:45.597,170.6000,62
46545597651377,12:55:45.597,170.6000,69
46560149950863,12:56:00.149,170.6400,200
46560149997423,12:56:00.149,170.6400,100
46560150000321,12:56:00.150,170.6400,200
46569148788339,12:56:09.148,170.6900,182
46569148914868,12:56:09.148,170.6900,218
46609151641990,12:56:49.151,170.7300,100
46609151666685,12:56:49.151,170.7300,1
46609465490975,12:56:49.465,170.7300,99
46634772382317,12:57:14.772,170.7200,100
46634772453507,12:57:14.772,170.7200,100
46640702310422,12:57:20.702,170.6800,100
46665797851227,12:57:45.797,170.7300,100
46665797916830,12:57:45.797,170.7300,100
46687865766850,12:58:07.865,170.6900,200
46723146274415,12:58:43.146,170.6900,100
46723447022458,12:58:43.447,170.6900,100
46727150855962,12:58:47.150,170.7600,100
46755192689608,12:59:15.192,170.8100,100
46771148424798,12:59:31.148,170.8800,50
46864116340583,13:01:04.116,170.7500,100
46864116340583,13:01:04.116,170.7500,100
46963022548489,13:02:43.022,170.8500,1
46963022600742,13:02:43.022,170.8500,99
47016788214737,13:03:36.788,170.8200,100
47211487275949,13:06:51.487,170.7800,100
47305209624436,13:08:25.209,170.7400,100
47415627552551,13:10:15.627,170.7200,100
47444765486589,13:10:44.765,170.6500,300
47444779511999,13:10:44.779,170.6300,100
47444779762525,13:10:44.779,170.6300,200
47465130271468,13:11:05.130,170.6900,100
47500478911610,13:11:40.478,170.7200,100
47664315348589,13:14:24.315,170.6800,35
47664315377674,13:14:24.315,170.6800,44
47664315385992,13:14:24.315,170.6800,21
47766267419551,13:16:06.267,170.6600,100
47766674223581,13:16:06.674,170.6400,300
47766707611958,13:16:06.707,170.6500,100
47766707675946,13:16:06.707,170.6500,100
47779703114065,13:16:19.703,170.6800,100
47825451539935,13:17:05.451,170.6600,100
47949333532174,13:19:09.333,170.7000,100
48003070519564,13:20:03.070,170.7400,100
48045829352576,13:20:45.829,170.6100,300
48045831830489,13:20:45.831,170.6000,159
48045831877053,13:20:45.831,170.6000,141
48045847688426,13:20:45.847,170.5900,200
48059617030615,13:20:59.617,170.6400,100
48059617072644,13:20:59.617,170.6400,100
48069690157665,13:21:09.690,170.6600,100
48111691844791,13:21:51.691,170.6900,100
48190712740960,13:23:10.712,170.5800,200
48207627216406,13:23:27.627,170.6500,100
48279468519461,13:24:39.468,170.6500,100
48291845619974,13:24:51.845,170.6200,100
48291845708840,13:24:51.845,170.6200,18
48435886586811,13:27:15.886,170.6300,100
48459910856051,13:27:39.910,170.6900,14
48459968344486,13:27:39.968,170.6900,86
48488534316156,13:28:08.534,170.6300,25
48722025483232,13:32:02.025,170.7800,100
48860529978714,13:34:20.529,170.8800,44
48860530003502,13:34:20.530,170.8800,156
48861819370349,13:34:21.819,170.9000,15
48861819638124,13:34:21.819,170.9100,100
48872025041798,13:34:32.025,170.9100,100
48943741052662,13:35:43.741,170.9100,100
49005017297739,13:36:45.017,170.9500,100
49007180693638,13:36:47.180,170.9300,100
49053596395055,13:37:33.596,170.8600,100
49053596558731,13:37:33.596,170.8600,100
49053596567135,13:37:33.596,170.8600,75
49053596677141,13:37:33.596,170.8600,25
49164508658253,13:39:24.508,170.8600,100
49204357174087,13:40:04.357,170.9200,100
49204357174087,13:40:04.357,170.9200,200
49228087500434,13:40:28.087,170.9300,100
49242636139889,13:40:42.636,170.9600,14
49326991845863,13:42:06.991,170.9400,86
49351828794741,13:42:31.828,170.8700,100
49402160423845,13:43:22.160,170.9300,100
49414060961112,13:43:34.060,170.8700,300
49449568583284,13:44:09.568,170.9300,200
49453295328405,13:44:13.295,170.8900,100
49454717282508,13:44:14.717,170.9100,100
49464373905422,13:44:24.373,170.8500,100
49500264681635,13:45:00.264,170.8300,200
49544192040810,13:45:44.192,170.7600,100
49578551345116,13:46:18.551,170.7600,52
49680356844774,13:48:00.356,170.7800,20
49706836853729,13:48:26.836,170.7800,10
49873948146228,13:51:13.948,170.7700,100
50093461276571,13:54:53.461,170.9400,87
50093461319522,13:54:53.461,170.9400,13
50110382960906,13:55:10.382,170.9400,100
50110383005805,13:55:10.383,170.9400,100
50153897441215,13:55:53.897,170.9900,14
50160027841530,13:56:00.027,170.9400,71
50240156252640,13:57:20.156,171.1500,1
50240156279062,13:57:20.156,171.1500,2
50304780974959,13:58:24.780,171.0900,100
50330778576230,13:58:50.778,170.9900,54
50331666212387,13:58:51.666,170.9800,300
50331667430999,13:58:51.667,170.9700,100
50331667496259,13:58:51.667,170.9700,100
50335164240585,13:58:55.164,170.9400,100
50353040980548,13:59:13.040,170.9400,100
50390996368107,13:59:50.996,170.9300,100
50398315359384,13:59:58.315,170.9600,57
50398315375689,13:59:58.315,170.9600,43
50402685747723,14:00:02.685,171.0000,100
50402693136064,14:00:02.693,170.9000,100
50402718649855,14:00:02.718,170.9000,100
50402729324396,14:00:02.729,170.8800,100
50403200578540,14:00:03.200,170.9900,100
50403203915480,14:00:03.203,171.0000,4
50403209200637,14:00:03.209,171.0000,96
50408593528801,14:00:08.593,171.1700,82
50408593616867,14:00:08.593,171.1700,156
50408593617741,14:00:08.593,171.1700,40
50408594058940,14:00:08.594,171.1700,22
50408595378257,14:00:08.595,171.2200,10
50408992174015,14:00:08.992,171.2400,5
50408993167300,14:00:08.993,171.2500,3
50408993167300,14:00:08.993,171.2500,92
50408994843734,14:00:08.994,171.2500,8
50408994843734,14:00:08.994,171.2500,4
50408994905183,14:00:08.994,171.2500,100
50408994905183,14:00:08.994,171.2500,7
50408995094041,14:00:08.995,171.2500,57
50408995161832,14:00:08.995,171.2500,17
50408995320389,14:00:08.995,171.2500,100
50408995499018,14:00:08.995,171.2500,71
50408995822191,14:00:08.995,171.2500,24
50408996367201,14:00:08.996,171.2500,8
50408996444477,14:00:08.996,171.2500,4
50408997865027,14:00:08.997,171.2500,88
50408997865027,14:00:08.997,171.2500,40
50408998669211,14:00:08.998,171.2500,60
50408998669211,14:00:08.998,171.2500,28
50408999452524,14:00:08.999,171.2500,100
50409000379913,14:00:09.000,171.2500,60
50409001558615,14:00:09.001,171.2500,40
50409001558615,14:00:09.001,171.2500,60
50409002740166,14:00:09.002,171.2500,40
50409002740166,14:00:09.002,171.2500,60
50409002988500,14:00:09.002,171.2500,40
50409002988500,14:00:09.002,171.2500,100
50409003055999,14:00:09.003,171.2500,40
50409004004540,14:00:09.004,171.2500,100
50409004004540,14:00:09.004,171.2500,40
50409005735355,14:00:09.005,171.2500,40
50409011888557,14:00:09.011,171.2500,60
50409011888557,14:00:09.011,171.2500,40
50409012165245,14:00:09.012,171.2500,60
50409090163744,14:00:09.090,171.3000,10
50409090163744,14:00:09.090,171.3000,20
50409090163744,14:00:09.090,171.3100,5
50409093007218,14:00:09.093,171.3500,235
50409133899538,14:00:09.133,171.3700,1
50416169378570,14:00:16.169,171.4300,60
50416820566569,14:00:16.820,171.4300,40
50416823124209,14:00:16.823,171.4200,100
50416824833304,14:00:16.824,171.3700,100
50422898443605,14:00:22.898,171.4500,100
50422924045757,14:00:22.924,171.4300,71
50423324229097,14:00:23.324,171.3800,123
50423332135509,14:00:23.332,171.1800,100
50423878243411,14:00:23.878,171.2300,100
50471090248760,14:01:11.090,171.4000,100
50537829148808,14:02:17.829,171.2900,100
50537830245529,14:02:17.830,171.2900,100
50652682455246,14:04:12.682,172.0200,50
50691365543680,14:04:51.365,172.1000,5
50724652174244,14:05:24.652,172.1100,100
50730054309054,14:05:30.054,172.1000,10
50741538499829,14:05:41.538,172.1200,200
50741538532346,14:05:41.538,172.1200,100
50761446500138,14:06:01.446,172.0500,7
50761446914072,14:06:01.446,172.0500,93
50928067964368,14:08:48.067,171.8100,100
50928069080207,14:08:48.069,171.8100,100
50968238318898,14:09:28.238,171.8400,300
50991519286291,14:09:51.519,171.8700,7
50991527595565,14:09:51.527,171.8700,93
50991527595565,14:09:51.527,171.8700,82
50991680364788,14:09:51.680,171.8700,18
50991680364788,14:09:51.680,171.8700,100
50996638170123,14:09:56.638,171.8100,100
50996638276545,14:09:56.638,171.8100,100
51030971725576,14:10:30.971,171.7600,20
51037865317409,14:10:37.865,171.7900,100
51037865397009,14:10:37.865,171.7900,75
51037865784597,14:10:37.865,171.7900,25
51037865784597,14:10:37.865,171.7900,36
51037865796960,14:10:37.865,171.7900,64
51037866328424,14:10:37.866,171.8000,100
51057655109510,14:10:57.655,171.8300,100
51287772155983,14:14:47.772,172.3400,20
51300149178840,14:15:00.149,172.3200,100
51300149740907,14:15:00.149,172.3200,100
51300159686207,14:15:00.159,172.3000,100
51300260991514,14:15:00.260,172.1700,100
51305621515100,14:15:05.621,172.2600,15
51400193861394,14:16:40.193,172.2600,24
51400194031880,14:16:40.194,172.2600,26
51400195519156,14:16:40.195,172.2600,100
51400197652960,14:16:40.197,172.2600,41
51400199202385,14:16:40.199,172.2700,100
51400210946753,14:16:40.210,172.3000,82
51400211198926,14:16:40.211,172.3000,36
51400211340077,14:16:40.211,172.3000,46
51400212059677,14:16:40.212,172.3000,36
51405442913972,14:16:45.442,172.2700,100
51415276691716,14:16:55.276,172.2700,18
51415276715961,14:16:55.276,172.2700,82
51419632759685,14:16:59.632,172.2500,1
51431694326893,14:17:11.694,172.3500,20
51431694326893,14:17:11.694,172.3500,40
51434220435846,14:17:14.220,172.3000,100
51434220445212,14:17:14.220,172.3000,100
51434220515358,14:17:14.220,172.3000,50
51448281021075,14:17:28.281,172.2700,87
51448281064887,14:17:28.281,172.2700,13
51453930432470,14:17:33.930,172.2700,86
51474361724961,14:17:54.361,172.2400,300
51474364939704,14:17:54.364,172.2400,100
51549402722299,14:19:09.402,172.4600,100
51550368831439,14:19:10.368,172.4800,150
51571090309140,14:19:31.090,172.5400,51
51582018289694,14:19:42.018,172.5600,50
51585173949577,14:19:45.173,172.5500,177
51585174035248,14:19:45.174,172.5500,23
51587094304500,14:19:47.094,172.5700,50
51635675162287,14:20:35.675,172.3900,300
51653989800581,14:20:53.989,172.5100,2
51653989934630,14:20:53.989,172.5100,84
51653992373815,14:20:53.992,172.5100,114
51654273538142,14:20:54.273,172.5800,300
51659184639052,14:20:59.184,172.5700,100
51699062905120,14:21:39.062,172.6800,100
51699926596310,14:21:39.926,172.7100,150
51702120431399,14:21:42.120,172.7200,200
51733454518606,14:22:13.454,172.7700,100
51733457002793,14:22:13.457,172.7700,100
51733457002793,14:22:13.457,172.7800,100
51739679556409,14:22:19.679,172.7900,100
51740988590783,14:22:20.988,172.7700,200
51740989503189,14:22:20.989,172.7600,200
51743679227719,14:22:23.679,172.7900,100
51747449264697,14:22:27.449,172.8600,99
51747449289713,14:22:27.449,172.8600,1
51747494019687,14:22:27.494,172.8800,51
51751459377834,14:22:31.459,172.8500,300
51751459377834,14:22:31.459,172.8500,400
51753987634502,14:22:33.987,172.8200,10
51759082885121,14:22:39.082,172.8500,84
51759083145096,14:22:39.083,172.8500,16
51759117879685,14:22:39.117,172.8900,1
51790941622264,14:23:10.941,172.7300,96
51790941646630,14:23:10.941,172.7300,4
51792461374847,14:23:12.461,172.7800,100
51792461516840,14:23:12.461,172.7500,10
51792462328761,14:23:12.462,172.7700,100
51792464015758,14:23:12.464,172.7800,100
51792464015758,14:23:12.464,172.7800,75
51792466483705,14:23:12.466,172.7800,200
51792466483705,14:23:12.466,172.7800,300
51792466483705,14:23:12.466,172.7900,200
51803797723788,14:23:23.797,172.8200,100
51803797987150,14:23:23.797,172.8200,99
51822217244379,14:23:42.217,172.8100,100
51822217245678,14:23:42.217,172.8100,536
51822217249483,14:23:42.217,172.8100,100
51822217255644,14:23:42.217,172.8100,64
51822253827033,14:23:42.253,172.7900,100
51827670002651,14:23:47.670,172.8600,150
51852466835246,14:24:12.466,172.8600,500
51852466918144,14:24:12.466,172.8600,500
51852466952947,14:24:12.466,172.8600,500
51852467199743,14:24:12.467,172.8500,39
51852467274990,14:24:12.467,172.8500,150
51852467686844,14:24:12.467,172.8500,118
51852467712985,14:24:12.467,172.8500,193
51852474295837,14:24:12.474,172.8500,20
51853445688427,14:24:13.445,172.8000,100
51895413356361,14:24:55.413,172.6800,100
51898462112917,14:24:58.462,172.6300,100
51931872607717,14:25:31.872,172.6900,100
51959663927320,14:25:59.663,172.7100,100
51975764737473,14:26:15.764,172.6500,100
52000074308924,14:26:40.074,172.6400,100
52058566134542,14:27:38.566,172.4600,11
52058566160443,14:27:38.566,172.4600,4
52079716173424,14:27:59.716,172.3500,100
52080017842215,14:28:00.017,172.3500,100
52080017944784,14:28:00.017,172.3500,100
52080335964463,14:28:00.335,172.3900,300
52080335964463,14:28:00.335,172.4000,300
52094366574138,14:28:14.366,172.3400,42
52094366600399,14:28:14.366,172.3400,158
52094366621626,14:28:14.366,172.3400,100
52109487872155,14:28:29.487,172.3400,9
52109490939714,14:28:29.490,172.3700,141
52109490950203,14:28:29.490,172.3700,459
52109490950203,14:28:29.490,172.3700,141
52109490951854,14:28:29.490,172.3700,100
52109490959517,14:28:29.490,172.3700,100
52109490960128,14:28:29.490,172.3700,200
52109490969909,14:28:29.490,172.3700,300
52109491167301,14:28:29.491,172.3700,459
52109495017124,14:28:29.495,172.3700,100
52109495017124,14:28:29.495,172.3700,100
52109495017124,14:28:29.495,172.3800,300
52109495017124,14:28:29.495,172.3800,400
52109495017124,14:28:29.495,172.3800,10
52109495109509,14:28:29.495,172.3700,10
52109495109509,14:28:29.495,172.3700,10
52109496207154,14:28:29.496,172.3700,100
52110798659672,14:28:30.798,172.3700,30
52131087896593,14:28:51.087,172.3500,100
52131087949538,14:28:51.087,172.3500,200
52156264148897,14:29:16.264,172.3300,300
52167203135996,14:29:27.203,172.3400,300
52167203135996,14:29:27.203,172.3500,300
52167203135996,14:29:27.203,172.3500,500
52167203135996,14:29:27.203,172.3500,300
52167219042509,14:29:27.219,172.3900,20
52167277206354,14:29:27.277,172.3900,80
52167278164355,14:29:27.278,172.3900,100
52167278472127,14:29:27.278,172.3900,100
52168326095548,14:29:28.326,172.3900,2
52168326095548,14:29:28.326,172.3900,2
52180732293605,14:29:40.732,172.3900,200
52180732293605,14:29:40.732,172.4000,300
52180732293605,14:29:40.732,172.4000,200
52180732293605,14:29:40.732,172.4000,200
52198557601600,14:29:58.557,172.3900,100
52214008379836,14:30:14.008,172.3600,200
52214008432423,14:30:14.008,172.3600,100
52214008438281,14:30:14.008,172.3600,200
52275166933976,14:31:15.166,172.5300,200
52275168838469,14:31:15.168,172.5400,200
52275168888035,14:31:15.168,172.5400,100
52275168895559,14:31:15.168,172.5400,200
52309429900131,14:31:49.429,172.5300,10
52343845716935,14:32:23.845,172.5800,100
52429343361056,14:33:49.343,172.5900,100
52433893258523,14:33:53.893,172.6600,100
52489261494087,14:34:49.261,172.7800,37
52516227096401,14:35:16.227,172.8700,150
52565542270745,14:36:05.542,172.6000,300
52649165546453,14:37:29.165,172.8400,65
52649165598694,14:37:29.165,172.8400,35
52649165631669,14:37:29.165,172.8400,35
52649165644003,14:37:29.165,172.8400,65
52662979296876,14:37:42.979,172.8200,100
52666562140142,14:37:46.562,172.8300,100
52667609475456,14:37:47.609,172.8400,100
52667609502848,14:37:47.609,172.8400,100
52702293636012,14:38:22.293,172.9100,300
52720022945462,14:38:40.022,172.7700,24
52720022969787,14:38:40.022,172.7700,176
52720023569568,14:38:40.023,172.7800,100
52728223698556,14:38:48.223,172.9200,300
52796126061870,14:39:56.126,172.7000,100
52807713145760,14:40:07.713,172.7000,100
52913271843227,14:41:53.271,172.7700,200
52913271990648,14:41:53.271,172.7500,10
52913272378776,14:41:53.272,172.7700,10
52913272378776,14:41:53.272,172.7800,100
52913272640996,14:41:53.272,172.7500,10
52931524790666,14:42:11.524,172.7800,10
52933615757465,14:42:13.615,172.7900,100
52973440054217,14:42:53.440,172.8300,100
52976629740325,14:42:56.629,172.8400,100
52977095116886,14:42:57.095,172.8500,290
53110838814890,14:45:10.838,172.6900,100
53110838822674,14:45:10.838,172.6900,100
53156387540229,14:45:56.387,172.7500,14
53208163910340,14:46:48.163,172.8900,100
53208163914670,14:46:48.163,172.8900,100
53240393034324,14:47:20.393,173.0800,100
53244433490740,14:47:24.433,173.0300,100
53248718089709,14:47:28.718,172.9800,65
53248718114034,14:47:28.718,172.9800,35
53250147169647,14:47:30.147,173.0200,100
53254049399324,14:47:34.049,172.9900,200
53364481059703,14:49:24.481,173.0000,200
53367209658985,14:49:27.209,173.0300,50
53371473889163,14:49:31.473,173.0000,100
53389104768642,14:49:49.104,173.0500,100
53389104869400,14:49:49.104,173.0500,100
53476759707173,14:51:16.759,172.9300,23
53476760291875,14:51:16.760,172.9300,18
53476760822474,14:51:16.760,172.9300,59
53550116865254,14:52:30.116,173.1000,64
53550116890637,14:52:30.116,173.1000,36
53550116890637,14:52:30.116,173.1000,100
53572624300832,14:52:52.624,173.1700,25
53576228014533,14:52:56.228,173.1700,15
53618253133613,14:53:38.253,173.1700,100
53618253159189,14:53:38.253,173.1700,100
53618253200753,14:53:38.253,173.1700,100
53625659149002,14:53:45.659,173.2800,300
53644474244990,14:54:04.474,173.2200,20
53685374717001,14:54:45.374,173.1600,100
53694376410567,14:54:54.376,173.1800,300
53694376410567,14:54:54.376,173.1800,500
53694381470451,14:54:54.381,173.2100,100
53775479200085,14:56:15.479,173.2000,100
53780650774473,14:56:20.650,173.1900,300
53780650774473,14:56:20.650,173.2100,300
53780650774473,14:56:20.650,173.2100,100
53804582290724,14:56:44.582,173.3200,100
53804585274877,14:56:44.585,173.3200,100
53804585852494,14:56:44.585,173.3300,92
53804586234084,14:56:44.586,173.3300,8
53811174675635,14:56:51.174,173.3400,100
53839201733530,14:57:19.201,173.2400,100
53839209850872,14:57:19.209,173.2400,100
53855223066517,14:57:35.223,173.2100,200
53886048320992,14:58:06.048,173.2400,100
53932026263410,14:58:52.026,173.3000,20
53988047949397,14:59:48.047,173.3200,10
53988658617445,14:59:48.658,173.3200,200
53988658664178,14:59:48.658,173.3200,138
53988658678658,14:59:48.658,173.3200,162
53988658690940,14:59:48.658,173.3200,162
53988658790249,14:59:48.658,173.3200,31
53988658819573,14:59:48.658,173.3200,38
53988658855637,14:59:48.658,173.3200,100
53988658949555,14:59:48.658,173.3200,22
53988660741109,14:59:48.660,173.3200,100
53988779041178,14:59:48.779,173.3200,100
53988779080365,14:59:48.779,173.3200,9
53988940347523,14:59:48.940,173.3200,100
53988940353293,14:59:48.940,173.3200,22
53988940616937,14:59:48.940,173.3200,33
53988940619691,14:59:48.940,173.3200,100
53988940657471,14:59:48.940,173.3200,22
53988940813889,14:59:48.940,173.3200,22
53988940896734,14:59:48.940,173.3200,22
53988941003364,14:59:48.941,173.3200,22
53988941632669,14:59:48.941,173.3200,22
53988941689709,14:59:48.941,173.3200,22
53988942122386,14:59:48.942,173.3200,18
53988942187000,14:59:48.942,173.3200,18
53988942263095,14:59:48.942,173.3200,100
53988942283368,14:59:48.942,173.3200,18
53988942348780,14:59:48.942,173.3200,18
53988942424904,14:59:48.942,173.3200,18
53988943636362,14:59:48.943,173.3200,45
53988943636362,14:59:48.943,173.3200,255
53988943651549,14:59:48.943,173.3200,100
53988943701033,14:59:48.943,173.3200,145
53988943701033,14:59:48.943,173.3200,5
53988943745756,14:59:48.943,173.3200,95
53988943830312,14:59:48.943,173.3200,95
53988943919431,14:59:48.943,173.3200,82
53988943951264,14:59:48.943,173.3200,13
53988944078507,14:59:48.944,173.3200,95
53988944132619,14:59:48.944,173.3200,46
53988946191656,14:59:48.946,173.3200,100
53989047831799,14:59:49.047,173.3200,69
53989047831799,14:59:49.047,173.3200,16
53999656640515,14:59:59.656,173.3300,100
53999656664399,14:59:59.656,173.3300,342
53999656709738,14:59:59.656,173.3300,58
53999656709738,14:59:59.656,173.3300,42
53999656762729,14:59:59.656,173.3300,100
53999656814237,14:59:59.656,173.3300,100
53999656870539,14:59:59.656,173.3300,100
53999656913082,14:59:59.656,173.3300,100
53999656938365,14:59:59.656,173.3300,58
53999657282999,14:59:59.657,173.3300,42
53999657338082,14:59:59.657,173.3300,42
53999657361465,14:59:59.657,173.3300,58
53999657400681,14:59:59.657,173.3300,42
53999657428920,14:59:59.657,173.3300,58
53999657456006,14:59:59.657,173.3300,58
53999657481052,14:59:59.657,173.3300,31
53999699255150,14:59:59.699,173.3300,169
53999962624766,14:59:59.962,173.3300,28
53999963868532,14:59:59.963,173.3300,127
54000001918238,15:00:00.001,173.3400,200
54000001982204,15:00:00.001,173.3400,100
54000550563786,15:00:00.550,173.3300,100
54000550624517,15:00:00.550,173.3300,245
54000551157464,15:00:00.551,173.3300,100
54000554491314,15:00:00.554,173.3300,190
54000554697618,15:00:00.554,173.3300,172
54000554736448,15:00:00.554,173.3300,38
54000554996025,15:00:00.554,173.3300,49
54000555385706,15:00:00.555,173.3300,90
54000556724581,15:00:00.556,173.3300,300
54000556822523,15:00:00.556,173.3300,61
54000557212727,15:00:00.557,173.3300,500
54000567960971,15:00:00.567,173.3300,126
54001966947583,15:00:01.966,173.3300,209
54001967213712,15:00:01.967,173.3300,94
54002281264730,15:00:02.281,173.3300,16
54002284989002,15:00:02.284,173.3300,33
54002285025847,15:00:02.285,173.3300,67
54002285025847,15:00:02.285,173.3300,20
54037023943421,15:00:37.023,173.3000,100
54037024057729,15:00:37.024,173.3000,100
54080146732827,15:01:20.146,173.3200,9
54080147468811,15:01:20.147,173.3200,40
54084608343786,15:01:24.608,173.3400,100
54084724571615,15:01:24.724,173.3400,60
54084724598260,15:01:24.724,173.3400,40
54117616284441,15:01:57.616,173.2900,100
54118308146160,15:01:58.308,173.2800,100
54145478259542,15:02:25.478,173.3300,100
54162649829294,15:02:42.649,173.3500,141
54200804883417,15:03:20.804,173.2400,28
54200805373969,15:03:20.805,173.2400,72
54261574009561,15:04:21.574,173.1700,100
54261574337783,15:04:21.574,173.1700,8
54279576029899,15:04:39.576,173.1400,300
54279576092328,15:04:39.576,173.1400,200
54283285061264,15:04:43.285,173.1400,200
54283285072047,15:04:43.285,173.1400,260
54283285073267,15:04:43.285,173.1400,40
54289221259545,15:04:49.221,173.1400,10
54302370921038,15:05:02.370,173.1800,100
54302371254034,15:05:02.371,173.1800,100
54306452995232,15:05:06.452,173.1300,100
54306453012894,15:05:06.453,173.1300,40
54306453853387,15:05:06.453,173.1300,100
54306453855348,15:05:06.453,173.1300,60
54326319489515,15:05:26.319,173.1000,100
54326319521298,15:05:26.319,173.1000,100
54326319523576,15:05:26.319,173.1000,40
54361312301194,15:06:01.312,172.9900,100
54383246249899,15:06:23.246,173.0100,100
54399551630349,15:06:39.551,173.0700,100
54419972368204,15:06:59.972,173.0500,100
54468975638122,15:07:48.975,173.0000,100
54478442991310,15:07:58.442,173.0200,200
54486430173827,15:08:06.430,173.0800,500
54545651855838,15:09:05.651,172.9800,44
54569875349963,15:09:29.875,172.9400,10
54599015498856,15:09:59.015,172.8400,100
54686491714574,15:11:26.491,172.5500,100
54686498808476,15:11:26.498,172.5500,100
54714945056344,15:11:54.945,172.6500,117
54725213660073,15:12:05.213,172.6400,73
54739581802003,15:12:19.581,172.6800,300
54739581802003,15:12:19.581,172.6800,500
54805910486963,15:13:25.910,172.8700,1
54805910513008,15:13:25.910,172.8700,199
54811008943354,15:13:31.008,172.8100,100
54828820247067,15:13:48.820,172.7900,100
54828820292264,15:13:48.820,172.7900,100
54866550593062,15:14:26.550,172.8100,100
54909167182433,15:15:09.167,172.8500,100
54916792664553,15:15:16.792,172.8500,100
54943375841037,15:15:43.375,172.9500,300
54943375841037,15:15:43.375,172.9500,200
54943375866212,15:15:43.375,172.9500,300
54973379596477,15:16:13.379,173.0300,1
54973379596477,15:16:13.379,173.0300,99
54973381753578,15:16:13.381,173.0400,100
54979602824450,15:16:19.602,173.0100,100
54999115962519,15:16:39.115,172.9200,100
55015894386460,15:16:55.894,172.9600,100
55015894431676,15:16:55.894,172.9600,100
55015894438199,15:16:55.894,172.9600,100
55033495374227,15:17:13.495,172.9400,100
55033932200093,15:17:13.932,172.9000,100
55053291842582,15:17:33.291,172.8600,100
55058990744077,15:17:38.990,172.7900,100
55072820891732,15:17:52.820,172.8200,100
55111501892224,15:18:31.501,172.9000,74
55111501895047,15:18:31.501,172.9000,26
55119323835733,15:18:39.323,172.8600,100
55185229146356,15:19:45.229,172.9100,100
55185229171804,15:19:45.229,172.9100,100
55190893814868,15:19:50.893,172.8800,100
55218465775763,15:20:18.465,173.0300,100
55237532508150,15:20:37.532,173.1000,29
55253751221386,15:20:53.751,173.1200,100
55253751246367,15:20:53.751,173.1200,100
55265617888365,15:21:05.617,173.0900,100
55272280788039,15:21:12.280,173.0700,100
55279416619385,15:21:19.416,173.0600,100
55295612016668,15:21:35.612,173.0100,38
55295612931696,15:21:35.612,173.0100,62
55296668955758,15:21:36.668,172.9900,100
55296668966084,15:21:36.668,172.9900,100
55300303217115,15:21:40.303,172.9700,100
55302898224815,15:21:42.898,172.9500,100
55310709187090,15:21:50.709,172.9900,100
55351682382209,15:22:31.682,172.8800,58
55351682408848,15:22:31.682,172.8800,242
55397915165685,15:23:17.915,172.8500,100
55397915203662,15:23:17.915,172.8500,50
55413036030864,15:23:33.036,172.8300,21
55413061306327,15:23:33.061,172.8300,10
55413082464345,15:23:33.082,172.8300,90
55436519545984,15:23:56.519,172.8000,72
55443020107732,15:24:03.020,172.8500,300
55453847979307,15:24:13.847,172.8800,53
55453848024956,15:24:13.848,172.8800,47
55458238386355,15:24:18.238,172.9400,91
55458238546957,15:24:18.238,172.9400,150
55458247465638,15:24:18.247,172.9300,100
55561046781806,15:26:01.046,172.9500,15
55561046811069,15:26:01.046,172.9500,3
55561048261451,15:26:01.048,172.9500,37
55561048317529,15:26:01.048,172.9500,45
55563271608041,15:26:03.271,172.9700,18
55563272383594,15:26:03.272,172.9700,82
55644344218283,15:27:24.344,172.9300,100
55644344268535,15:27:24.344,172.9300,200
55644370499955,15:27:24.370,172.9200,100
55644371685571,15:27:24.371,172.9200,100
55644376977450,15:27:24.376,172.9200,100
55644422068885,15:27:24.422,172.9100,100
55657230865025,15:27:37.230,172.9300,171
55657230915164,15:27:37.230,172.9300,29
55664788718307,15:27:44.788,172.9100,100
55673109848453,15:27:53.109,172.9400,100
55673113917031,15:27:53.113,172.9400,100
55673113917031,15:27:53.113,172.9500,200
55673118707328,15:27:53.118,172.9500,57
55673120265948,15:27:53.120,172.9500,43
55673128776278,15:27:53.128,172.9600,300
55673176409902,15:27:53.176,172.9600,100
55673509701522,15:27:53.509,172.9500,100
55677704693656,15:27:57.704,173.0000,178
55677704741232,15:27:57.704,173.0000,172
55677705282841,15:27:57.705,173.0000,178
55677705282841,15:27:57.705,173.0000,100
55677705282841,15:27:57.705,173.0000,79
55691645539569,15:28:11.645,173.0400,148
55716407199886,15:28:36.407,173.0600,100
55741927683846,15:29:01.927,173.0900,91
55741927717242,15:29:01.927,173.0900,9
55741927717242,15:29:01.927,173.0900,100
55757467714309,15:29:17.467,173.0600,20
55757467748881,15:29:17.467,173.0600,36
55789135837244,15:29:49.135,172.9500,125
55796552461168,15:29:56.552,172.9300,100
55796552498219,15:29:56.552,172.9300,100
55796552623173,15:29:56.552,172.9300,100
55808290389660,15:30:08.290,172.8000,100
55808290414946,15:30:08.290,172.8000,200
55821737680645,15:30:21.737,172.6900,100
55821874627155,15:30:21.874,172.6900,100
55828540774735,15:30:28.540,172.7300,100
55828544398038,15:30:28.544,172.7400,15
55828544436703,15:30:28.544,172.7400,85
55828544436703,15:30:28.544,172.7400,233
55828544607978,15:30:28.544,172.7400,38
55832822103936,15:30:32.822,172.7700,100
55832822331844,15:30:32.822,172.7700,100
55872399537696,15:31:12.399,172.9100,100
55910105071523,15:31:50.105,172.9000,5
55910105096193,15:31:50.105,172.9000,95
55942332099820,15:32:22.332,172.8100,300
55954121512813,15:32:34.121,172.7600,100
55962726339820,15:32:42.726,172.8100,100
55963059626397,15:32:43.059,172.8100,100
55974922117504,15:32:54.922,172.7900,100
55983640148151,15:33:03.640,172.7600,100
56007861311962,15:33:27.861,172.7800,100
56011662753139,15:33:31.662,172.8000,53
56011662778405,15:33:31.662,172.8000,126
56085183108295,15:34:45.183,172.7300,100
56092308783216,15:34:52.308,172.6700,400
56094505524047,15:34:54.505,172.7000,100
56098647246116,15:34:58.647,172.7000,100
56098647246116,15:34:58.647,172.7000,100
56098647246116,15:34:58.647,172.7000,100
56099574948064,15:34:59.574,172.7200,100
56099574972782,15:34:59.574,172.7200,100
56099578461154,15:34:59.578,172.7300,100
56102074298173,15:35:02.074,172.7600,100
56102074392511,15:35:02.074,172.7600,82
56102074531343,15:35:02.074,172.7600,6
56102103129933,15:35:02.103,172.7600,12
56141983240662,15:35:41.983,172.8800,100
56182152081530,15:36:22.152,172.8000,100
56211471633620,15:36:51.471,172.8200,200
56220006550952,15:37:00.006,172.8200,30
56286768392327,15:38:06.768,172.7800,100
56297490390618,15:38:17.490,172.7700,100
56297857266865,15:38:17.857,172.7600,100
56297857266865,15:38:17.857,172.7600,100
56309818429950,15:38:29.818,172.7500,36
56309818455191,15:38:29.818,172.7500,64
56323480987889,15:38:43.480,172.7900,100
56323481292821,15:38:43.481,172.7900,88
56323481624596,15:38:43.481,172.7900,100
56323481739107,15:38:43.481,172.7900,112
56323481739107,15:38:43.481,172.7900,88
56323481876530,15:38:43.481,172.7900,12
56323486074254,15:38:43.486,172.8000,100
56323506340983,15:38:43.506,172.8000,22
56324069526277,15:38:44.069,172.8100,77
56324069570257,15:38:44.069,172.8100,1
56327082259038,15:38:47.082,172.7900,100
56327723502083,15:38:47.723,172.7700,22
56327723688270,15:38:47.723,172.7700,78
56335109337700,15:38:55.109,172.7900,100
56353464677374,15:39:13.464,172.7600,112
56353464706227,15:39:13.464,172.7600,88
56373524729552,15:39:33.524,172.7600,100
56374181897226,15:39:34.181,172.7800,100
56386535884019,15:39:46.535,172.7500,100
56386537192618,15:39:46.537,172.7500,46
56386537216838,15:39:46.537,172.7500,54
56386537216838,15:39:46.537,172.7500,100
56392607947103,15:39:52.607,172.7500,100
56392610043326,15:39:52.610,172.7600,100
56392610043326,15:39:52.610,172.7600,100
56411964932590,15:40:11.964,172.7500,100
56411964945886,15:40:11.964,172.7500,100
56415063192620,15:40:15.063,172.7600,100
56415063294241,15:40:15.063,172.7600,100
56426610043112,15:40:26.610,172.7400,100
56427713351452,15:40:27.713,172.7200,100
56431711644611,15:40:31.711,172.7100,100
56434220693700,15:40:34.220,172.7200,100
56434220704158,15:40:34.220,172.7200,98
56434220722995,15:40:34.220,172.7200,2
56454065967081,15:40:54.065,172.7300,71
56454065967671,15:40:54.065,172.7300,29
56455376580321,15:40:55.376,172.7100,58
56455376622346,15:40:55.376,172.7100,42
56460356522101,15:41:00.356,172.7200,100
56460356523414,15:41:00.356,172.7200,100
56469357128830,15:41:09.357,172.6500,100
56469358363658,15:41:09.358,172.6500,100
56469439972404,15:41:09.439,172.6500,74
56469467587770,15:41:09.467,172.6500,26
56486734847815,15:41:26.734,172.5300,15
56507359207279,15:41:47.359,172.4600,100
56507359325204,15:41:47.359,172.4600,100
56507359470732,15:41:47.359,172.4600,100
56507359486073,15:41:47.359,172.4600,200
56507359703618,15:41:47.359,172.4600,200
56507359823848,15:41:47.359,172.4600,100
56517442053457,15:41:57.442,172.4600,100
56518302183608,15:41:58.302,172.4700,100
56518321547111,15:41:58.321,172.4800,200
56518321623216,15:41:58.321,172.4800,100
56518321699945,15:41:58.321,172.4800,53
56518321759631,15:41:58.321,172.4800,100
56518321774327,15:41:58.321,172.4800,47
56518323616853,15:41:58.323,172.4900,200
56518503698402,15:41:58.503,172.4900,100
56518590542450,15:41:58.590,172.4800,71
56518591250623,15:41:58.591,172.4800,29
56518936695796,15:41:58.936,172.4900,100
56523410395574,15:42:03.410,172.4900,100
56524309648098,15:42:04.309,172.5000,1
56541932397202,15:42:21.932,172.5500,100
56561501643960,15:42:41.501,172.6000,100
56581333342836,15:43:01.333,172.6500,100
56582696360751,15:43:02.696,172.6200,157
56583890143208,15:43:03.890,172.6600,100
56602534356717,15:43:22.534,172.5900,100
56606543868522,15:43:26.543,172.6300,100
56615714373053,15:43:35.714,172.5900,54
56615714506322,15:43:35.714,172.5900,46
56625158889503,15:43:45.158,172.6400,100
56625158889503,15:43:45.158,172.6400,376
56652218816135,15:44:12.218,172.6100,100
56659812334796,15:44:19.812,172.6200,100
56701634456771,15:45:01.634,172.5800,100
56702215372603,15:45:02.215,172.6200,71
56702215654630,15:45:02.215,172.6200,29
56702217858582,15:45:02.217,172.6300,29
56702217901550,15:45:02.217,172.6300,171
56715275486674,15:45:15.275,172.5400,100
56723445088526,15:45:23.445,172.5800,200
56723445115144,15:45:23.445,172.5800,100
56723445161066,15:45:23.445,172.5800,100
56723445397871,15:45:23.445,172.5800,600
56731101719577,15:45:31.101,172.6200,100
56755776590090,15:45:55.776,172.6800,100
56769915133178,15:46:09.915,172.6700,100
56792875201534,15:46:32.875,172.6900,200
56797567050939,15:46:37.567,172.7000,614
56797567062979,15:46:37.567,172.7000,94
56797567110149,15:46:37.567,172.7000,57
56797567119539,15:46:37.567,172.7000,235
56845439916569,15:47:25.439,172.6600,100
56857981490459,15:47:37.981,172.6400,100
56857981570212,15:47:37.981,172.6400,161
56857981599397,15:47:37.981,172.6400,139
56869549396227,15:47:49.549,172.6600,47
56876059439629,15:47:56.059,172.6800,3
56877255140409,15:47:57.255,172.6900,129
56877255486959,15:47:57.255,172.6900,71
56900956804318,15:48:20.956,172.6600,50
56910259801802,15:48:30.259,172.6500,100
56910376057074,15:48:30.376,172.6300,153
56910376189984,15:48:30.376,172.6300,247
56939123913558,15:48:59.123,172.6900,9
56939124064913,15:48:59.124,172.6900,91
56939124064913,15:48:59.124,172.6900,200
56949112627331,15:49:09.112,172.6300,32
56949112651677,15:49:09.112,172.6300,68
56999967515092,15:49:59.967,172.6300,100
57013322670798,15:50:13.322,172.5400,53
57068301384591,15:51:08.301,172.5600,29
57068301574676,15:51:08.301,172.5600,71
57068301574676,15:51:08.301,172.5600,86
57068301720356,15:51:08.301,172.5600,114
57076011573854,15:51:16.011,172.5600,8
57076011587942,15:51:16.011,172.5600,70
57096325997023,15:51:36.325,172.5900,100
57096325997023,15:51:36.325,172.5900,77
57096326036837,15:51:36.326,172.5900,123
57096326036837,15:51:36.326,172.5900,56
57096326067665,15:51:36.326,172.5900,144
57096343312043,15:51:36.343,172.6000,106
57096351024998,15:51:36.351,172.6000,79
57096360296260,15:51:36.360,172.6000,15
57096360296260,15:51:36.360,172.6000,85
57096360310333,15:51:36.360,172.6000,15
57105039130699,15:51:45.039,172.6000,100
57135153328572,15:52:15.153,172.5500,100
57143658295038,15:52:23.658,172.5500,100
57152607152300,15:52:32.607,172.5100,135
57152607157014,15:52:32.607,172.5100,179
57192062861505,15:53:12.062,172.5100,100
57203252549366,15:53:23.252,172.5000,100
57215259183847,15:53:35.259,172.4800,100
57247447179974,15:54:07.447,172.4900,100
57247447179974,15:54:07.447,172.4900,77
57247447180924,15:54:07.447,172.4900,23
57247448903113,15:54:07.448,172.4900,100
57247448903113,15:54:07.448,172.4900,100
57247512320202,15:54:07.512,172.5000,40
57247512678736,15:54:07.512,172.5000,160
57247512678736,15:54:07.512,172.5000,200
57247567682201,15:54:07.567,172.5000,100
57248423676492,15:54:08.423,172.4900,30
57251626424057,15:54:11.626,172.4700,100
57269086308790,15:54:29.086,172.4600,100
57269088900326,15:54:29.088,172.4600,100
57269093221068,15:54:29.093,172.4600,100
57270711221447,15:54:30.711,172.4700,100
57270711430152,15:54:30.711,172.4700,100
57270714529206,15:54:30.714,172.4800,100
57284329136569,15:54:44.329,172.4200,100
57292670560119,15:54:52.670,172.3900,100
57300072732961,15:55:00.072,172.4900,49
57300081527095,15:55:00.081,172.5000,87
57300279566094,15:55:00.279,172.5700,100
57300941643319,15:55:00.941,172.5600,50
57310123425751,15:55:10.123,172.5200,70
57310155781304,15:55:10.155,172.5300,100
57310155781304,15:55:10.155,172.5300,100
57310157029148,15:55:10.157,172.5300,100
57310219267101,15:55:10.219,172.5400,68
57310221935602,15:55:10.221,172.5400,32
57314413248170,15:55:14.413,172.5800,30
57314550991657,15:55:14.550,172.5800,50
57318878315768,15:55:18.878,172.5300,1
57318878325214,15:55:18.878,172.5300,99
57318878325214,15:55:18.878,172.5300,1
57318878691552,15:55:18.878,172.5300,99
57343389693277,15:55:43.389,172.5700,100
57344001483844,15:55:44.001,172.5800,120
57405778741269,15:56:45.778,172.6600,108
57415850421459,15:56:55.850,172.6700,100
57420033857419,15:57:00.033,172.6400,233
57420034500597,15:57:00.034,172.6400,19
57420038545591,15:57:00.038,172.6400,13
57420038667386,15:57:00.038,172.6400,100
57447733901769,15:57:27.733,172.5700,100
57452368057257,15:57:32.368,172.5600,86
57452368539591,15:57:32.368,172.5600,14
57467932407153,15:57:47.932,172.5200,100
57483427062292,15:58:03.427,172.5000,120
57499414217078,15:58:19.414,172.5000,36
57499414231540,15:58:19.414,172.5000,64
57501554540924,15:58:21.554,172.4800,286
57501554567717,15:58:21.554,172.4800,19
57501554613459,15:58:21.554,172.4800,95
57507320532507,15:58:27.320,172.5000,3
57526117285454,15:58:46.117,172.5200,12
57529229258453,15:58:49.229,172.5100,100
57529229695795,15:58:49.229,172.5100,100
57529230056786,15:58:49.230,172.5100,100
57529232975809,15:58:49.232,172.5100,100
57532856197683,15:58:52.856,172.5200,100
57540119914513,15:59:00.119,172.5200,17
57540240131585,15:59:00.240,172.5200,74
57551724328557,15:59:11.724,172.5600,50
57560219181073,15:59:20.219,172.5400,100
57565090983062,15:59:25.090,172.5400,70
57565091009171,15:59:25.091,172.5400,30
57565124038569,15:59:25.124,172.5400,65
57565124139791,15:59:25.124,172.5400,30
57570974638463,15:59:30.974,172.5300,100
57571555040427,15:59:31.555,172.5200,100
57573887789591,15:59:33.887,172.5000,55
57573887789591,15:59:33.887,172.5000,101
57573890483415,15:59:33.890,172.5000,71
57573913199098,15:59:33.913,172.5000,16
57573981521326,15:59:33.981,172.5000,12
57573981521326,15:59:33.981,172.5000,8
57593068148552,15:59:53.068,172.6400,400
57600246050334,16:00:00.246,172.7700,2346
57836629356454,16:03:56.629,172.9900,100
58027992086638,16:07:07.992,172.8200,149
58027992227056,16:07:07.992,172.8200,100
58184144380587,16:09:44.144,173.0100,200
68452851752164,19:00:52.851,173.4800,100
68513190746392,19:01:53.190,173.4800,32
68515822625626,19:01:55.822,173.4800,32
68518362218069,19:01:58.362,173.4800,48
68532021390857,19:02:12.021,173.4800,286
68544545402557,19:02:24.545,173.4800,40
68550034627044,19:02:30.034,173.4800,32
68762674490884,19:06:02.674,173.4800,47
68973572330857,19:09:33.572,173.4800,16
68977315059656,19:09:37.315,173.4800,32
68991198785573,19:09:51.198,173.4800,70
69368908285383,19:16:08.908,173.3000,100
