timestamp,time,price,volume
34200422832022,09:30:00.422,0.0000,0
34342035191206,09:32:22.035,1.2700,100
34351738329024,09:32:31.738,1.2700,200
34351738353949,09:32:31.738,1.2700,1344
34361735623232,09:32:41.735,1.2700,100
34384302791527,09:33:04.302,1.2700,100
34384302872182,09:33:04.302,1.2700,556
34384302872182,09:33:04.302,1.2700,100
34425667685862,09:33:45.667,1.2800,1020
35748009263567,09:55:48.009,1.2800,400
35748010858750,09:55:48.010,1.2800,2000
35748010858750,09:55:48.010,1.2800,100
36448097633006,10:07:28.097,1.2850,9
36750166927919,10:12:30.166,1.2900,300
37829750132328,10:30:29.750,1.2850,100
37829751024313,10:30:29.751,1.2850,100
38234146854403,10:37:14.146,1.2850,200
38234146854403,10:37:14.146,1.2900,1000
38234146854403,10:37:14.146,1.2900,100
38234146854403,10:37:14.146,1.2900,300
38234146854403,10:37:14.146,1.2900,100
38234146854403,10:37:14.146,1.2900,400
38234146854403,10:37:14.146,1.2900,100
38234146854403,10:37:14.146,1.2900,600
38234147068714,10:37:14.147,1.2900,100
38234147258163,10:37:14.147,1.2900,100
38445330868621,10:40:45.330,1.2900,1200
38445330868621,10:40:45.330,1.2900,200
38445330868621,10:40:45.330,1.2900,400
38445330868621,10:40:45.330,1.2900,100
38445330868621,10:40:45.330,1.2900,100
38445330868621,10:40:45.330,1.2900,700
38445330868621,10:40:45.330,1.2900,100
38445330868621,10:40:45.330,1.2900,200
38445331104328,10:40:45.331,1.2900,100
38445332568559,10:40:45.332,1.2900,300
38445333632708,10:40:45.333,1.2900,200
38647385151305,10:44:07.385,1.2900,1200
38647385151305,10:44:07.385,1.2900,100
38665882133560,10:44:25.882,1.2950,100
38667188333571,10:44:27.188,1.2950,100
38820165574638,10:47:00.165,1.3000,100
38820165574638,10:47:00.165,1.3000,200
39078299567868,10:51:18.299,1.2950,100
39078299567868,10:51:18.299,1.2950,200
39078299567868,10:51:18.299,1.2900,1700
39078299567868,10:51:18.299,1.2900,300
39078299567868,10:51:18.299,1.2900,402
39167222826019,10:52:47.222,1.2900,798
39167222826019,10:52:47.222,1.2900,100
39167222826019,10:52:47.222,1.2900,1400
39167222826019,10:52:47.222,1.2900,1100
39167222826019,10:52:47.222,1.2900,2
39167222915137,10:52:47.222,1.2900,100
39167226710544,10:52:47.226,1.2900,100
39167260679063,10:52:47.260,1.2900,1100
39663876631945,11:01:03.876,1.2900,1100
39663876631945,11:01:03.876,1.2900,6
39663876631945,11:01:03.876,1.2900,100
39868489012201,11:04:28.489,1.2950,100
40343334996509,11:12:23.334,1.2950,100
42335579571792,11:45:35.579,1.2950,200
42390164544823,11:46:30.164,1.3000,100
42390164544823,11:46:30.164,1.3000,100
42390164544823,11:46:30.164,1.3000,100
42969314008455,11:56:09.314,1.2950,100
42975512511502,11:56:15.512,1.2950,100
43290229902032,12:01:30.229,1.2950,5
43947484595253,12:12:27.484,1.2950,200
43947484595253,12:12:27.484,1.3000,900
43947484595253,12:12:27.484,1.3000,300
43947484595253,12:12:27.484,1.3000,200
43947484595253,12:12:27.484,1.3000,100
43947484595253,12:12:27.484,1.3000,500
43947484595253,12:12:27.484,1.3000,100
43947484595253,12:12:27.484,1.3000,3
43947484595253,12:12:27.484,1.3100,2000
43947484595253,12:12:27.484,1.3100,100
43947484595253,12:12:27.484,1.3100,100
43947484595253,12:12:27.484,1.3100,800
43947484595253,12:12:27.484,1.3100,800
43947484595253,12:12:27.484,1.3100,3100
43947484595253,12:12:27.484,1.3100,600
43947484595253,12:12:27.484,1.3100,100
43947484595253,12:12:27.484,1.3200,100
43947484595253,12:12:27.484,1.3200,200
43947484595253,12:12:27.484,1.3200,900
43947484595253,12:12:27.484,1.3200,100
43947485860391,12:12:27.485,1.3100,1700
43947492157694,12:12:27.492,1.3000,1100
43947496097455,12:12:27.496,1.3000,300
43947498008463,12:12:27.498,1.3000,200
43947498035377,12:12:27.498,1.3000,100
43947502358192,12:12:27.502,1.3000,100
43947502887257,12:12:27.502,1.3000,100
43947509226642,12:12:27.509,1.3000,100
43947791050715,12:12:27.791,1.3050,100
43947791050715,12:12:27.791,1.3050,200
43947791050715,12:12:27.791,1.3050,350
43949937223896,12:12:29.937,1.3050,450
43991367374245,12:13:11.367,1.3100,100
44504382007368,12:21:44.382,1.3050,400
45245270354168,12:34:05.270,1.3050,100
45586371173472,12:39:46.371,1.3050,100
45699624011725,12:41:39.624,1.3050,100
45944397052479,12:45:44.397,1.3050,500
46026492912085,12:47:06.492,1.3050,100
46099360051990,12:48:19.360,1.3050,500
46409316031499,12:53:29.316,1.3050,100
46500065153946,12:55:00.065,1.3050,69
46517764522955,12:55:17.764,1.3050,100
47106283014388,13:05:06.283,1.3050,300
47115087000624,13:05:15.087,1.3050,100
47196201384315,13:06:36.201,1.3050,100
47293672266829,13:08:13.672,1.3050,100
47592100015160,13:13:12.100,1.3050,100
47592603015895,13:13:12.603,1.3050,700
47605109300693,13:13:25.109,1.3000,1000
47605109300693,13:13:25.109,1.3000,1000
47605109300693,13:13:25.109,1.3000,300
47605109300693,13:13:25.109,1.3000,100
47605109300693,13:13:25.109,1.3000,660
47605109300693,13:13:25.109,1.3000,1200
47605109300693,13:13:25.109,1.3000,500
47605109300693,13:13:25.109,1.3000,110
47605109300693,13:13:25.109,1.3000,300
47605109300693,13:13:25.109,1.3000,800
47605109577313,13:13:25.109,1.3000,100
47605123395435,13:13:25.123,1.2900,100
47605425625881,13:13:25.425,1.2900,700
47627919714073,13:13:47.919,1.2900,600
47627919714073,13:13:47.919,1.2900,500
47627919714073,13:13:47.919,1.2900,400
47627919714073,13:13:47.919,1.2900,500
47627919714073,13:13:47.919,1.2900,300
47627919714073,13:13:47.919,1.2900,300
47627919714073,13:13:47.919,1.2900,800
47627919875993,13:13:47.919,1.2900,100
47646431925042,13:14:06.431,1.2900,900
47658100467616,13:14:18.100,1.2900,1300
47658100467616,13:14:18.100,1.2900,200
47658100467616,13:14:18.100,1.2900,100
47658100467616,13:14:18.100,1.2900,200
47658100467616,13:14:18.100,1.2900,200
47673441311459,13:14:33.441,1.2950,100
47747119598947,13:15:47.119,1.2900,1700
47747119598947,13:15:47.119,1.2900,1300
47747119890166,13:15:47.119,1.2900,100
47937434884786,13:18:57.434,1.2800,9
47997550537415,13:19:57.550,1.2800,10
48057436990350,13:20:57.436,1.2800,10
48117552291697,13:21:57.552,1.2800,10
48138446826086,13:22:18.446,1.2800,200
48138447628133,13:22:18.447,1.2800,681
48217977870215,13:23:37.977,1.2700,100
49039698290334,13:37:19.698,1.2800,25
49039698290334,13:37:19.698,1.2800,100
49039698290334,13:37:19.698,1.2800,75
49039698865707,13:37:19.698,1.2800,25
49039698865707,13:37:19.698,1.2800,200
49039698957871,13:37:19.698,1.2800,200
50446272057952,14:00:46.272,1.2900,900
50446272057952,14:00:46.272,1.2900,100
50446272057952,14:00:46.272,1.2900,100
50446272057952,14:00:46.272,1.2900,100
50446272057952,14:00:46.272,1.2900,400
50446272057952,14:00:46.272,1.2900,100
50446272969250,14:00:46.272,1.2900,400
50446276135302,14:00:46.276,1.2900,1200
50457628486727,14:00:57.628,1.2900,100
50457628486727,14:00:57.628,1.2900,100
50457628486727,14:00:57.628,1.2900,400
50457628486727,14:00:57.628,1.2900,200
50457628486727,14:00:57.628,1.2900,100
50457630119477,14:00:57.630,1.2900,400
50459442782916,14:00:59.442,1.2900,400
50459442782916,14:00:59.442,1.2900,100
50459442782916,14:00:59.442,1.2900,100
50459444204335,14:00:59.444,1.2900,100
50460571985047,14:01:00.571,1.2900,400
50460592135554,14:01:00.592,1.2900,100
50713581288556,14:05:13.581,1.2900,400
50713581288556,14:05:13.581,1.2900,100
50713581288556,14:05:13.581,1.2900,200
50713581288556,14:05:13.581,1.2900,100
50713581288556,14:05:13.581,1.2900,3
50713582446555,14:05:13.582,1.2900,100
50713637087104,14:05:13.637,1.2900,400
50713638559540,14:05:13.638,1.2900,100
50713642021413,14:05:13.642,1.2900,400
50713643500407,14:05:13.643,1.2900,100
50713693285570,14:05:13.693,1.2900,400
50713694440252,14:05:13.694,1.2900,100
50713695919557,14:05:13.695,1.2900,100
50713749292295,14:05:13.749,1.2900,400
50713757523110,14:05:13.757,1.2900,100
50713805319842,14:05:13.805,1.2900,400
50713806666019,14:05:13.806,1.2900,100
50713808080812,14:05:13.808,1.2900,100
50714167124972,14:05:14.167,1.2900,400
50714167124972,14:05:14.167,1.2900,100
50714167124972,14:05:14.167,1.2900,1000
50714167124972,14:05:14.167,1.2900,300
50714168402497,14:05:14.168,1.2900,100
50714168711978,14:05:14.168,1.2900,400
50714168711978,14:05:14.168,1.2900,100
50714170152610,14:05:14.170,1.2900,100
50714171299413,14:05:14.171,1.2900,400
50714172566376,14:05:14.172,1.2900,100
50714219054186,14:05:14.219,1.2900,400
50714222348162,14:05:14.222,1.2900,400
50714222499596,14:05:14.222,1.2900,100
50714222520315,14:05:14.222,1.2900,400
50714222520315,14:05:14.222,1.2900,400
50714222542919,14:05:14.222,1.2900,1400
50714222542919,14:05:14.222,1.2900,500
50714222542919,14:05:14.222,1.2900,600
50714222542919,14:05:14.222,1.2900,500
50714222545869,14:05:14.222,1.2900,600
50722785049871,14:05:22.785,1.2850,100
51210168249825,14:13:30.168,1.2900,300
51275813063138,14:14:35.813,1.2900,200
51275813063138,14:14:35.813,1.2900,100
51275813230480,14:14:35.813,1.2900,200
51275813230480,14:14:35.813,1.2900,100
51275813230480,14:14:35.813,1.2900,200
51275813230480,14:14:35.813,1.2900,100
51275813230480,14:14:35.813,1.2900,1400
51275813491598,14:14:35.813,1.2900,600
51275813789709,14:14:35.813,1.2900,1100
51275813974268,14:14:35.813,1.2900,100
51275816882374,14:14:35.816,1.2900,900
51275819959549,14:14:35.819,1.2900,200
51275823288779,14:14:35.823,1.2900,100
51275823288779,14:14:35.823,1.2900,1400
51275823288779,14:14:35.823,1.2900,1000
51275823288779,14:14:35.823,1.2900,1200
51275824928660,14:14:35.824,1.2900,100
51275824928660,14:14:35.824,1.2900,1200
51275824928660,14:14:35.824,1.2900,500
52075146655506,14:27:55.146,1.2850,100
52307442837698,14:31:47.442,1.2850,100
52307442837698,14:31:47.442,1.2850,200
52558328108918,14:35:58.328,1.2850,100
53042153757257,14:44:02.153,1.2850,100
53245389821913,14:47:25.389,1.2850,100
53245389821913,14:47:25.389,1.2900,600
53245389821913,14:47:25.389,1.2900,600
53263991122263,14:47:43.991,1.2900,1200
53263991122263,14:47:43.991,1.2900,100
53263991122263,14:47:43.991,1.2900,100
53263991122263,14:47:43.991,1.2900,100
53263991122263,14:47:43.991,1.2900,200
53263991122263,14:47:43.991,1.2900,200
53263991122263,14:47:43.991,1.2900,100
53263991122263,14:47:43.991,1.2900,100
53263991122263,14:47:43.991,1.2900,100
53263991122263,14:47:43.991,1.2900,100
53263991122263,14:47:43.991,1.2900,100
53263991122263,14:47:43.991,1.2900,100
53263991122263,14:47:43.991,1.2900,100
53263991325100,14:47:43.991,1.2900,100
53263992599929,14:47:43.992,1.2900,300
53263994721996,14:47:43.994,1.2900,300
53263995479440,14:47:43.995,1.2900,300
53263996285769,14:47:43.996,1.2900,300
53263997471583,14:47:43.997,1.2900,300
53264002698090,14:47:44.002,1.2900,400
53264002698090,14:47:44.002,1.2900,400
53264002698090,14:47:44.002,1.2900,295
53264003284050,14:47:44.003,1.2900,1005
53264003488300,14:47:44.003,1.2900,300
53264003489705,14:47:44.003,1.2900,500
53264008261947,14:47:44.008,1.2900,100
53264008856405,14:47:44.008,1.2900,1600
53340167104976,14:49:00.167,1.2900,100
53550166826597,14:52:30.166,1.2900,100
53585420808730,14:53:05.420,1.2900,200
53585420808730,14:53:05.420,1.2900,800
53585420808730,14:53:05.420,1.2900,200
53585420808730,14:53:05.420,1.2900,100
53585420808730,14:53:05.420,1.2900,100
53585421181986,14:53:05.421,1.2900,900
53585421184576,14:53:05.421,1.2900,100
53585421200663,14:53:05.421,1.2900,1900
53585421200663,14:53:05.421,1.2900,300
53585421200663,14:53:05.421,1.2900,580
53585421200663,14:53:05.421,1.2900,400
53585421200663,14:53:05.421,1.2900,1400
53585421200663,14:53:05.421,1.2900,900
53585421200663,14:53:05.421,1.2900,200
53585421200663,14:53:05.421,1.2900,1200
53585421204110,14:53:05.421,1.2900,700
53585421351265,14:53:05.421,1.2900,100
53585421351265,14:53:05.421,1.2900,400
53585421351265,14:53:05.421,1.2900,500
53585421351265,14:53:05.421,1.2900,400
53585441589138,14:53:05.441,1.2900,1000
53585441589138,14:53:05.441,1.2900,900
53585441589138,14:53:05.441,1.2900,1600
53585441589138,14:53:05.441,1.2900,1000
53585441589138,14:53:05.441,1.2900,300
53585491466205,14:53:05.491,1.2900,100
53585632357303,14:53:05.632,1.2900,300
53585924390211,14:53:05.924,1.2900,600
53586041165763,14:53:06.041,1.2900,100
53586130744971,14:53:06.130,1.2900,800
53586237979302,14:53:06.237,1.2900,200
53664161993136,14:54:24.161,1.2900,400
53664161993136,14:54:24.161,1.2900,1400
53664161993136,14:54:24.161,1.2900,200
53664161993136,14:54:24.161,1.2900,1200
53664161993136,14:54:24.161,1.2900,600
53664162391876,14:54:24.162,1.2900,100
53665465543001,14:54:25.465,1.2900,300
53673867110293,14:54:33.867,1.2900,100
53673867280011,14:54:33.867,1.2900,100
54435663884178,15:07:15.663,1.2900,200
54441556228465,15:07:21.556,1.2900,100
54531278450463,15:08:51.278,1.2900,900
54535535743166,15:08:55.535,1.2900,200
54535535743166,15:08:55.535,1.2900,100
54535535743166,15:08:55.535,1.2900,100
54535535743166,15:08:55.535,1.2900,500
54539503725435,15:08:59.503,1.2900,100
54539503725435,15:08:59.503,1.2900,100
54539503725435,15:08:59.503,1.2900,100
54539503725435,15:08:59.503,1.2900,100
54539503725435,15:08:59.503,1.2900,400
54539503725435,15:08:59.503,1.2900,100
54539503784475,15:08:59.503,1.2900,100
54539504061046,15:08:59.504,1.2900,3
54697125373332,15:11:37.125,1.2900,1300
54697125373332,15:11:37.125,1.2900,100
54697125373332,15:11:37.125,1.2900,100
54697125373332,15:11:37.125,1.2900,700
54697125373332,15:11:37.125,1.2900,300
55149213206804,15:19:09.213,1.2850,200
55149213206804,15:19:09.213,1.2850,200
55149213206804,15:19:09.213,1.2850,400
55658651976032,15:27:38.651,1.2850,100
56160225072125,15:36:00.225,1.2900,1800
56160225072125,15:36:00.225,1.2900,900
56160225072125,15:36:00.225,1.2900,400
56160225072125,15:36:00.225,1.2900,1800
56160225072125,15:36:00.225,1.2900,1300
56160225072125,15:36:00.225,1.2900,700
56160225072125,15:36:00.225,1.2900,100
56160225072125,15:36:00.225,1.2900,100
56160225072125,15:36:00.225,1.2900,100
56160225072125,15:36:00.225,1.2900,100
56160225072125,15:36:00.225,1.2900,500
56160225072125,15:36:00.225,1.2900,500
56160225608453,15:36:00.225,1.2900,2
56160225883378,15:36:00.225,1.2900,800
56160225947346,15:36:00.225,1.2900,300
56160226149912,15:36:00.226,1.2900,198
56160226149912,15:36:00.226,1.2900,802
56160226207781,15:36:00.226,1.2900,598
56172836434676,15:36:12.836,1.2950,400
56172836434676,15:36:12.836,1.2950,100
56172836434676,15:36:12.836,1.2950,600
56172836434676,15:36:12.836,1.2900,700
56172836434676,15:36:12.836,1.2900,3000
56172836434676,15:36:12.836,1.2900,100
56172836434676,15:36:12.836,1.2900,200
56172836434676,15:36:12.836,1.2900,1300
56172836434676,15:36:12.836,1.2900,800
56172836434676,15:36:12.836,1.2900,1200
56172836434676,15:36:12.836,1.2900,600
56172836434676,15:36:12.836,1.2900,1000
56172837111473,15:36:12.837,1.2900,100
56278700871295,15:37:58.700,1.2900,300
56285977178107,15:38:05.977,1.2900,600
56285977472662,15:38:05.977,1.2900,200
56316608635500,15:38:36.608,1.2950,300
56316608635500,15:38:36.608,1.2950,100
56316608635500,15:38:36.608,1.2900,1000
56316608635500,15:38:36.608,1.2900,400
56316608635500,15:38:36.608,1.2900,1400
56316608635500,15:38:36.608,1.2900,800
56316608635500,15:38:36.608,1.2900,300
56316608635500,15:38:36.608,1.2900,100
56316608635500,15:38:36.608,1.2900,300
56369907703052,15:39:29.907,1.2850,100
56397717870776,15:39:57.717,1.2800,100
56397717870776,15:39:57.717,1.2800,600
56397717870776,15:39:57.717,1.2800,400
56397717870776,15:39:57.717,1.2800,100
56397717870776,15:39:57.717,1.2800,400
56397722047997,15:39:57.722,1.2750,100
56397722047997,15:39:57.722,1.2750,200
56397722047997,15:39:57.722,1.2750,100
56397733907332,15:39:57.733,1.2800,1900
56397733907332,15:39:57.733,1.2800,1000
56397733907332,15:39:57.733,1.2800,200
56397733907332,15:39:57.733,1.2800,400
56397733907332,15:39:57.733,1.2800,900
56397733907332,15:39:57.733,1.2800,1000
56397733907332,15:39:57.733,1.2800,100
56397892699296,15:39:57.892,1.2800,100
56401180849096,15:40:01.180,1.2800,700
56401181272552,15:40:01.181,1.2800,800
56401181272552,15:40:01.181,1.2800,1000
56401181272552,15:40:01.181,1.2800,2400
56401181272552,15:40:01.181,1.2800,800
56401181272552,15:40:01.181,1.2800,800
56401808272556,15:40:01.808,1.2800,1400
56401808272556,15:40:01.808,1.2800,700
56409030878380,15:40:09.030,1.2700,245
56409030878380,15:40:09.030,1.2700,1700
56409030878380,15:40:09.030,1.2700,755
56412890463661,15:40:12.890,1.2700,1045
56412890463661,15:40:12.890,1.2700,655
56419562574568,15:40:19.562,1.2700,45
56426157349337,15:40:26.157,1.2650,200
56426157349337,15:40:26.157,1.2700,1700
56426157349337,15:40:26.157,1.2700,1000
56426157349337,15:40:26.157,1.2700,400
56426157349337,15:40:26.157,1.2700,800
56426157349337,15:40:26.157,1.2700,1500
56426157349337,15:40:26.157,1.2700,800
56426157399182,15:40:26.157,1.2700,100
56426157399182,15:40:26.157,1.2700,100
56426157452656,15:40:26.157,1.2700,200
56426158407635,15:40:26.158,1.2700,100
56506898070119,15:41:46.898,1.2800,200
56595598002950,15:43:15.598,1.2800,300
56598043627510,15:43:18.043,1.2800,700
56598043950201,15:43:18.043,1.2800,100
56600522868424,15:43:20.522,1.2800,100
56600522868424,15:43:20.522,1.2800,100
56600522868424,15:43:20.522,1.2800,300
56600522868424,15:43:20.522,1.2800,100
56600522868424,15:43:20.522,1.2800,100
56600523355996,15:43:20.523,1.2800,600
56606691446431,15:43:26.691,1.2800,900
56606691446431,15:43:26.691,1.2800,800
56606691446431,15:43:26.691,1.2800,1100
56606691446431,15:43:26.691,1.2800,700
56606691446431,15:43:26.691,1.2800,1800
56606691446431,15:43:26.691,1.2800,1400
56606698844943,15:43:26.698,1.2800,1000
56722789570851,15:45:22.789,1.2800,200
56722789988438,15:45:22.789,1.2800,100
56722790114584,15:45:22.790,1.2800,98
56725286136628,15:45:25.286,1.2800,700
56725286451671,15:45:25.286,1.2800,102
56725286451671,15:45:25.286,1.2800,100
56737920295738,15:45:37.920,1.2900,800
56737920686221,15:45:37.920,1.2900,200
56737920686221,15:45:37.920,1.2900,500
56737920753712,15:45:37.920,1.2900,100
56742835468085,15:45:42.835,1.2950,100
56742835468085,15:45:42.835,1.2900,900
56742835468085,15:45:42.835,1.2900,1000
56742835468085,15:45:42.835,1.2900,900
56742835468085,15:45:42.835,1.2900,100
56742835468085,15:45:42.835,1.2900,1000
56742835468085,15:45:42.835,1.2900,1300
56742835873820,15:45:42.835,1.2900,100
56761411233280,15:46:01.411,1.2850,400
56761411233280,15:46:01.411,1.2850,100
56761411233280,15:46:01.411,1.2850,100
56761411233280,15:46:01.411,1.2850,200
56761416167868,15:46:01.416,1.2900,1600
56761416167868,15:46:01.416,1.2900,300
56761416167868,15:46:01.416,1.2900,700
56761416167868,15:46:01.416,1.2900,2500
56761416167868,15:46:01.416,1.2900,1300
56761416167868,15:46:01.416,1.2900,1500
56761416167868,15:46:01.416,1.2900,1000
56761416167868,15:46:01.416,1.2900,100
56761416305175,15:46:01.416,1.2900,100
57039445566853,15:50:39.445,1.2950,100
57051173251941,15:50:51.173,1.3000,100
57165810276753,15:52:45.810,1.3000,100
57204444340565,15:53:24.444,1.3000,900
57204444340565,15:53:24.444,1.3000,600
57204444340565,15:53:24.444,1.3000,400
57204444340565,15:53:24.444,1.3000,100
57204444340565,15:53:24.444,1.3000,100
57204444340565,15:53:24.444,1.3000,100
57204444340565,15:53:24.444,1.3000,500
57204446767391,15:53:24.446,1.3000,598
57204457233131,15:53:24.457,1.3000,602
57204457233131,15:53:24.457,1.3000,700
57204457233131,15:53:24.457,1.3000,400
57204457233131,15:53:24.457,1.3000,800
57204457293471,15:53:24.457,1.3000,100
57204458256035,15:53:24.458,1.3000,400
57382892134934,15:56:22.892,1.2950,100
57387892217888,15:56:27.892,1.2950,100
57407013891255,15:56:47.013,1.3000,100
57407013891255,15:56:47.013,1.3000,500
57407013891255,15:56:47.013,1.3000,1200
57407013891255,15:56:47.013,1.3000,100
57407013891255,15:56:47.013,1.3000,700
57479020405913,15:57:59.020,1.3000,1200
57479020405913,15:57:59.020,1.3000,51
57479020405913,15:57:59.020,1.3000,700
57479020405913,15:57:59.020,1.3000,349
57515473750997,15:58:35.473,1.3000,100
57539574410022,15:58:59.574,1.3000,651
57539574410022,15:58:59.574,1.3000,149
57543013403733,15:59:03.013,1.3000,100
57545815639989,15:59:05.815,1.3000,161
57546448647173,15:59:06.448,1.3000,1000
57546984575763,15:59:06.984,1.3000,490
57546984575763,15:59:06.984,1.3000,100
57546997831187,15:59:06.997,1.3000,2263
57546998631952,15:59:06.998,1.3000,574
57546999890770,15:59:06.999,1.3000,926
57546999890770,15:59:06.999,1.3000,42
57546999928613,15:59:06.999,1.3000,300
57546999965287,15:59:06.999,1.3000,100
57547000361011,15:59:07.000,1.3000,352
57547190463488,15:59:07.190,1.3000,13
57547190767275,15:59:07.190,1.3000,293
57547190767275,15:59:07.190,1.3000,7
57547190893333,15:59:07.190,1.3000,87
57558811849713,15:59:18.811,1.2950,100
57587648724772,15:59:47.648,1.2950,100
57596016382897,15:59:56.016,1.2900,966
57596016410670,15:59:56.016,1.2900,34
57596016410670,15:59:56.016,1.2900,25
57600631034076,16:00:00.631,0.0000,0
