timestamp,time,price,volume
34199778837941,09:29:59.778,40.6600,100
34200642206899,09:30:00.642,40.7600,2187
34447405986851,09:34:07.405,40.7300,9
34531307279986,09:35:31.307,40.5300,1
34576308372419,09:36:16.308,40.4800,1
34699647894530,09:38:19.647,40.6000,30
34699647894530,09:38:19.647,40.6200,70
34721309040346,09:38:41.309,40.4800,1
34764659569044,09:39:24.659,40.5900,10
34764659569044,09:39:24.659,40.6200,69
34764659605478,09:39:24.659,40.6200,10
34894762034785,09:41:34.762,40.4700,10
34894762034785,09:41:34.762,40.4700,100
34894762034785,09:41:34.762,40.4700,59
34894762034785,09:41:34.762,40.4700,31
34894762098074,09:41:34.762,40.4700,69
34894762098074,09:41:34.762,40.4700,31
34894762102629,09:41:34.762,40.4700,69
34971858000936,09:42:51.858,40.2800,100
34971858513356,09:42:51.858,40.2800,100
34971858517421,09:42:51.858,40.2700,60
34971858519865,09:42:51.858,40.2700,40
34990727672138,09:43:10.727,40.2800,6
34990727766294,09:43:10.727,40.2800,6
35242936420714,09:47:22.936,40.1800,100
35244758945012,09:47:24.758,40.1700,100
35244759366441,09:47:24.759,40.2100,100
35315995597039,09:48:35.995,40.1700,100
35315996563543,09:48:35.996,40.1400,100
35316001287482,09:48:36.001,40.0500,10
35316001669545,09:48:36.001,40.0300,26
35316001959987,09:48:36.001,40.0400,46
35318156213612,09:48:38.156,40.0950,100
35342169729983,09:49:02.169,40.1000,37
35342169827193,09:49:02.169,40.1000,100
35342170178170,09:49:02.170,40.1100,10
35819287048618,09:56:59.287,39.9600,100
35819287048618,09:56:59.287,39.9800,100
35819287482518,09:56:59.287,39.9800,100
35819287596832,09:56:59.287,39.9800,100
35819292433368,09:56:59.292,39.9400,100
35819292441191,09:56:59.292,39.9900,100
35819293080424,09:56:59.293,40.0100,100
35819293080424,09:56:59.293,40.0100,5
35893093734338,09:58:13.093,39.9700,40
35951061140398,09:59:11.061,40.0200,100
35951061239932,09:59:11.061,40.0200,100
35954030428877,09:59:14.030,40.0900,100
36059617309661,10:00:59.617,40.2000,100
36059617309661,10:00:59.617,40.2000,38
36059617309661,10:00:59.617,40.2000,100
36059617516889,10:00:59.617,40.2000,100
36059617663835,10:00:59.617,40.2100,100
36114768537680,10:01:54.768,40.3000,23
36169942131487,10:02:49.942,40.2900,50
36201059846789,10:03:21.059,40.3300,63
36201059899211,10:03:21.059,40.3300,37
36201063452249,10:03:21.063,40.2900,100
36201063498693,10:03:21.063,40.2900,90
36201063498693,10:03:21.063,40.2800,10
36260253206958,10:04:20.253,40.3800,23
36285297969671,10:04:45.297,40.3800,23
36287335020958,10:04:47.335,40.3900,23
36309770063171,10:05:09.770,40.3000,100
36309770063171,10:05:09.770,40.3000,93
36309775434202,10:05:09.775,40.3000,100
36309775878059,10:05:09.775,40.3400,30
36309775945000,10:05:09.775,40.3400,100
36309775945000,10:05:09.775,40.3100,30
36309775945000,10:05:09.775,40.3000,100
36309775945000,10:05:09.775,40.3000,70
36309776171341,10:05:09.776,40.3400,30
36309779160390,10:05:09.779,40.3000,30
36309785376374,10:05:09.785,40.2500,100
36309785376374,10:05:09.785,40.2500,200
36309901096849,10:05:09.901,40.3200,100
36309901157314,10:05:09.901,40.3200,100
36309901392322,10:05:09.901,40.2800,100
36309901392322,10:05:09.901,40.2700,100
36331369717394,10:05:31.369,40.3000,100
36345529071717,10:05:45.529,40.3100,100
36345532615590,10:05:45.532,40.3100,100
36345532713911,10:05:45.532,40.3100,100
36345532810186,10:05:45.532,40.3100,100
36345532870218,10:05:45.532,40.3100,4
36345532953373,10:05:45.532,40.3100,96
36524441336236,10:08:44.441,40.3800,100
36524441336236,10:08:44.441,40.3800,100
36524441420435,10:08:44.441,40.3800,100
36524441722416,10:08:44.441,40.3900,100
36524441983242,10:08:44.441,40.3900,100
36524442036733,10:08:44.442,40.4000,100
36524442039648,10:08:44.442,40.4000,100
36524442086855,10:08:44.442,40.4000,100
36524442116760,10:08:44.442,40.4100,37
36632694104319,10:10:32.694,40.4800,100
36632694104319,10:10:32.694,40.4800,100
36632695541637,10:10:32.695,40.4700,100
36632696640661,10:10:32.696,40.4500,47
36641018302415,10:10:41.018,40.4500,100
36648212987542,10:10:48.212,40.4400,100
36657931760652,10:10:57.931,40.4000,100
36873125589054,10:14:33.125,40.5000,100
36873125589054,10:14:33.125,40.5100,100
36873125905338,10:14:33.125,40.5100,100
36873129238964,10:14:33.129,40.5000,100
36939861923351,10:15:39.861,40.5000,100
37031596409455,10:17:11.596,40.4400,100
37031596409455,10:17:11.596,40.4400,47
37031596409455,10:17:11.596,40.4400,50
37031597622317,10:17:11.597,40.4300,100
37031598091178,10:17:11.598,40.4200,100
37037383507861,10:17:17.383,40.4400,100
37043828714516,10:17:23.828,40.4300,100
37081234505325,10:18:01.234,40.4600,100
37143808894165,10:19:03.808,40.4400,100
37215485982091,10:20:15.485,40.4800,100
37215486067507,10:20:15.486,40.4800,100
37215486067507,10:20:15.486,40.4800,100
37215487133161,10:20:15.487,40.5000,7
37314379218405,10:21:54.379,40.5100,100
37316193030504,10:21:56.193,40.5100,100
37316195155600,10:21:56.195,40.5100,100
37319483810715,10:21:59.483,40.5200,100
37319483810715,10:21:59.483,40.5200,100
37319484161104,10:21:59.484,40.5200,88
37319484274983,10:21:59.484,40.5200,4
37319484379230,10:21:59.484,40.5200,8
37319484379230,10:21:59.484,40.5200,92
37319486015667,10:21:59.486,40.5200,8
37503913269987,10:25:03.913,40.5600,100
37503914460727,10:25:03.914,40.5900,100
37503914460727,10:25:03.914,40.5900,100
37503914460727,10:25:03.914,40.5900,200
37503915000373,10:25:03.915,40.5900,100
37503915014945,10:25:03.915,40.5900,100
37503915014945,10:25:03.915,40.5900,100
37503915429666,10:25:03.915,40.5900,100
37503915429666,10:25:03.915,40.5900,200
37503915429666,10:25:03.915,40.5900,100
37503915650492,10:25:03.915,40.5900,100
37503917911023,10:25:03.917,40.5800,30
37503917911023,10:25:03.917,40.5700,100
37503921772494,10:25:03.921,40.5600,100
37503924349508,10:25:03.924,40.5300,100
37503924970829,10:25:03.924,40.5200,10
37503924970829,10:25:03.924,40.5200,90
37507077107810,10:25:07.077,40.5200,100
37512862926953,10:25:12.862,40.5100,100
37512862926953,10:25:12.862,40.5100,76
37512862929160,10:25:12.862,40.5100,24
37512862942503,10:25:12.862,40.5000,34
37512863011470,10:25:12.863,40.5000,66
37513459813511,10:25:13.459,40.4800,4
37513459872920,10:25:13.459,40.4800,96
37513460306067,10:25:13.460,40.5000,100
37517063408126,10:25:17.063,40.4600,23
37517063508189,10:25:17.063,40.4600,77
37537758667024,10:25:37.758,40.4900,40
37537758667024,10:25:37.758,40.4900,95
37537758671304,10:25:37.758,40.4900,5
37537758671304,10:25:37.758,40.4900,53
37537758779774,10:25:37.758,40.4900,47
37544981841458,10:25:44.981,40.5500,100
37545024397345,10:25:45.024,40.5600,100
37547783637305,10:25:47.783,40.5800,100
37548275915921,10:25:48.275,40.5900,100
37705105084392,10:28:25.105,40.5800,100
37816515874578,10:30:16.515,40.6300,100
37816515968447,10:30:16.515,40.6300,100
37816515991061,10:30:16.515,40.6300,100
37816517646711,10:30:16.517,40.6500,100
37823627736502,10:30:23.627,40.6800,100
37823628958899,10:30:23.628,40.7000,100
37823774740953,10:30:23.774,40.7400,100
37823774740953,10:30:23.774,40.7400,100
37842809446754,10:30:42.809,40.7100,1
38115464544438,10:35:15.464,40.7700,10
38115464544438,10:35:15.464,40.7600,90
38219450091488,10:36:59.450,40.7600,40
38249129674793,10:37:29.129,40.8000,100
38279715321998,10:37:59.715,40.7600,40
38365388310735,10:39:25.388,40.7700,5
38365388310735,10:39:25.388,40.7700,35
38365388310735,10:39:25.388,40.7700,65
38365388432869,10:39:25.388,40.7700,700
38365388459236,10:39:25.388,40.7600,60
38365388459236,10:39:25.388,40.7600,140
38365388459236,10:39:25.388,40.7600,100
38365388459236,10:39:25.388,40.7600,43
38365389182742,10:39:25.389,40.7700,6
38365389539516,10:39:25.389,40.7500,11
38365472079802,10:39:25.472,40.7700,1
38381784052748,10:39:41.784,40.7400,10
38381784470416,10:39:41.784,40.7300,100
38381784470416,10:39:41.784,40.7300,100
38381785915242,10:39:41.785,40.7100,100
38381785915242,10:39:41.785,40.7100,100
38381786703918,10:39:41.786,40.6800,1
38382473565936,10:39:42.473,40.6800,99
38400149896241,10:40:00.149,40.6400,10
38455934104007,10:40:55.934,40.6600,100
38476781823450,10:41:16.781,40.6400,1
38476781940588,10:41:16.781,40.6400,89
38476781940588,10:41:16.781,40.6400,48
38657670341399,10:44:17.670,40.7100,10
38657670341399,10:44:17.670,40.7100,76
38657670429255,10:44:17.670,40.7200,100
38657671793122,10:44:17.671,40.7300,100
38657672111572,10:44:17.672,40.7400,100
38657672111572,10:44:17.672,40.7400,1
38657672169805,10:44:17.672,40.7400,99
38657673153741,10:44:17.673,40.7500,100
38657673849584,10:44:17.673,40.7500,100
38657698718914,10:44:17.698,40.7700,100
38657752216084,10:44:17.752,40.7700,100
38897071729364,10:48:17.071,40.7900,45
38897071729364,10:48:17.071,40.7700,55
38897073336113,10:48:17.073,40.7700,45
38897073336113,10:48:17.073,40.7700,55
38897073345856,10:48:17.073,40.7700,45
38897073345856,10:48:17.073,40.7700,55
38897075422664,10:48:17.075,40.7800,50
38897118644999,10:48:17.118,40.7800,50
38897118644999,10:48:17.118,40.7800,100
38897118644999,10:48:17.118,40.7700,39
39193459849485,10:53:13.459,40.8000,100
39193459849485,10:53:13.459,40.7800,15
39193459849485,10:53:13.459,40.7700,85
39193460293546,10:53:13.460,40.7700,21
39193460293546,10:53:13.460,40.7700,100
39193460293546,10:53:13.460,40.7700,37
39193460293546,10:53:13.460,40.7700,16
39193460295425,10:53:13.460,40.7700,29
39193460308826,10:53:13.460,40.7700,28
39193460344689,10:53:13.460,40.7700,72
39193460395073,10:53:13.460,40.7600,100
39193460395073,10:53:13.460,40.7600,100
39193460743682,10:53:13.460,40.8100,10
39193460888900,10:53:13.460,40.7600,3
39374118849479,10:56:14.118,40.7900,100
39432126905860,10:57:12.126,40.8000,25
39438396316714,10:57:18.396,40.7900,100
39438396316714,10:57:18.396,40.7900,100
39438396395958,10:57:18.396,40.7900,18
39438398208802,10:57:18.398,40.8300,100
39438398272302,10:57:18.398,40.8300,100
39438398752216,10:57:18.398,40.8400,30
39438401413541,10:57:18.401,40.8600,100
39438835840699,10:57:18.835,40.8700,100
39438836146255,10:57:18.836,40.8700,100
39438836337625,10:57:18.836,40.8700,100
39438836420729,10:57:18.836,40.8700,100
39447404173329,10:57:27.404,40.8700,100
39470698129428,10:57:50.698,40.8500,100
39507415147073,10:58:27.415,40.8600,20
39524452757120,10:58:44.452,40.8500,100
39655258318854,11:00:55.258,40.8900,100
39657070891405,11:00:57.070,40.9000,100
39663475643547,11:01:03.475,40.9300,63
39663476478340,11:01:03.476,40.9300,37
39663476478340,11:01:03.476,40.9300,26
39663477286924,11:01:03.477,40.9300,74
39663477286924,11:01:03.477,40.9300,46
39663480234902,11:01:03.480,40.9300,25
39663480413301,11:01:03.480,40.9300,29
39663993360768,11:01:03.993,40.9700,50
39663993360768,11:01:03.993,40.9700,65
39663993362515,11:01:03.993,40.9700,35
39663993448371,11:01:03.993,40.9700,100
39721268162882,11:02:01.268,41.0000,44
39730064729467,11:02:10.064,41.0000,6
39803219245208,11:03:23.219,40.9800,100
39803219245208,11:03:23.219,40.9800,100
39803219727246,11:03:23.219,40.9700,1
39803220363144,11:03:23.220,40.9500,100
39803220363144,11:03:23.220,40.9500,43
39803220363144,11:03:23.220,40.9500,57
39804219446666,11:03:24.219,40.9500,43
39804219446666,11:03:24.219,40.9500,57
39804219533157,11:03:24.219,40.9500,43
40067447963633,11:07:47.447,40.8900,100
40198249495632,11:09:58.249,40.9000,100
40364230814532,11:12:44.230,40.8900,100
40364231384007,11:12:44.231,40.9000,100
40364231384007,11:12:44.231,40.9000,30
40507033003350,11:15:07.033,40.8500,3
40507033069011,11:15:07.033,40.8400,100
40507033281176,11:15:07.033,40.8400,100
40507033281176,11:15:07.033,40.8400,100
40507033281176,11:15:07.033,40.8400,100
40507033281176,11:15:07.033,40.8500,300
40507033413077,11:15:07.033,40.8300,100
40507100629550,11:15:07.100,40.8500,297
40507100629550,11:15:07.100,40.8500,903
40507100950465,11:15:07.100,40.8300,100
40507101058430,11:15:07.101,40.8400,30
40507101058430,11:15:07.101,40.8500,225
40507560727001,11:15:07.560,40.8300,30
40507601309871,11:15:07.601,40.8200,10
40507601309871,11:15:07.601,40.8200,100
40507601309871,11:15:07.601,40.8200,100
40507602351083,11:15:07.602,40.8100,100
40507602351083,11:15:07.602,40.8100,100
40507602803166,11:15:07.602,40.8000,100
40559486013032,11:15:59.486,40.7200,100
40559486273917,11:15:59.486,40.6900,100
40559486273917,11:15:59.486,40.6900,2
40559486387396,11:15:59.486,40.6900,30
40559486492598,11:15:59.486,40.6800,50
40559487568412,11:15:59.487,40.6800,50
40684564333527,11:18:04.564,40.5700,100
40909663366856,11:21:49.663,40.5800,100
40909663416417,11:21:49.663,40.5800,30
40909685074540,11:21:49.685,40.5900,30
40909685074540,11:21:49.685,40.6000,270
40909685479471,11:21:49.685,40.6000,22
40909685497877,11:21:49.685,40.6000,100
40909685514206,11:21:49.685,40.6000,100
40909686023524,11:21:49.686,40.5900,100
40909686167777,11:21:49.686,40.6000,108
40909705247427,11:21:49.705,40.6000,30
40961047815370,11:22:41.047,40.6600,100
40961048235306,11:22:41.048,40.6600,100
40982932939482,11:23:02.932,40.6900,100
40982932939482,11:23:02.932,40.6900,100
40988999915041,11:23:08.999,40.6800,100
40989000524618,11:23:09.000,40.6900,100
40989063798908,11:23:09.063,40.6900,100
40994944170021,11:23:14.944,40.6900,100
40996616613149,11:23:16.616,40.7000,100
40999069447406,11:23:19.069,40.7000,100
41005155489358,11:23:25.155,40.7100,100
41007875826407,11:23:27.875,40.7200,100
41007876709978,11:23:27.876,40.7200,100
41007876748715,11:23:27.876,40.7200,100
41007876770079,11:23:27.876,40.7300,70
41007877122324,11:23:27.877,40.7300,30
41024928995948,11:23:44.928,40.7500,100
41024928995948,11:23:44.928,40.7500,30
41024928995948,11:23:44.928,40.7500,2
41024932557263,11:23:44.932,40.7500,200
41026206772618,11:23:46.206,40.7200,100
41026206772618,11:23:46.206,40.7200,100
41026206772618,11:23:46.206,40.7200,52
41026206772618,11:23:46.206,40.7200,100
41026206772618,11:23:46.206,40.7200,48
41026206835582,11:23:46.206,40.7200,52
41106855325426,11:25:06.855,40.6900,100
41106855325426,11:25:06.855,40.6900,48
41213274509156,11:26:53.274,40.7200,100
42062712861835,11:41:02.712,40.6500,70
42062712861835,11:41:02.712,40.6500,51
42062712861835,11:41:02.712,40.6500,100
42062713362631,11:41:02.713,40.6400,100
42062713362631,11:41:02.713,40.6400,100
42100605294158,11:41:40.605,40.5600,37
42167781245768,11:42:47.781,40.5900,100
42167781245768,11:42:47.781,40.5800,63
42167781245768,11:42:47.781,40.5800,37
42167781254484,11:42:47.781,40.5800,31
42167781254484,11:42:47.781,40.5800,100
42167781254484,11:42:47.781,40.5800,169
42167783881471,11:42:47.783,40.5800,31
42167783881471,11:42:47.783,40.5700,52
42167783881471,11:42:47.783,40.5700,100
42167783881471,11:42:47.783,40.5700,100
42167789067332,11:42:47.789,40.5500,100
42167822677950,11:42:47.822,40.5500,100
42167855135179,11:42:47.855,40.5500,100
42170993642201,11:42:50.993,40.5400,50
42194510347211,11:43:14.510,40.5500,2700
42194511181456,11:43:14.511,40.5500,100
42194512565171,11:43:14.512,40.5500,17
42194514146114,11:43:14.514,40.6000,100
42194515072057,11:43:14.515,40.6000,100
42194515991509,11:43:14.515,40.6000,100
42194515991509,11:43:14.515,40.6000,100
42194516002306,11:43:14.516,40.6000,100
42194516019390,11:43:14.516,40.6000,200
42194516029458,11:43:14.516,40.6000,200
42194516272179,11:43:14.516,40.6000,100
42194516272179,11:43:14.516,40.6000,83
42194516292839,11:43:14.516,40.6000,200
42194516298814,11:43:14.516,40.6000,200
42194516393878,11:43:14.516,40.6000,100
42194516393878,11:43:14.516,40.6000,100
42194516449497,11:43:14.516,40.6000,100
42194516461501,11:43:14.516,40.6000,100
42194516521548,11:43:14.516,40.6000,100
42194516958778,11:43:14.516,40.6000,100
42194517220204,11:43:14.517,40.6000,100
42194517470354,11:43:14.517,40.6000,100
42194517470354,11:43:14.517,40.6000,100
42194518347807,11:43:14.518,40.6000,100
42194520820402,11:43:14.520,40.6000,17
42256089997162,11:44:16.089,40.6000,100
42256089997162,11:44:16.089,40.6000,12
42256090066137,11:44:16.090,40.6000,188
42256090524227,11:44:16.090,40.6000,100
42256090541387,11:44:16.090,40.6000,79
42256091570648,11:44:16.091,40.6100,100
42325388769351,11:45:25.388,40.6200,100
42325388769351,11:45:25.388,40.6200,100
42325388814367,11:45:25.388,40.6200,43
42325389080630,11:45:25.389,40.6200,17
42325389081154,11:45:25.389,40.6200,5
42325389125539,11:45:25.389,40.6200,78
42325389125539,11:45:25.389,40.6200,22
42325389182094,11:45:25.389,40.6200,35
42325389182094,11:45:25.389,40.6200,43
42325389234129,11:45:25.389,40.6200,57
42325389996951,11:45:25.389,40.6300,100
42325390007986,11:45:25.390,40.6300,100
42325390708193,11:45:25.390,40.6400,100
42325390751282,11:45:25.390,40.6400,41
42325395601537,11:45:25.395,40.6400,100
42325397178610,11:45:25.397,40.6400,59
42361524773081,11:46:01.524,40.6500,23
42397365351802,11:46:37.365,40.6500,100
42402721272529,11:46:42.721,40.6200,100
42402721272529,11:46:42.721,40.6100,100
42402721296757,11:46:42.721,40.6100,100
42436635072479,11:47:16.635,40.6300,18
42458284127566,11:47:38.284,40.6100,54
42458284275053,11:47:38.284,40.6000,100
42458284313013,11:47:38.284,40.5900,37
42458284347296,11:47:38.284,40.5900,46
42458284348768,11:47:38.284,40.5900,17
42458284348768,11:47:38.284,40.5900,83
42458284357712,11:47:38.284,40.5900,17
42458306549781,11:47:38.306,40.6100,100
42488309465570,11:48:08.309,40.6100,100
42488310151783,11:48:08.310,40.6100,77
42495231118455,11:48:15.231,40.6300,53
42495231167462,11:48:15.231,40.6300,29
42495231167462,11:48:15.231,40.6300,100
42495231167462,11:48:15.231,40.6300,53
42583420279881,11:49:43.420,40.5900,37
42593287040916,11:49:53.287,40.5900,63
42593287040916,11:49:53.287,40.5900,100
42593287040916,11:49:53.287,40.5900,37
42593287102025,11:49:53.287,40.5900,63
42593287102025,11:49:53.287,40.5900,2
42596220643711,11:49:56.220,40.5900,10
42596220643711,11:49:56.220,40.5800,90
42596221835340,11:49:56.221,40.5800,10
42596223807705,11:49:56.223,40.5800,289
42674867592943,11:51:14.867,40.6000,100
42674887599803,11:51:14.887,40.6000,100
42674887599803,11:51:14.887,40.6000,47
42718531839038,11:51:58.531,40.5600,56
42718531839038,11:51:58.531,40.5500,44
42897241153221,11:54:57.241,40.6200,100
42897241252544,11:54:57.241,40.6200,100
42897241332821,11:54:57.241,40.6200,100
42897241783248,11:54:57.241,40.6200,100
43012813010807,11:56:52.813,40.5700,10
43012813010807,11:56:52.813,40.5500,56
43058175484314,11:57:38.175,40.5500,100
43064199176877,11:57:44.199,40.5500,14
43098274124384,11:58:18.274,40.5300,100
43098274196327,11:58:18.274,40.5200,20
43170444665904,11:59:30.444,40.5200,80
43378152461998,12:02:58.152,40.5800,2
43462207953848,12:04:22.207,40.5100,1
43470117441667,12:04:30.117,40.5100,4
43483947251398,12:04:43.947,40.5100,4
43497070872468,12:04:57.070,40.5100,4
43498037209196,12:04:58.037,40.5100,92
43498037209196,12:04:58.037,40.5100,8
43507307999374,12:05:07.307,40.5100,1
43509471980894,12:05:09.471,40.5100,11
43509471980894,12:05:09.471,40.5100,3
43509471980894,12:05:09.471,40.5100,86
43509472096997,12:05:09.472,40.5100,14
43509473572275,12:05:09.473,40.5000,100
43509473889501,12:05:09.473,40.4900,100
43509473889501,12:05:09.473,40.4900,1
43509473889501,12:05:09.473,40.4800,66
43509474360905,12:05:09.474,40.4800,34
43509474360905,12:05:09.474,40.4800,100
43514426785670,12:05:14.426,40.4900,1
43519225379436,12:05:19.225,40.5300,100
43519225456926,12:05:19.225,40.5400,100
43519226235354,12:05:19.226,40.5400,100
43519246800154,12:05:19.246,40.5500,100
43519247618991,12:05:19.247,40.5700,100
43519247618991,12:05:19.247,40.5700,100
43519267854344,12:05:19.267,40.5800,20
43527445137402,12:05:27.445,40.5400,100
43528687970012,12:05:28.687,40.5400,1
43533916462006,12:05:33.916,40.5400,4
43544397127654,12:05:44.397,40.5400,95
43544397127654,12:05:44.397,40.5300,5
43544397189789,12:05:44.397,40.5300,83
43552734799410,12:05:52.734,40.5300,100
43552734799410,12:05:52.734,40.5300,100
43552734829484,12:05:52.734,40.5300,100
43552734829484,12:05:52.734,40.5300,100
43562178117067,12:06:02.178,40.5800,100
43562178548062,12:06:02.178,40.5900,10
43562178611085,12:06:02.178,40.5900,90
43562178611085,12:06:02.178,40.5900,10
43562178621881,12:06:02.178,40.5900,10
43562178621881,12:06:02.178,40.5900,100
43562178781160,12:06:02.178,40.6000,100
43562178849752,12:06:02.178,40.6000,10
43562179463789,12:06:02.179,40.6200,2
43562221732997,12:06:02.221,40.6400,10
43674180465115,12:07:54.180,40.6600,10
43674181583342,12:07:54.181,40.6600,29
43730827685822,12:08:50.827,40.6600,20
43744283538311,12:09:04.283,40.6800,20
43744283642010,12:09:04.283,40.6900,100
43744283642010,12:09:04.283,40.6900,100
43744283733799,12:09:04.283,40.6900,32
43744283836984,12:09:04.283,40.6900,68
43744284270690,12:09:04.284,40.6900,10
43744284470255,12:09:04.284,40.6900,10
43744784112718,12:09:04.784,40.7100,10
43744832628597,12:09:04.832,40.7300,8
43770811513727,12:09:30.811,40.7000,100
43880243365320,12:11:20.243,40.7600,10
44004255255199,12:13:24.255,40.7800,10
44004255255199,12:13:24.255,40.7900,20
44004255255199,12:13:24.255,40.8000,10
44004255255199,12:13:24.255,40.8100,50
44004255431674,12:13:24.255,40.8100,50
44097242874239,12:14:57.242,40.8200,10
44097242874239,12:14:57.242,40.8400,90
44097243072933,12:14:57.243,40.8400,10
44097243072933,12:14:57.243,40.8400,5
44097273177792,12:14:57.273,40.8600,5
44156837214399,12:15:56.837,40.8200,10
44156837214399,12:15:56.837,40.8100,90
44156837857404,12:15:56.837,40.8100,10
44156837857404,12:15:56.837,40.8100,100
44156837857404,12:15:56.837,40.8100,100
44489365874312,12:21:29.365,40.8100,99
44543558771987,12:22:23.558,40.8600,100
44543558771987,12:22:23.558,40.8700,100
44543558865886,12:22:23.558,40.8700,100
44543558938927,12:22:23.558,40.8800,5
44543558938927,12:22:23.558,40.8800,5
44543558938927,12:22:23.558,40.8800,3
44543559301588,12:22:23.559,40.8800,10
44543592852506,12:22:23.592,40.8900,1
44543593439558,12:22:23.593,40.9000,15
44543593439558,12:22:23.593,40.9000,5
44543593439558,12:22:23.593,40.9000,12
44543666361495,12:22:23.666,40.9100,20
44543666361495,12:22:23.666,40.9100,30
44543696702354,12:22:23.696,40.9300,20
44543696702354,12:22:23.696,40.9300,80
44627486613890,12:23:47.486,40.8900,100
44627486660486,12:23:47.486,40.8900,6
44627486660486,12:23:47.486,40.8900,100
44627486660486,12:23:47.486,40.8900,2
44897422434535,12:28:17.422,40.8700,1
44957267669338,12:29:17.267,40.8100,3
44957267669338,12:29:17.267,40.8100,34
45077478266353,12:31:17.478,40.8100,37
45081197911771,12:31:21.197,40.8800,100
45081198495335,12:31:21.198,40.8800,44
45131333073801,12:32:11.333,40.8400,4
45131333073801,12:32:11.333,40.8400,64
45131333490450,12:32:11.333,40.8200,200
45131333560636,12:32:11.333,40.8200,100
45131333948523,12:32:11.333,40.8100,29
45131333948523,12:32:11.333,40.8100,100
45131336891472,12:32:11.336,40.7900,100
45137543697647,12:32:17.543,40.7800,100
45775003924519,12:42:55.003,40.7900,5
45775006268166,12:42:55.006,40.7800,100
45812709659932,12:43:32.709,40.7300,37
45812709832571,12:43:32.709,40.7500,100
45812709832571,12:43:32.709,40.7300,28
45812710141251,12:43:32.710,40.7300,11
45812710202120,12:43:32.710,40.7300,24
45812710202120,12:43:32.710,40.7300,65
45812710469083,12:43:32.710,40.7200,98
46045235368847,12:47:25.235,40.7500,65
46045235469996,12:47:25.235,40.7700,65
46183325933181,12:49:43.325,40.7400,37
46317801528211,12:51:57.801,40.7400,37
46418903222396,12:53:38.903,40.7300,100
46418904530162,12:53:38.904,40.7200,100
46418904833867,12:53:38.904,40.7000,3
46497249118139,12:54:57.249,40.7800,1
46540970291878,12:55:40.970,40.7000,100
46540970364968,12:55:40.970,40.7000,1
46540971012582,12:55:40.971,40.6900,100
46573252597031,12:56:13.252,40.6400,37
46620179643680,12:57:00.179,40.7100,1
46767920650953,12:59:27.920,40.6400,63
46767921441404,12:59:27.921,40.6200,37
46786927902410,12:59:46.927,40.7000,1
46910549615800,13:01:50.549,40.7100,100
46910550005548,13:01:50.550,40.7100,35
46910550005548,13:01:50.550,40.7200,65
46928863434350,13:02:08.863,40.7200,20
46928866984066,13:02:08.866,40.7200,10
46994462080338,13:03:14.462,40.7200,100
46994462080338,13:03:14.462,40.7300,200
46994462602409,13:03:14.462,40.7300,200
46994462667011,13:03:14.462,40.7300,100
46994462667011,13:03:14.462,40.7400,37
46994462902114,13:03:14.462,40.7400,26
46994462947320,13:03:14.462,40.7400,37
46994462947320,13:03:14.462,40.7400,74
46994463046637,13:03:14.463,40.7400,26
46994919795284,13:03:14.919,40.7400,4
46997633829229,13:03:17.633,40.7400,9
46997633829229,13:03:17.633,40.7400,19
46997783968772,13:03:17.783,40.7400,20
47014390915779,13:03:34.390,40.7400,80
47078687864088,13:04:38.687,40.7200,100
47078687864088,13:04:38.687,40.7200,1
47079275289829,13:04:39.275,40.7800,100
47079275985656,13:04:39.275,40.7900,100
47079276792694,13:04:39.276,40.7900,100
47079277290217,13:04:39.277,40.8000,5
47079707727308,13:04:39.707,40.7900,100
47079707727308,13:04:39.707,40.8100,5
47079707727308,13:04:39.707,40.8100,82
47090442275669,13:04:50.442,40.8000,100
47113654719246,13:05:13.654,40.8400,36
47113654780465,13:05:13.654,40.8500,1
47113654780465,13:05:13.654,40.8500,9
47124656376083,13:05:24.656,40.8600,5
47124656376083,13:05:24.656,40.8600,5
47125383389844,13:05:25.383,40.8700,10
47125383389844,13:05:25.383,40.8700,100
47149140695111,13:05:49.140,40.9000,5
47149140695111,13:05:49.140,40.9000,95
47182989889204,13:06:22.989,40.9000,100
47182989889204,13:06:22.989,40.9100,100
47201985193402,13:06:41.985,40.9100,100
47201985313953,13:06:41.985,40.9100,62
47201985313953,13:06:41.985,40.9100,100
47242307162711,13:07:22.307,40.9300,100
47242307162711,13:07:22.307,40.9400,2
47299068395411,13:08:19.068,41.0000,30
47299068395411,13:08:19.068,41.0000,5
47299068395411,13:08:19.068,41.0000,100
47327186765496,13:08:47.186,41.0100,2
47327186765496,13:08:47.186,41.0100,3
47327186765496,13:08:47.186,41.0100,100
47331041088843,13:08:51.041,41.0400,97
47362000944923,13:09:22.000,41.0400,62
47388970205733,13:09:48.970,41.0600,52
47455406207360,13:10:55.406,41.0500,100
47457033552867,13:10:57.033,41.0100,46
47457033580595,13:10:57.033,41.0100,49
47457033599133,13:10:57.033,41.0100,5
47457034925588,13:10:57.034,40.9900,100
47462449537803,13:11:02.449,40.9900,100
47471136893663,13:11:11.136,40.9800,100
47593406187694,13:13:13.406,40.9800,58
47593406187694,13:13:13.406,40.9800,42
47593406879272,13:13:13.406,40.9800,58
47593406879272,13:13:13.406,40.9800,1
47593412214728,13:13:13.412,41.0000,100
47630767231443,13:13:50.767,41.0100,40
47664511808424,13:14:24.511,41.0100,100
47728247375807,13:15:28.247,41.0500,100
47732970728686,13:15:32.970,41.0600,75
47732970728686,13:15:32.970,41.0600,100
47732970771728,13:15:32.970,41.0600,100
47732983486282,13:15:32.983,41.0200,10
47751733825258,13:15:51.733,41.0600,5
47751733825258,13:15:51.733,41.0600,1
47766629545592,13:16:06.629,41.0700,6
47772363257666,13:16:12.363,41.0800,6
47777024538429,13:16:17.024,41.0800,6
47784532955616,13:16:24.532,41.0800,6
47786373024345,13:16:26.373,41.0800,94
47786373024345,13:16:26.373,41.0800,6
47787675560624,13:16:27.675,41.0800,8
47790145113010,13:16:30.145,41.0800,6
47865949542926,13:17:45.949,41.0200,100
47865949820915,13:17:45.949,41.0100,100
47865950037167,13:17:45.950,41.0100,200
47875442781875,13:17:55.442,41.0100,68
47903551752834,13:18:23.551,41.0400,100
47925289047187,13:18:45.289,40.9700,1
47925289047187,13:18:45.289,40.9600,5
47931309274413,13:18:51.309,40.9600,95
47931309274413,13:18:51.309,40.9600,5
47977920192347,13:19:37.920,40.9500,100
47995613955523,13:19:55.613,40.9400,6
48000798373177,13:20:00.798,40.9400,6
48022926417506,13:20:22.926,40.9400,88
48022926417506,13:20:22.926,40.9400,12
48055723288634,13:20:55.723,40.9300,100
48059465782278,13:20:59.465,40.9200,100
48063090627500,13:21:03.090,40.9200,100
48063091749162,13:21:03.091,40.9400,100
48079891313738,13:21:19.891,40.9300,100
48130653244043,13:22:10.653,40.9100,100
48147102259101,13:22:27.102,40.9500,100
48147884532962,13:22:27.884,40.9100,100
48175144947142,13:22:55.144,40.9000,6
48175144986201,13:22:55.144,40.9000,66
48180345548955,13:23:00.345,40.9000,100
48180346053718,13:23:00.346,40.9100,30
48180346053718,13:23:00.346,40.9100,100
48191333083945,13:23:11.333,40.9200,24
48191333148129,13:23:11.333,40.9200,16
48194833619172,13:23:14.833,40.9000,30
48194833619172,13:23:14.833,40.9000,10
48194833619172,13:23:14.833,40.9000,6
48211150606055,13:23:31.150,40.9200,60
48211740172004,13:23:31.740,40.9300,100
48263230680990,13:24:23.230,40.9600,100
48263232764973,13:24:23.232,40.9600,100
48273540783321,13:24:33.540,40.9700,100
48273541584522,13:24:33.541,40.9800,100
48357125134616,13:25:57.125,41.0200,10
48357125134616,13:25:57.125,41.0200,20
48379568279357,13:26:19.568,41.0200,80
48379572925167,13:26:19.572,41.0300,80
48379572925167,13:26:19.572,41.0300,20
48417924376281,13:26:57.924,41.0300,20
48464605992918,13:27:44.605,41.0400,100
48464606087873,13:27:44.606,41.0400,100
48464606087873,13:27:44.606,41.0400,100
48464606792340,13:27:44.606,41.0600,28
48464606792340,13:27:44.606,41.0600,9
48464606846841,13:27:44.606,41.0600,63
48464658075716,13:27:44.658,41.0700,50
48472431563368,13:27:52.431,41.0800,7
48472431563368,13:27:52.431,41.0800,93
48538916918880,13:28:58.916,41.0900,20
48585451707203,13:29:45.451,41.0900,100
48587541425412,13:29:47.541,41.0400,100
48587541425412,13:29:47.541,41.0300,100
48587541425412,13:29:47.541,41.0300,4
48587541425412,13:29:47.541,41.0300,6700
48587542303647,13:29:47.542,41.0300,100
48587542428766,13:29:47.542,41.0500,30
48587542428766,13:29:47.542,41.0600,15
48587542428766,13:29:47.542,41.0700,55
48587542920889,13:29:47.542,41.0300,30
48587546431921,13:29:47.546,41.0600,40
48587651232486,13:29:47.651,41.0300,300
48587651232486,13:29:47.651,41.0300,700
48587657675193,13:29:47.657,41.0400,30
48587657675193,13:29:47.657,41.0400,100
48587658162608,13:29:47.658,41.0300,10
48587658162608,13:29:47.658,41.0300,30
48587658162608,13:29:47.658,41.0300,10
48589589606966,13:29:49.589,41.0200,10
48589593061717,13:29:49.593,41.0400,100
48600738505616,13:30:00.738,41.0500,35
48600738505616,13:30:00.738,41.0500,65
48600739209776,13:30:00.739,41.0500,35
48600739209776,13:30:00.739,41.0500,100
48600739678177,13:30:00.739,41.0300,100
48600739678177,13:30:00.739,41.0300,30
48601445547496,13:30:01.445,41.0500,30
48601446003863,13:30:01.446,41.0300,100
48721718575190,13:32:01.718,41.0100,3
48721718627219,13:32:01.718,41.0100,97
48721718627219,13:32:01.718,41.0100,48
48721718652992,13:32:01.718,41.0100,52
48721719263090,13:32:01.719,41.0000,100
48721719450424,13:32:01.719,41.0000,100
48744264134852,13:32:24.264,41.0300,6
48750591530734,13:32:30.591,40.9800,100
48750591530734,13:32:30.591,40.9800,73
48750602932487,13:32:30.602,40.9600,100
48761862217674,13:32:41.862,40.9700,15
48765150746911,13:32:45.150,40.9700,6
48767129639345,13:32:47.129,40.9700,79
48767129639345,13:32:47.129,40.9700,21
48771779277497,13:32:51.779,40.9800,100
48773685008613,13:32:53.685,40.9900,100
48775430547206,13:32:55.430,40.9900,100
48782707757450,13:33:02.707,41.0000,6
48791985304904,13:33:11.985,41.0000,6
48793912830056,13:33:13.912,41.0000,6
48796132841280,13:33:16.132,40.9900,100
48798088149562,13:33:18.088,41.0000,6
48818333967276,13:33:38.333,40.9600,100
48818333967276,13:33:38.333,40.9600,100
48836662499761,13:33:56.662,40.9300,100
48851243563469,13:34:11.243,40.9300,51
48969589644719,13:36:09.589,40.8900,100
49526642959896,13:45:26.642,40.8000,100
49746503119610,13:49:06.503,40.7900,100
49746503119610,13:49:06.503,40.7900,100
49746503119610,13:49:06.503,40.7900,20
49746503406386,13:49:06.503,40.7900,47
49746503551212,13:49:06.503,40.7900,33
49746503667166,13:49:06.503,40.8000,100
49746503667166,13:49:06.503,40.8000,5
49746503667166,13:49:06.503,40.8000,44
49746503724925,13:49:06.503,40.8000,56
49746503724925,13:49:06.503,40.8000,44
49746503760674,13:49:06.503,40.8000,56
49746503760674,13:49:06.503,40.8100,44
49746504307100,13:49:06.504,40.8100,56
49746504341638,13:49:06.504,40.8200,93
49746504366669,13:49:06.504,40.8200,7
49746504366669,13:49:06.504,40.8200,49
49746504397538,13:49:06.504,40.8200,51
49797586063153,13:49:57.586,40.8200,29
50110136857776,13:55:10.136,40.8500,84
50258529454736,13:57:38.529,40.8600,1
50347211829222,13:59:07.211,40.8200,6
50347212251260,13:59:07.212,40.8000,100
50347212251260,13:59:07.212,40.8000,79
50402715553623,14:00:02.715,40.7900,47
50402764968806,14:00:02.764,40.7900,53
50402764968806,14:00:02.764,40.7900,100
50410073732050,14:00:10.073,40.8700,45
50413050306940,14:00:13.050,40.8700,55
50413050306940,14:00:13.050,40.8700,100
50413050306940,14:00:13.050,40.8700,100
50413050716238,14:00:13.050,40.8700,100
50413052106445,14:00:13.052,40.8700,100
50413073001613,14:00:13.073,40.8700,100
50444878754940,14:00:44.878,40.8700,100
50459272721350,14:00:59.272,40.7800,6
50496091960223,14:01:36.091,40.8200,100
50525214208065,14:02:05.214,40.7900,75
50525214208065,14:02:05.214,40.7800,14
50530916411254,14:02:10.916,40.7800,75
50530916760537,14:02:10.916,40.7900,4
50530929095769,14:02:10.929,40.7800,4
50573476323299,14:02:53.476,40.7400,200
50597947185494,14:03:17.947,40.7700,100
50597947282152,14:03:17.947,40.7700,100
50599530387320,14:03:19.530,40.7800,100
50600998021023,14:03:20.998,40.7800,27
50600998021023,14:03:20.998,40.7800,100
50601136892362,14:03:21.136,40.7700,100
50610014212665,14:03:30.014,40.7900,100
50610014212665,14:03:30.014,40.7900,100
50636873299549,14:03:56.873,40.7600,6
50647441630676,14:04:07.441,40.8000,100
50653191311734,14:04:13.191,40.8200,100
50653191373459,14:04:13.191,40.8200,2
50653191373459,14:04:13.191,40.8200,98
50653191403010,14:04:13.191,40.8200,2
50653193539732,14:04:13.193,40.8300,2
50679680392946,14:04:39.680,40.8500,1
50680208689434,14:04:40.208,40.8700,2
50680284038125,14:04:40.284,40.8800,2
50691364646442,14:04:51.364,40.8900,2
50691364646442,14:04:51.364,40.9000,1
50691364646442,14:04:51.364,40.9000,1
50691364646442,14:04:51.364,40.9000,96
50691365323820,14:04:51.365,40.9000,4
50709023336884,14:05:09.023,40.9100,2
50759256489564,14:05:59.256,40.9100,100
50760909253866,14:06:00.909,40.9300,2
50760909253866,14:06:00.909,40.9300,8
50775022922542,14:06:15.022,40.9300,200
51117813789240,14:11:57.813,40.9500,100
51117813850864,14:11:57.813,40.9300,30
51117813850864,14:11:57.813,40.9200,70
51121900085961,14:12:01.900,40.9200,30
51121900085961,14:12:01.900,40.9200,32
51121912207803,14:12:01.912,40.8900,100
51132024485073,14:12:12.024,40.9300,30
51132163475248,14:12:12.163,40.9300,100
51137688535996,14:12:17.688,40.9300,70
51150980033769,14:12:30.980,40.9700,2
51150980033769,14:12:30.980,40.9700,3
51151074683972,14:12:31.074,40.9900,200
51212357262378,14:13:32.357,40.9800,100
51212882817147,14:13:32.882,40.9800,100
51242600592353,14:14:02.600,40.9800,100
51242600615657,14:14:02.600,40.9800,100
51272305061236,14:14:32.305,41.0100,2
51272305061236,14:14:32.305,41.0100,98
51272305194205,14:14:32.305,41.0100,2
51275811031732,14:14:35.811,41.0200,1
51275811031732,14:14:35.811,41.0300,99
51275814943187,14:14:35.814,41.0300,1
51279900494820,14:14:39.900,41.1200,100
51307094031450,14:15:07.094,41.1000,100
51307094031450,14:15:07.094,41.0800,30
51341465909030,14:15:41.465,41.0400,100
51341465909030,14:15:41.465,41.0300,100
51341466371976,14:15:41.466,41.0300,100
51458362994496,14:17:38.362,41.1300,100
51458363077736,14:17:38.363,41.1300,100
51549158981258,14:19:09.158,41.1500,100
51549159566007,14:19:09.159,41.1600,100
51661018975098,14:21:01.018,41.2000,100
51838831975901,14:23:58.831,41.2700,100
51838831975901,14:23:58.831,41.2700,100
51838833727162,14:23:58.833,41.3200,100
51838833727162,14:23:58.833,41.3200,22
51838866321315,14:23:58.866,41.3200,14
51840432109016,14:24:00.432,41.3000,100
51840432109016,14:24:00.432,41.3000,100
51840432585093,14:24:00.432,41.3000,100
51841263317700,14:24:01.263,41.3200,23
51896977025067,14:24:56.977,41.2300,100
51898990644765,14:24:58.990,41.2200,100
51898990668467,14:24:58.990,41.2200,3
52199072353689,14:29:59.072,40.9500,6
52217324028899,14:30:17.324,40.9700,100
52229528036646,14:30:29.528,40.9700,6
52232752564673,14:30:32.752,40.9700,8
52244905029146,14:30:44.905,41.0800,100
52275874803404,14:31:15.874,41.0100,100
52280460926293,14:31:20.460,41.0000,100
52291004803923,14:31:31.004,41.0200,6
52291005024908,14:31:31.005,41.0200,4
52304842690517,14:31:44.842,41.0800,100
52304843790873,14:31:44.843,41.0900,100
52304844186431,14:31:44.844,41.1000,4
52304844244912,14:31:44.844,41.1000,96
52304844244912,14:31:44.844,41.1000,4
52304844668712,14:31:44.844,41.1000,96
52304847179979,14:31:44.847,41.1200,100
52304875254541,14:31:44.875,41.1400,6
52304875254541,14:31:44.875,41.1400,100
52320815481732,14:32:00.815,41.0800,100
52394336465545,14:33:14.336,41.0300,6
52408555693825,14:33:28.555,41.1100,100
52408556159092,14:33:28.556,41.1200,100
52423222266211,14:33:43.222,41.0700,6
52426102606623,14:33:46.102,41.0400,6
52429326449515,14:33:49.326,41.0400,6
52432571053818,14:33:52.571,41.0400,6
52436469306559,14:33:56.469,41.0400,6
52478147254700,14:34:38.147,41.0500,6
52521457840840,14:35:21.457,41.1200,50
52521458043842,14:35:21.458,41.1300,100
52521458052718,14:35:21.458,41.1400,100
52522886646097,14:35:22.886,41.1200,26
52522886704498,14:35:22.886,41.1400,30
52522886704498,14:35:22.886,41.1500,100
52522886704498,14:35:22.886,41.1500,65
52522886704498,14:35:22.886,41.1500,100
52524085040076,14:35:24.085,41.1800,100
52524085040076,14:35:24.085,41.1800,100
52526244067111,14:35:26.244,41.2600,100
52526244067111,14:35:26.244,41.2600,100
52526244067111,14:35:26.244,41.2700,105
52561403991565,14:36:01.403,41.2400,100
52571061239443,14:36:11.061,41.1400,6
52573166220282,14:36:13.166,41.1300,100
52573166446883,14:36:13.166,41.1300,100
52573166492849,14:36:13.166,41.1300,40
52622193146853,14:37:02.193,41.1600,100
52636841289134,14:37:16.841,41.1000,100
52663329614191,14:37:43.329,41.1800,6
52695905294875,14:38:15.905,41.1800,100
52695956703879,14:38:15.956,41.2200,100
52706270086204,14:38:26.270,41.2700,100
52723274436942,14:38:43.274,41.2200,100
52723274472199,14:38:43.274,41.2200,100
52723274483583,14:38:43.274,41.2200,64
52723284443066,14:38:43.284,41.2400,100
52733484141871,14:38:53.484,41.2400,100
52754276359698,14:39:14.276,41.2200,18
52839920787079,14:40:39.920,41.2200,82
52839920787079,14:40:39.920,41.2200,10
52839920787079,14:40:39.920,41.2200,8
52937037914155,14:42:17.037,41.2600,100
52937037914155,14:42:17.037,41.2600,100
52937037914155,14:42:17.037,41.2600,100
52937037914155,14:42:17.037,41.2600,200
52984551703634,14:43:04.551,41.2400,100
52986599584143,14:43:06.599,41.2400,100
53013140301584,14:43:33.140,41.2000,100
53013140301584,14:43:33.140,41.2000,100
53013140301584,14:43:33.140,41.2000,3
53013140301584,14:43:33.140,41.2000,1
53013140301584,14:43:33.140,41.2000,96
53013140676245,14:43:33.140,41.2000,4
53090256757414,14:44:50.256,41.2100,39
53090256763150,14:44:50.256,41.2100,61
53090257089824,14:44:50.257,41.2200,100
53090257089824,14:44:50.257,41.2200,100
53090257201007,14:44:50.257,41.2300,100
53090257443176,14:44:50.257,41.2300,20
53090257557454,14:44:50.257,41.2300,20
53120119987648,14:45:20.119,41.1900,100
53120119987648,14:45:20.119,41.1900,6
53148004574278,14:45:48.004,41.2000,100
53216219844874,14:46:56.219,41.2300,100
53216225284723,14:46:56.225,41.2400,2
53240401050058,14:47:20.401,41.2600,2
53240401050058,14:47:20.401,41.2600,100
53240401153777,14:47:20.401,41.2700,1
53281524328613,14:48:01.524,41.2900,2
53290074057965,14:48:10.074,41.2600,5
53290074057965,14:48:10.074,41.2500,95
53458580731058,14:50:58.580,41.2600,50
53491268394414,14:51:31.268,41.2900,100
53493524174614,14:51:33.524,41.2500,5
53493524174614,14:51:33.524,41.2500,95
53493524219211,14:51:33.524,41.2500,5
53493524219211,14:51:33.524,41.2500,100
53493524219211,14:51:33.524,41.2500,136
53493524259435,14:51:33.524,41.2500,37
53494932683009,14:51:34.932,41.2600,100
53511155703071,14:51:51.155,41.2800,100
53542035006056,14:52:22.035,41.3100,100
53542165427088,14:52:22.165,41.3300,30
53655232674311,14:54:15.232,41.3700,100
53690847183927,14:54:50.847,41.3400,100
53690847234191,14:54:50.847,41.3400,4
53690847269877,14:54:50.847,41.3400,96
53690847269877,14:54:50.847,41.3400,4
53690847601536,14:54:50.847,41.3400,96
53694795172293,14:54:54.795,41.3200,6
53716748147502,14:55:16.748,41.3600,100
53740976718352,14:55:40.976,41.3300,100
53743764849626,14:55:43.764,41.3300,6
53748848021600,14:55:48.848,41.3300,5
53748848021600,14:55:48.848,41.3000,1
53772062673863,14:56:12.062,41.3300,100
53772062673863,14:56:12.062,41.3300,100
53805218449378,14:56:45.218,41.3500,100
53805219055444,14:56:45.219,41.3600,100
53805219844331,14:56:45.219,41.3700,27
53805219853060,14:56:45.219,41.3700,73
53805220343775,14:56:45.220,41.3800,100
53805221277597,14:56:45.221,41.3800,2
53805221315254,14:56:45.221,41.3800,38
53805227547209,14:56:45.227,41.3900,100
53805227644667,14:56:45.227,41.4000,100
53808104579635,14:56:48.104,41.4400,26
53830383547908,14:57:10.383,41.4200,100
53849761259148,14:57:29.761,41.4100,6
53853528366829,14:57:33.528,41.4100,94
53853528366829,14:57:33.528,41.4100,6
53853528413943,14:57:33.528,41.4100,94
53872069225360,14:57:52.069,41.3800,100
53874841944482,14:57:54.841,41.3700,6
53954757332490,14:59:14.757,41.3400,100
53956623047806,14:59:16.623,41.3400,100
53960343149011,14:59:20.343,41.3400,37
53965776771802,14:59:25.776,41.3400,60
53965776771802,14:59:25.776,41.3100,40
53997678146189,14:59:57.678,41.3000,100
54030916987966,15:00:30.916,41.3200,100
54035410161300,15:00:35.410,41.2800,100
54037835105720,15:00:37.835,41.2800,15
54044660516534,15:00:44.660,41.3400,60
54044660516534,15:00:44.660,41.3400,37
54044749289730,15:00:44.749,41.3900,100
54044749299147,15:00:44.749,41.4000,22
54044749308519,15:00:44.749,41.4000,78
54050275042138,15:00:50.275,41.3700,6
54057361432587,15:00:57.361,41.3700,6
54057361827168,15:00:57.361,41.3700,66
54057361829143,15:00:57.361,41.3700,28
54075475839037,15:01:15.475,41.3500,100
54111961475936,15:01:51.961,41.3900,100
54111971199998,15:01:51.971,41.4200,55
54118250235350,15:01:58.250,41.4100,100
54118259215659,15:01:58.259,41.4200,100
54142115047116,15:02:22.115,41.4300,100
54142115552842,15:02:22.115,41.4400,100
54142123169394,15:02:22.123,41.4500,100
54147464979441,15:02:27.464,41.4300,100
54147466628001,15:02:27.466,41.4300,100
54147468695020,15:02:27.468,41.4300,100
54147621806150,15:02:27.621,41.4300,100
54147621903117,15:02:27.621,41.4300,100
54147621983105,15:02:27.621,41.4300,100
54158098645035,15:02:38.098,41.4200,100
54165393126094,15:02:45.393,41.4100,100
54176549036259,15:02:56.549,41.4100,100
54176553960920,15:02:56.553,41.4200,100
54176557774401,15:02:56.557,41.4500,100
54212716346339,15:03:32.716,41.3800,100
54212716346339,15:03:32.716,41.3900,100
54227586175002,15:03:47.586,41.3900,13
54227586229303,15:03:47.586,41.4000,87
54235762307784,15:03:55.762,41.3600,6
54239675957466,15:03:59.675,41.4200,100
54239675957466,15:03:59.675,41.4200,100
54246786319053,15:04:06.786,41.3700,100
54284375380725,15:04:44.375,41.3600,6
54288751639697,15:04:48.751,41.4000,100
54292745584726,15:04:52.745,41.4000,100
54299063972548,15:04:59.063,41.3900,100
54306586764557,15:05:06.586,41.3900,100
54306586833518,15:05:06.586,41.3900,600
54306586833518,15:05:06.586,41.3900,1
54306587414854,15:05:06.587,41.3900,100
54307200645495,15:05:07.200,41.4300,13
54308655235907,15:05:08.655,41.4000,20
54308655235907,15:05:08.655,41.4000,80
54315385704649,15:05:15.385,41.4400,100
54419338685157,15:06:59.338,41.3900,20
54435604706429,15:07:15.604,41.3900,80
54472621642659,15:07:52.621,41.3700,25
54627788791053,15:10:27.788,41.4000,79
54710346531738,15:11:50.346,41.3300,100
54710346572643,15:11:50.346,41.3300,1
54710346572643,15:11:50.346,41.3300,140
54710346576789,15:11:50.346,41.3300,60
54710354974762,15:11:50.354,41.3400,100
54712111123633,15:11:52.111,41.3000,54
54867289601235,15:14:27.289,41.3200,100
54867290017374,15:14:27.290,41.3300,90
54867290022764,15:14:27.290,41.3300,10
54867290399871,15:14:27.290,41.3300,20
54867290409788,15:14:27.290,41.3400,100
54867290494083,15:14:27.290,41.3500,100
54867290517453,15:14:27.290,41.3600,100
54916798193062,15:15:16.798,41.4000,100
54916799994856,15:15:16.799,41.4300,41
54935287103563,15:15:35.287,41.4300,59
54966194923287,15:16:06.194,41.4500,100
54966194923287,15:16:06.194,41.4500,100
54966203720653,15:16:06.203,41.4800,10
54966203720653,15:16:06.203,41.4800,90
54966209747904,15:16:06.209,41.4500,10
54966211118153,15:16:06.211,41.4500,200
54966218404390,15:16:06.218,41.4800,100
54966219119630,15:16:06.219,41.4600,10
54966219119630,15:16:06.219,41.4600,30
54966229419296,15:16:06.229,41.4800,10
54966229419296,15:16:06.229,41.4800,15
54966229419296,15:16:06.229,41.5000,3
54966230319279,15:16:06.230,41.4600,30
54966230319279,15:16:06.230,41.4600,100
54966243617653,15:16:06.243,41.5100,100
54966253347857,15:16:06.253,41.5200,200
54966253347857,15:16:06.253,41.5200,100
54966253501000,15:16:06.253,41.5000,40
54966253912967,15:16:06.253,41.4700,100
54966254568459,15:16:06.254,41.4700,100
54966272815937,15:16:06.272,41.5500,100
54966272815937,15:16:06.272,41.5500,76
54966272815937,15:16:06.272,41.5500,100
54966272815937,15:16:06.272,41.5500,124
54967018438212,15:16:07.018,41.5500,15
55003143679948,15:16:43.143,41.5000,100
55003143679948,15:16:43.143,41.4700,100
55003143679948,15:16:43.143,41.4600,100
55003143679948,15:16:43.143,41.4600,1
55003143679948,15:16:43.143,41.4600,100
55003144139425,15:16:43.144,41.5100,30
55003144169274,15:16:43.144,41.5100,100
55003144321802,15:16:43.144,41.4700,100
55003144321802,15:16:43.144,41.4600,10
55003144321802,15:16:43.144,41.4600,30
55003144321802,15:16:43.144,41.4600,10
55003144321802,15:16:43.144,41.4600,100
55003144890844,15:16:43.144,41.4800,100
55003145083372,15:16:43.145,41.4800,100
55003145658876,15:16:43.145,41.4600,100
55003146019251,15:16:43.146,41.4600,100
55003146019251,15:16:43.146,41.4500,100
55003146019251,15:16:43.146,41.4500,100
55003146019251,15:16:43.146,41.4500,50
55003146957224,15:16:43.146,41.4500,100
55003149856957,15:16:43.149,41.4800,100
55003154069581,15:16:43.154,41.4600,10
55003154069581,15:16:43.154,41.4600,90
55003155090172,15:16:43.155,41.4700,100
55003155090172,15:16:43.155,41.4600,10
55003156151722,15:16:43.156,41.4800,30
55003156151722,15:16:43.156,41.5000,70
55003159093106,15:16:43.159,41.5000,30
55003169941378,15:16:43.169,41.5200,100
55003169941378,15:16:43.169,41.5300,100
55003181996720,15:16:43.181,41.5500,100
55003193130884,15:16:43.193,41.5600,100
55003193130884,15:16:43.193,41.5600,100
55003202462423,15:16:43.202,41.5800,100
55003212560852,15:16:43.212,41.6000,100
55003212560852,15:16:43.212,41.6000,100
55003230809695,15:16:43.230,41.6400,100
55003240059661,15:16:43.240,41.6400,100
55003240059661,15:16:43.240,41.6400,100
55003240513773,15:16:43.240,41.6500,77
55003250320862,15:16:43.250,41.5700,100
55003250320862,15:16:43.250,41.5600,100
55003250320862,15:16:43.250,41.5600,12
55003264297393,15:16:43.264,41.5600,18
55003264297393,15:16:43.264,41.5600,100
55003264333374,15:16:43.264,41.5600,100
55003267984822,15:16:43.267,41.5900,100
55003274487017,15:16:43.274,41.6300,100
55003274487017,15:16:43.274,41.6300,90
55003274554980,15:16:43.274,41.6100,30
55003274554980,15:16:43.274,41.6000,70
55003274702065,15:16:43.274,41.6000,30
55003274929280,15:16:43.274,41.6000,10
55025610618967,15:17:05.610,41.5200,9
55060780200915,15:17:40.780,41.5300,10
55060780341005,15:17:40.780,41.5200,10
55060780341005,15:17:40.780,41.5200,90
55060780349814,15:17:40.780,41.5200,10
55078272901069,15:17:58.272,41.5400,100
55081014177500,15:18:01.014,41.5500,52
55090363839481,15:18:10.363,41.5100,200
55090643429503,15:18:10.643,41.5000,100
55090643510198,15:18:10.643,41.4900,30
55090643527078,15:18:10.643,41.4800,100
55143352530760,15:19:03.352,41.4500,100
55143352530760,15:19:03.352,41.4400,1
55143352612115,15:19:03.352,41.4400,100
55167138806079,15:19:27.138,41.4200,18
55167138872930,15:19:27.138,41.4200,82
55167138872930,15:19:27.138,41.4200,18
55167138903070,15:19:27.138,41.4200,82
55167640702366,15:19:27.640,41.4000,100
55203241802365,15:20:03.241,41.4100,100
55203241802365,15:20:03.241,41.4100,30
55203241802365,15:20:03.241,41.4100,79
55237735820138,15:20:37.735,41.4700,100
55237739788213,15:20:37.739,41.4800,100
55237739788213,15:20:37.739,41.4800,100
55237740555183,15:20:37.740,41.4800,20
55237740555183,15:20:37.740,41.4800,36
55238772483985,15:20:38.772,41.4800,64
55238772575506,15:20:38.772,41.4600,100
55273229723418,15:21:13.229,41.4900,100
55273229723418,15:21:13.229,41.4900,100
55273233109585,15:21:13.233,41.4600,100
55273233521504,15:21:13.233,41.4600,100
55273233549140,15:21:13.233,41.4600,50
55289063347506,15:21:29.063,41.5200,100
55332822194856,15:22:12.822,41.4600,100
55332822237750,15:22:12.822,41.4600,1
55345801620931,15:22:25.801,41.4300,6
55345801731966,15:22:25.801,41.4300,94
55492594451070,15:24:52.594,41.3900,100
55546145491450,15:25:46.145,41.4050,100
55581258693690,15:26:21.258,41.3900,6
55595189240926,15:26:35.189,41.3900,6
55595189346066,15:26:35.189,41.3900,188
55600967618452,15:26:40.967,41.3800,100
55621452786503,15:27:01.452,41.4200,30
55621452786503,15:27:01.452,41.4200,70
55621460138332,15:27:01.460,41.4200,30
55621460138332,15:27:01.460,41.4200,70
55621461083112,15:27:01.461,41.4300,100
55621461725577,15:27:01.461,41.4200,30
55648090972658,15:27:28.090,41.3700,6
55707243329827,15:28:27.243,41.4300,100
55712641380372,15:28:32.641,41.4500,100
55712786208503,15:28:32.786,41.4500,100
55780858177737,15:29:40.858,41.3800,1
55780858177737,15:29:40.858,41.3700,5
55783935005621,15:29:43.935,41.3700,89
55783935005621,15:29:43.935,41.3700,8
55795823164084,15:29:55.823,41.3600,6
55835573293993,15:30:35.573,41.3400,20
55835573293993,15:30:35.573,41.3400,80
55873327590703,15:31:13.327,41.3500,100
55873327627977,15:31:13.327,41.3500,100
55873327710223,15:31:13.327,41.3500,100
55873445942714,15:31:13.445,41.3800,100
55877658071606,15:31:17.658,41.3900,100
55924915526638,15:32:04.915,41.3900,6
55934512644826,15:32:14.512,41.4000,5
55934512703033,15:32:14.512,41.3900,100
55934512703033,15:32:14.512,41.3900,5
55934512745532,15:32:14.512,41.3900,95
55934512745532,15:32:14.512,41.3900,100
55934521735763,15:32:14.521,41.4000,10
55934521735763,15:32:14.521,41.4000,90
55935916373720,15:32:15.916,41.3900,10
55971426883101,15:32:51.426,41.3500,25
56001452511157,15:33:21.452,41.3500,75
56001452511157,15:33:21.452,41.3500,81
56001452511157,15:33:21.452,41.3500,1
56010666278167,15:33:30.666,41.3500,6
56010666278167,15:33:30.666,41.3500,6
56010856540635,15:33:30.856,41.3600,100
56012442683120,15:33:32.442,41.3900,100
56056860546383,15:34:16.860,41.3100,9
56056861929897,15:34:16.861,41.3100,191
56078490294628,15:34:38.490,41.3400,100
56104359777507,15:35:04.359,41.3800,100
56104359777507,15:35:04.359,41.3800,30
56104362346938,15:35:04.362,41.4000,88
56104363156298,15:35:04.363,41.4000,12
56104365274740,15:35:04.365,41.4100,100
56104365274740,15:35:04.365,41.4200,100
56104365549866,15:35:04.365,41.4200,48
56104366259145,15:35:04.366,41.4200,52
56104367592181,15:35:04.367,41.4300,100
56104367624477,15:35:04.367,41.4300,100
56104394490653,15:35:04.394,41.4400,100
56117152387695,15:35:17.152,41.4500,100
56163795109110,15:36:03.795,41.4100,100
56163795120599,15:36:03.795,41.4100,1
56163799534796,15:36:03.799,41.4200,100
56172966759388,15:36:12.966,41.4500,100
56181224404555,15:36:21.224,41.4100,6
56183497471114,15:36:23.497,41.4000,100
56211983429230,15:36:51.983,41.3400,100
56218604900770,15:36:58.604,41.3400,1000
56271630089142,15:37:51.630,41.3200,100
56271630089142,15:37:51.630,41.3400,100
56271631129977,15:37:51.631,41.3500,100
56271639183486,15:37:51.639,41.3600,100
56299453972134,15:38:19.453,41.3100,100
56303200131453,15:38:23.200,41.3100,100
56305192563625,15:38:25.192,41.3100,100
56312781270232,15:38:32.781,41.3400,100
56317155136849,15:38:37.155,41.3000,100
56317159347991,15:38:37.159,41.3200,100
56317276915034,15:38:37.276,41.3300,100
56317283371333,15:38:37.283,41.3600,100
56317283371333,15:38:37.283,41.3600,68
56321720795693,15:38:41.720,41.3600,32
56330842496249,15:38:50.842,41.3700,100
56330844952230,15:38:50.844,41.3800,100
56330844952230,15:38:50.844,41.3800,85
56330844980543,15:38:50.844,41.3800,115
56330845007273,15:38:50.845,41.3900,34
56330845010389,15:38:50.845,41.3900,49
56330845036030,15:38:50.845,41.3900,17
56330845036030,15:38:50.845,41.3900,10
56330845080055,15:38:50.845,41.4000,5
56330847629547,15:38:50.847,41.4000,10
56330847629547,15:38:50.847,41.4000,23
56330847631048,15:38:50.847,41.4000,17
56330847638828,15:38:50.847,41.4100,5
56330860243753,15:38:50.860,41.4200,7
56330995607023,15:38:50.995,41.4200,100
56363275354076,15:39:23.275,41.3800,100
56363275391776,15:39:23.275,41.3800,1
56460520607459,15:41:00.520,41.3400,6
56464654646295,15:41:04.654,41.3300,6
56465520134210,15:41:05.520,41.4000,100
56465528282469,15:41:05.528,41.4000,100
56465535025733,15:41:05.535,41.4000,10
56465550607559,15:41:05.550,41.4100,100
56466960582531,15:41:06.960,41.3900,100
56466966349302,15:41:06.966,41.4000,100
56466976190054,15:41:06.976,41.4100,100
56491280114431,15:41:31.280,41.3600,1
56491280727454,15:41:31.280,41.3600,100
56496356260423,15:41:36.356,41.3700,100
56499972120447,15:41:39.972,41.3600,100
56499972514685,15:41:39.972,41.3600,100
56517839182902,15:41:57.839,41.3300,2
56517839182902,15:41:57.839,41.3300,98
56517839227218,15:41:57.839,41.3300,2
56517839227218,15:41:57.839,41.3300,100
56576205077209,15:42:56.205,41.3600,50
56578684989775,15:42:58.684,41.3800,100
56578685407930,15:42:58.685,41.4000,49
56578685409364,15:42:58.685,41.4000,50
56578685421594,15:42:58.685,41.4000,1
56578948436306,15:42:58.948,41.4200,100
56641064045959,15:44:01.064,41.4100,100
56641064045959,15:44:01.064,41.4100,100
56641064086581,15:44:01.064,41.4100,100
56641065097378,15:44:01.065,41.4100,12
56641065206084,15:44:01.065,41.4100,88
56671008102010,15:44:31.008,41.4000,100
56698585105643,15:44:58.585,41.4000,100
56711067568707,15:45:11.067,41.4300,3
56711067568707,15:45:11.067,41.4300,100
56711067568707,15:45:11.067,41.4300,100
56712060735366,15:45:12.060,41.4900,26
56712072593461,15:45:12.072,41.4900,30
56712072629529,15:45:12.072,41.4900,21
56718212300037,15:45:18.212,41.4700,100
56718319311559,15:45:18.319,41.4700,100
56718323150903,15:45:18.323,41.4700,100
56718323218242,15:45:18.323,41.4700,100
56718323658611,15:45:18.323,41.4700,100
56740941016469,15:45:40.941,41.4700,100
56740941016469,15:45:40.941,41.4700,100
56740941114078,15:45:40.941,41.4700,100
56741123810076,15:45:41.123,41.5300,4
56780617724758,15:46:20.617,41.5000,100
56780770535530,15:46:20.770,41.5200,25
56783534894850,15:46:23.534,41.5200,75
56783534894850,15:46:23.534,41.5200,100
56783534894850,15:46:23.534,41.5200,2
56783534894850,15:46:23.534,41.5200,100
56783535249451,15:46:23.535,41.5300,25
56783535251892,15:46:23.535,41.5300,50
56783535264568,15:46:23.535,41.5300,21
56795003197847,15:46:35.003,41.5900,14
56799723480594,15:46:39.723,41.5800,100
56799723480594,15:46:39.723,41.5800,100
56799723480594,15:46:39.723,41.5800,100
56799723480594,15:46:39.723,41.5800,200
56799728871594,15:46:39.728,41.5700,100
56799732287263,15:46:39.732,41.5700,100
56799807759807,15:46:39.807,41.5800,93
56799807834469,15:46:39.807,41.5800,407
56799807834469,15:46:39.807,41.5800,100
56799816886197,15:46:39.816,41.5800,100
56805752710227,15:46:45.752,41.5500,100
56805763010028,15:46:45.763,41.5800,100
56813604645483,15:46:53.604,41.5800,100
56816003347514,15:46:56.003,41.5800,7
56818223696964,15:46:58.223,41.5800,4
56818224111061,15:46:58.224,41.5800,89
56818224111061,15:46:58.224,41.5800,100
56818224111061,15:46:58.224,41.5800,11
56818224141810,15:46:58.224,41.5800,29
56824222680793,15:47:04.222,41.5400,51
56824222690103,15:47:04.222,41.5400,49
56824223062219,15:47:04.223,41.5400,29
56824223102110,15:47:04.223,41.5400,2
56824224601629,15:47:04.224,41.5500,30
56824224601629,15:47:04.224,41.5500,14
56824224601629,15:47:04.224,41.5500,29
56824282553697,15:47:04.282,41.5700,100
56854200665961,15:47:34.200,41.5000,100
56872029489417,15:47:52.029,41.5000,6
56902174088646,15:48:22.174,41.5300,1
56902174088646,15:48:22.174,41.5300,14
56902174088646,15:48:22.174,41.5300,16
56902174148003,15:48:22.174,41.5300,84
56902174148003,15:48:22.174,41.5300,16
56902174183897,15:48:22.174,41.5300,84
56902174273676,15:48:22.174,41.5400,16
56902174435853,15:48:22.174,41.5400,9
56902174627319,15:48:22.174,41.5400,75
56902176031029,15:48:22.176,41.5500,100
56902176065184,15:48:22.176,41.5600,100
56902176065184,15:48:22.176,41.5600,105
56902176102507,15:48:22.176,41.5600,91
56902176105646,15:48:22.176,41.5600,4
56902176158773,15:48:22.176,41.5700,100
56902176158773,15:48:22.176,41.5700,100
56902176875333,15:48:22.176,41.5800,18
56902180128553,15:48:22.180,41.5800,82
56902180128553,15:48:22.180,41.5700,100
56902180128553,15:48:22.180,41.5700,100
56902180128553,15:48:22.180,41.5700,18
56916162656441,15:48:36.162,41.5400,100
56924382780291,15:48:44.382,41.5300,100
56924382819211,15:48:44.382,41.5300,100
56924396499753,15:48:44.396,41.5400,100
56924396576256,15:48:44.396,41.5400,100
56945848604084,15:49:05.848,41.5500,2
56946188567380,15:49:06.188,41.5500,2
56946188567380,15:49:06.188,41.5400,98
56952779386118,15:49:12.779,41.5700,100
56953020532470,15:49:13.020,41.5800,200
56978115752173,15:49:38.115,41.5400,100
56983260546860,15:49:43.260,41.5700,5
56994593329148,15:49:54.593,41.6100,100
57008983460126,15:50:08.983,41.5600,100
57008983702945,15:50:08.983,41.5600,44
57008983884161,15:50:08.983,41.5600,56
57008984959714,15:50:08.984,41.5900,100
57009014515989,15:50:09.014,41.6000,89
57009014574532,15:50:09.014,41.6000,61
57009014602325,15:50:09.014,41.6000,39
57009014602325,15:50:09.014,41.6000,32
57010473806324,15:50:10.473,41.6000,86
57010473817161,15:50:10.473,41.6000,14
57010641790233,15:50:10.641,41.6000,100
57016337675004,15:50:16.337,41.5600,100
57018667147768,15:50:18.667,41.5600,100
57018667147768,15:50:18.667,41.5600,43
57018667172342,15:50:18.667,41.5600,57
57018668389196,15:50:18.668,41.5700,100
57022958504080,15:50:22.958,41.5700,100
57022974184309,15:50:22.974,41.5800,14
57022974353864,15:50:22.974,41.5700,10
57022974437818,15:50:22.974,41.5900,100
57022975285528,15:50:22.975,41.5900,74
57022978844044,15:50:22.978,41.5900,26
57022978844044,15:50:22.978,41.5900,34
57022978844044,15:50:22.978,41.5800,40
57034417771401,15:50:34.417,41.6000,15
57034417771401,15:50:34.417,41.6000,20
57034417771401,15:50:34.417,41.6000,58
57034418284500,15:50:34.418,41.6000,474
57053134248487,15:50:53.134,41.5600,100
57053138939203,15:50:53.138,41.5800,100
57055143065291,15:50:55.143,41.5900,100
57055143065291,15:50:55.143,41.5900,100
57067353082647,15:51:07.353,41.6000,1
57067353082647,15:51:07.353,41.6000,100
57067574610392,15:51:07.574,41.6000,100
57067574610392,15:51:07.574,41.6000,100
57067574773973,15:51:07.574,41.6000,100
57067576169157,15:51:07.576,41.6100,56
57067576169157,15:51:07.576,41.6100,100
57067576169157,15:51:07.576,41.6100,43
57067626725032,15:51:07.626,41.6200,10
57076908974574,15:51:16.908,41.6200,290
57076908974574,15:51:16.908,41.6200,100
57078436131308,15:51:18.436,41.6200,100
57078436462658,15:51:18.436,41.6100,100
57078438035400,15:51:18.438,41.6200,100
57080846150590,15:51:20.846,41.6100,200
57080846507999,15:51:20.846,41.6100,64
57080846975850,15:51:20.846,41.6000,100
57080847641889,15:51:20.847,41.6050,100
57080847641889,15:51:20.847,41.6100,136
57080847641889,15:51:20.847,41.6100,100
57080847641889,15:51:20.847,41.6100,700
57085523791770,15:51:25.523,41.6100,100
57087143378508,15:51:27.143,41.6100,100
57088846149987,15:51:28.846,41.6000,100
57088848242007,15:51:28.848,41.6200,30
57092092145078,15:51:32.092,41.6400,100
57092092533233,15:51:32.092,41.6600,100
57092092563845,15:51:32.092,41.6600,100
57092097865735,15:51:32.097,41.6600,10
57092097865735,15:51:32.097,41.6600,39
57092099087871,15:51:32.099,41.6600,1
57092144292024,15:51:32.144,41.7000,100
57093198598454,15:51:33.198,41.7100,100
57093198674533,15:51:33.198,41.7200,100
57093198674533,15:51:33.198,41.7200,100
57093199160271,15:51:33.199,41.7300,100
57093199160271,15:51:33.199,41.7300,100
57093199388965,15:51:33.199,41.7400,22
57093199396796,15:51:33.199,41.7400,78
57093199948684,15:51:33.199,41.7400,29
57093216116625,15:51:33.216,41.7400,29
57122598209660,15:52:02.598,41.6400,100
57135912744593,15:52:15.912,41.6300,100
57138834389741,15:52:18.834,41.6200,100
57138834428200,15:52:18.834,41.6200,81
57138834437412,15:52:18.834,41.6200,19
57138834437412,15:52:18.834,41.6200,31
57138834451265,15:52:18.834,41.6200,100
57138834487093,15:52:18.834,41.6200,69
57138840173733,15:52:18.840,41.6300,100
57147534452871,15:52:27.534,41.6200,100
57147534452871,15:52:27.534,41.6200,100
57148904839578,15:52:28.904,41.6100,1
57179177886544,15:52:59.177,41.5700,100
57179603211687,15:52:59.603,41.5700,100
57190405699952,15:53:10.405,41.5900,38
57193545957583,15:53:13.545,41.5900,62
57193545957583,15:53:13.545,41.6000,1
57193545957583,15:53:13.545,41.6000,100
57193545957583,15:53:13.545,41.6000,37
57193545968021,15:53:13.545,41.6000,2
57193545972113,15:53:13.545,41.6000,2
57193546008793,15:53:13.546,41.6000,59
57193546008793,15:53:13.546,41.6000,100
57193546114891,15:53:13.546,41.6100,51
57193546117881,15:53:13.546,41.6100,49
57193546150661,15:53:13.546,41.6100,31
57193546314165,15:53:13.546,41.6100,19
57193546360379,15:53:13.546,41.6100,50
57193547403757,15:53:13.547,41.6100,100
57193548787332,15:53:13.548,41.6000,100
57193548787332,15:53:13.548,41.6000,92
57193887559308,15:53:13.887,41.6100,56
57202664976860,15:53:22.664,41.6000,100
57202665435277,15:53:22.665,41.5900,100
57202665455977,15:53:22.665,41.5900,100
57211225124124,15:53:31.225,41.5600,100
57227790770493,15:53:47.790,41.5400,100
57232497289494,15:53:52.497,41.5400,6
57237081300104,15:53:57.081,41.5800,58
57237085284549,15:53:57.085,41.6000,100
57244424783989,15:54:04.424,41.5800,100
57244424824936,15:54:04.424,41.5800,4
57244424824936,15:54:04.424,41.5800,96
57244424834565,15:54:04.424,41.5800,4
57247429896728,15:54:07.429,41.6000,100
57252606995465,15:54:12.606,41.5700,100
57269410668188,15:54:29.410,41.5500,100
57269410738821,15:54:29.410,41.5500,32
57269410800734,15:54:29.410,41.5500,68
57269418751942,15:54:29.418,41.5600,100
57269430544427,15:54:29.430,41.5700,100
57271617448478,15:54:31.617,41.5500,100
57279208432899,15:54:39.208,41.5500,100
57279222522848,15:54:39.222,41.5600,100
57279222748785,15:54:39.222,41.5600,30
57287614491100,15:54:47.614,41.5900,50
57287614491100,15:54:47.614,41.5900,33
57287614726513,15:54:47.614,41.5900,11
57300197429240,15:55:00.197,41.6100,100
57300197429240,15:55:00.197,41.6300,1
57300197431740,15:55:00.197,41.6400,10
57300197431740,15:55:00.197,41.6600,100
57300225447959,15:55:00.225,41.6300,100
57300336011605,15:55:00.336,41.6700,100
57303259906199,15:55:03.259,41.6500,100
57303259906199,15:55:03.259,41.6500,30
57303261428242,15:55:03.261,41.6400,100
57303745329656,15:55:03.745,41.6400,100
57307031835022,15:55:07.031,41.6200,100
57308652733441,15:55:08.652,41.6200,100
57308652733441,15:55:08.652,41.6200,100
57309865532958,15:55:09.865,41.6400,32
57314402138969,15:55:14.402,41.6300,65
57314402138969,15:55:14.402,41.6400,135
57314402180185,15:55:14.402,41.6400,200
57314402191413,15:55:14.402,41.6400,33
57314402191413,15:55:14.402,41.6400,100
57314414148485,15:55:14.414,41.6800,9
57314615896971,15:55:14.615,41.6900,10
57364887414060,15:56:04.887,41.6500,2
57369836792660,15:56:09.836,41.6800,10
57369836814564,15:56:09.836,41.6800,38
57369837857211,15:56:09.837,41.6800,52
57369837857211,15:56:09.837,41.6800,48
57369849697580,15:56:09.849,41.6800,17
57374313385125,15:56:14.313,41.6800,35
57374359561537,15:56:14.359,41.6900,15
57376043818877,15:56:16.043,41.6700,1
57386535299789,15:56:26.535,41.6700,31
57421618469081,15:57:01.618,41.6600,100
57432009266784,15:57:12.009,41.6600,100
57460891958614,15:57:40.891,41.6400,85
57460891958614,15:57:40.891,41.6500,15
57465759178926,15:57:45.759,41.6400,100
57465759526261,15:57:45.759,41.6300,2
57465759566102,15:57:45.759,41.6300,28
57465768333992,15:57:45.768,41.6400,2
57465768333992,15:57:45.768,41.6400,28
57465768333992,15:57:45.768,41.6400,10
57465768333992,15:57:45.768,41.6400,25
57466044786249,15:57:46.044,41.6300,16
57467960647908,15:57:47.960,41.6300,4
57467960647908,15:57:47.960,41.6300,20
57467960647908,15:57:47.960,41.6300,36
57469829297872,15:57:49.829,41.6200,100
57469837971927,15:57:49.837,41.6300,100
57475880906839,15:57:55.880,41.6200,40
57476096049214,15:57:56.096,41.6200,60
57476096049214,15:57:56.096,41.6200,22
57476096091592,15:57:56.096,41.6200,69
57476096094333,15:57:56.096,41.6200,9
57476096094333,15:57:56.096,41.6200,100
57476096094333,15:57:56.096,41.6200,69
57476096099792,15:57:56.096,41.6200,31
57476096110670,15:57:56.096,41.6100,11
57476096304164,15:57:56.096,41.6100,88
57476096311491,15:57:56.096,41.6100,49
57476096323445,15:57:56.096,41.6100,134
57476096323445,15:57:56.096,41.6100,44
57476096330224,15:57:56.096,41.6100,50
57476096335300,15:57:56.096,41.6100,21
57476099369240,15:57:56.099,41.6300,30
57476103977450,15:57:56.103,41.6300,100
57477170445020,15:57:57.170,41.6300,60
57477170470648,15:57:57.170,41.6300,22
57477834105588,15:57:57.834,41.6300,18
57477843167418,15:57:57.843,41.6300,43
57477948530710,15:57:57.948,41.6300,26
57477949038091,15:57:57.949,41.6300,24
57477949459916,15:57:57.949,41.6300,100
57477952114252,15:57:57.952,41.6200,30
57477952114252,15:57:57.952,41.6100,46
57479062306530,15:57:59.062,41.6300,30
57492417959694,15:58:12.417,41.6400,100
57492417959694,15:58:12.417,41.6400,100
57492417959694,15:58:12.417,41.6400,100
57492417959694,15:58:12.417,41.6400,100
57492417987362,15:58:12.417,41.6400,100
57492417987362,15:58:12.417,41.6400,69
57492418006118,15:58:12.418,41.6400,31
57492426201488,15:58:12.426,41.6500,85
57492426201488,15:58:12.426,41.6500,15
57492434270945,15:58:12.434,41.6500,185
57492434270945,15:58:12.434,41.6500,15
57492445070378,15:58:12.445,41.6500,49
57492445070378,15:58:12.445,41.6500,100
57492445070378,15:58:12.445,41.6500,51
57492445123633,15:58:12.445,41.6500,100
57492445896881,15:58:12.445,41.6400,50
57492501452774,15:58:12.501,41.6500,18
57492642492917,15:58:12.642,41.6500,31
57492642492917,15:58:12.642,41.6500,69
57492823071017,15:58:12.823,41.6400,97
57492823071017,15:58:12.823,41.6400,97
57492823071017,15:58:12.823,41.6400,100
57492823071017,15:58:12.823,41.6400,106
57496045318444,15:58:16.045,41.6200,38
57496049442751,15:58:16.049,41.6300,100
57496060519194,15:58:16.060,41.6300,97
57496060519194,15:58:16.060,41.6400,97
57496060519194,15:58:16.060,41.6400,97
57496060519194,15:58:16.060,41.6400,9
57501821449543,15:58:21.821,41.6200,86
57501821449543,15:58:21.821,41.6200,14
57507092722719,15:58:27.092,41.6300,100
57507092762767,15:58:27.092,41.6300,100
57507092764056,15:58:27.092,41.6300,100
57507093008223,15:58:27.093,41.6400,50
57507093044262,15:58:27.093,41.6400,50
57507355202522,15:58:27.355,41.6400,97
57507355202522,15:58:27.355,41.6400,3
57507691246601,15:58:27.691,41.6300,9
57507691246601,15:58:27.691,41.6300,72
57509621971766,15:58:29.621,41.6400,100
57509622010215,15:58:29.622,41.6400,3
57513698826384,15:58:33.698,41.6300,4
57520243490797,15:58:40.243,41.6300,24
57520243490797,15:58:40.243,41.6300,76
57520252120516,15:58:40.252,41.6400,100
57531823206573,15:58:51.823,41.6300,24
57531823206573,15:58:51.823,41.6300,76
57542330057250,15:59:02.330,41.6500,16
57542335972052,15:59:02.335,41.6500,84
57542335972052,15:59:02.335,41.6500,42
57542335972052,15:59:02.335,41.6500,74
57542829882438,15:59:02.829,41.6400,87
57542829882438,15:59:02.829,41.6300,15
57542829882438,15:59:02.829,41.6300,98
57552253097614,15:59:12.253,41.6500,100
57552253097614,15:59:12.253,41.6500,51
57552878041512,15:59:12.878,41.6400,100
57555800296144,15:59:15.800,41.6500,138
57555800296144,15:59:15.800,41.6500,57
57555800296144,15:59:15.800,41.6500,5
57558394183142,15:59:18.394,41.6500,172
57559985083835,15:59:19.985,41.6500,38
57562125814923,15:59:22.125,41.6400,100
57562125856616,15:59:22.125,41.6400,15
57562125856616,15:59:22.125,41.6400,4
57569881827307,15:59:29.881,41.6500,185
57569881827307,15:59:29.881,41.6500,87
57570496581502,15:59:30.496,41.6400,72
57571859369522,15:59:31.859,41.6400,24
57571859369522,15:59:31.859,41.6400,76
57571863874032,15:59:31.863,41.6500,100
57573049437391,15:59:33.049,41.6400,17
57573051903859,15:59:33.051,41.6400,18
57573167958296,15:59:33.167,41.6400,91
57573167958296,15:59:33.167,41.6400,109
57573808347354,15:59:33.808,41.6400,6
57573808347354,15:59:33.808,41.6400,29
57573966154830,15:59:33.966,41.6400,100
57574264795057,15:59:34.264,41.6400,100
57574386198928,15:59:34.386,41.6500,100
57574836530692,15:59:34.836,41.6500,100
57575257551261,15:59:35.257,41.6500,100
57576221683645,15:59:36.221,41.6500,100
57579140508430,15:59:39.140,41.6500,13
57579140508430,15:59:39.140,41.6500,4
57579264865757,15:59:39.264,41.6500,100
57579268041607,15:59:39.268,41.6500,15
57579268041607,15:59:39.268,41.6500,85
57579760730713,15:59:39.760,41.6500,200
57579764028619,15:59:39.764,41.6500,17
57579766075844,15:59:39.766,41.6400,100
57580192194310,15:59:40.192,41.6400,100
57581918661205,15:59:41.918,41.6500,45
57581918709236,15:59:41.918,41.6500,42
57581932323332,15:59:41.932,41.6500,157
57585213528795,15:59:45.213,41.6400,100
57586139272112,15:59:46.139,41.6400,100
57587264650677,15:59:47.264,41.6300,100
57587887631363,15:59:47.887,41.6400,100
57587896768358,15:59:47.896,41.6400,200
57587896768358,15:59:47.896,41.6400,100
57587896768358,15:59:47.896,41.6400,400
57587896768358,15:59:47.896,41.6400,4600
57587897216402,15:59:47.897,41.6400,100
57591236862522,15:59:51.236,41.6400,100
57591310239594,15:59:51.310,41.6500,14
57593853118553,15:59:53.853,41.6500,235
57595108889176,15:59:55.108,41.6400,97
57595261705081,15:59:55.261,41.6400,18
57595261705081,15:59:55.261,41.6400,82
57595324704665,15:59:55.324,41.6400,20
57595324704665,15:59:55.324,41.6400,53
57595324704665,15:59:55.324,41.6100,100
57595324704665,15:59:55.324,41.6100,127
57596271554611,15:59:56.271,41.6100,73
57596271554611,15:59:56.271,41.6100,27
57597619921449,15:59:57.619,41.6300,47
57598342130306,15:59:58.342,41.6300,153
57598342130306,15:59:58.342,41.6300,47
57599400616260,15:59:59.400,41.6500,103
57599400616260,15:59:59.400,41.6600,100
57599400616260,15:59:59.400,41.6600,10
57599400616260,15:59:59.400,41.6600,400
57599400616260,15:59:59.400,41.6600,100
57599400616260,15:59:59.400,41.6600,100
57599400616260,15:59:59.400,41.6600,100
57599400616260,15:59:59.400,41.6600,200
57599400616260,15:59:59.400,41.6600,1087
57599404031284,15:59:59.404,41.6600,200
57599404031284,15:59:59.404,41.6600,200
57599405206207,15:59:59.405,41.6600,200
57599405206207,15:59:59.405,41.6600,38
57599466807123,15:59:59.466,41.6600,200
57600432543804,16:00:00.432,41.6600,31338
