timestamp,time,price,volume
34200594293950,09:30:00.594,0.0000,0
35438975911815,09:50:38.975,21.8000,500
35438976851449,09:50:38.976,21.7700,100
35732498480048,09:55:32.498,21.7900,230
35732498480048,09:55:32.498,21.7900,100
35843600828419,09:57:23.600,21.8100,100
35928975775070,09:58:48.975,21.7600,100
36167596029440,10:02:47.596,21.7600,200
36167596425429,10:02:47.596,21.7500,100
36167679931220,10:02:47.679,21.7500,100
37058978443084,10:17:38.978,21.7700,500
37059031058177,10:17:39.031,21.7500,23
37373573563107,10:22:53.573,21.7500,500
37373631800726,10:22:53.631,21.7500,100
37499936242943,10:24:59.936,21.7500,700
37499936315329,10:24:59.936,21.7500,100
37499936344205,10:24:59.936,21.7500,600
37499936344205,10:24:59.936,21.7500,1000
37499936344205,10:24:59.936,21.7500,1377
37500328027184,10:25:00.328,21.7300,500
37500328073344,10:25:00.328,21.7300,400
37500328081312,10:25:00.328,21.7300,100
37500328255833,10:25:00.328,21.7300,24
37500535937213,10:25:00.535,21.7300,100
37518669873226,10:25:18.669,21.7300,100
37518669917104,10:25:18.669,21.7300,400
37518677569675,10:25:18.677,21.7300,100
37524050489703,10:25:24.050,21.7300,100
37524057972119,10:25:24.057,21.7300,100
38532887837415,10:42:12.887,21.7400,400
38532887863937,10:42:12.887,21.7400,600
38532888605742,10:42:12.888,21.7400,60
38532888605742,10:42:12.888,21.7400,100
38818979955820,10:46:58.979,21.7000,500
38818979990599,10:46:58.979,21.7000,500
38890536163160,10:48:10.536,21.6900,100
38890536163160,10:48:10.536,21.6900,100
38890536163160,10:48:10.536,21.6900,100
39045231353151,10:50:45.231,21.6700,300
39408979822853,10:56:48.979,21.6500,500
39408979867045,10:56:48.979,21.6500,500
39718869792959,11:01:58.869,21.6400,57
39793666524513,11:03:13.666,21.6300,100
39793666524513,11:03:13.666,21.6300,100
39852879910443,11:04:12.879,21.6400,200
39950183998381,11:05:50.183,21.6400,100
39950684995862,11:05:50.684,21.6400,100
41032211310005,11:23:52.211,21.6500,100
41032211310005,11:23:52.211,21.6500,100
41032211310005,11:23:52.211,21.6500,300
41032211310005,11:23:52.211,21.6500,100
41314281796771,11:28:34.281,21.6400,100
41508984548506,11:31:48.984,21.6300,51
41508986182711,11:31:48.986,21.6400,30
42078986892565,11:41:18.986,21.6300,30
42078986892565,11:41:18.986,21.6300,70
42078987483284,11:41:18.987,21.6300,25
42308984182583,11:45:08.984,21.6300,500
42308984209655,11:45:08.984,21.6300,100
42588984639384,11:49:48.984,21.6200,300
42727442110695,11:52:07.442,21.6100,500
42727442136849,11:52:07.442,21.6100,500
43126567474227,11:58:46.567,21.6200,100
43126567474227,11:58:46.567,21.6200,100
43126567474227,11:58:46.567,21.6200,100
44108153610947,12:15:08.153,21.6200,100
44108153610947,12:15:08.153,21.6200,100
44108153610947,12:15:08.153,21.6200,100
44804945469209,12:26:44.945,21.6000,4630
44804945469209,12:26:44.945,21.6000,300
44804945469209,12:26:44.945,21.6000,100
44804945469209,12:26:44.945,21.6000,100
44807884996271,12:26:47.884,21.5800,100
44807892085694,12:26:47.892,21.5800,100
44807892085694,12:26:47.892,21.5800,100
44807892085694,12:26:47.892,21.5800,100
44809181684399,12:26:49.181,21.5900,200
44809183555038,12:26:49.183,21.5900,300
44809205069191,12:26:49.205,21.5900,100
44832334345945,12:27:12.334,21.5800,100
44876149400515,12:27:56.149,21.5900,100
44876150707894,12:27:56.150,21.5900,21
44876150707894,12:27:56.150,21.6000,189
44876150712323,12:27:56.150,21.6000,53
45136499387368,12:32:16.499,21.5800,400
45136499616511,12:32:16.499,21.5800,45
45136499651512,12:32:16.499,21.5800,155
45140262854217,12:32:20.262,21.6000,50
45140262854718,12:32:20.262,21.6000,51
45140262909332,12:32:20.262,21.6000,100
45140262926357,12:32:20.262,21.6000,100
45140262942543,12:32:20.262,21.6000,331
46021897131598,12:47:01.897,21.6200,100
46021897131598,12:47:01.897,21.6200,100
46780668318935,12:59:40.668,21.6100,800
46780668318935,12:59:40.668,21.6100,100
46780668318935,12:59:40.668,21.6100,100
46780674047340,12:59:40.674,21.5900,600
46780676955300,12:59:40.676,21.5900,100
46780676955300,12:59:40.676,21.5800,300
46780677214218,12:59:40.677,21.5800,51
46780677371258,12:59:40.677,21.5800,50
46780677739578,12:59:40.677,21.5800,19
46780677739578,12:59:40.677,21.5800,300
46780677739578,12:59:40.677,21.5800,100
46780679407156,12:59:40.679,21.5700,100
46820997447373,13:00:20.997,21.5000,100
46821404334453,13:00:21.404,21.4900,100
46822061392021,13:00:22.061,21.5300,100
46822601933630,13:00:22.601,21.5000,160
46822672053970,13:00:22.672,21.5000,240
46822836443671,13:00:22.836,21.5000,100
46822836934928,13:00:22.836,21.5000,400
46822837418209,13:00:22.837,21.5000,400
46822837418209,13:00:22.837,21.5000,100
46822996380470,13:00:22.996,21.5000,100
46887943255815,13:01:27.943,21.4700,700
46887943484694,13:01:27.943,21.4700,72
46887944003355,13:01:27.944,21.4700,228
46888950735710,13:01:28.950,21.4700,100
46888950735710,13:01:28.950,21.4700,100
46889134630633,13:01:29.134,21.4700,100
46889362106506,13:01:29.362,21.4700,100
46890582981173,13:01:30.582,21.4500,2
46890582981173,13:01:30.582,21.4500,100
46890582981173,13:01:30.582,21.4500,100
46985477916172,13:03:05.477,21.4900,40
46985477916172,13:03:05.477,21.4900,100
46985477916172,13:03:05.477,21.4900,100
47049648963070,13:04:09.648,21.4900,100
47050121062689,13:04:10.121,21.4600,100
47050121062689,13:04:10.121,21.4600,100
47050139279227,13:04:10.139,21.4800,100
47080335941570,13:04:40.335,21.4800,100
47081272768376,13:04:41.272,21.4700,100
47108843962374,13:05:08.843,21.4600,100
47200132577901,13:06:40.132,21.5100,100
47200132577901,13:06:40.132,21.5100,100
47200132606515,13:06:40.132,21.5100,100
47222064750601,13:07:02.064,21.5300,100
47222065628038,13:07:02.065,21.5300,100
47234805852027,13:07:14.805,21.5300,800
47935531156370,13:18:55.531,21.5300,100
48010217497735,13:20:10.217,21.5000,100
48033301181928,13:20:33.301,21.5000,400
48033301413738,13:20:33.301,21.5000,97
48033301421776,13:20:33.301,21.5000,3
48047048671877,13:20:47.048,21.4800,100
48047055964895,13:20:47.055,21.4800,200
48047056194463,13:20:47.056,21.4800,48
48047056205388,13:20:47.056,21.4800,49
48061597671835,13:21:01.597,21.4800,100
48061605563773,13:21:01.605,21.4800,400
48061605607885,13:21:01.605,21.4800,1103
48129299458387,13:22:09.299,21.4800,300
48129299484683,13:22:09.299,21.4800,400
48590066801342,13:29:50.066,21.5100,100
48590074067880,13:29:50.074,21.5100,100
49430924802829,13:43:50.924,21.5300,15
49445748233149,13:44:05.748,21.5300,100
49445755389428,13:44:05.755,21.5300,600
49445755432275,13:44:05.755,21.5300,285
49813431011400,13:50:13.431,21.5000,100
49933004659390,13:52:13.004,21.4900,100
50607356227874,14:03:27.356,21.5800,1000
51911897075741,14:25:11.897,21.5800,300
51920229754584,14:25:20.229,21.5800,200
51920230461576,14:25:20.230,21.5800,10
51920235664663,14:25:20.235,21.5700,1000
51920235692535,14:25:20.235,21.5700,85
53201490289849,14:46:41.490,21.5800,10
53340824837603,14:49:00.824,21.5500,200
53340828356492,14:49:00.828,21.5600,62
53340836098492,14:49:00.836,21.5400,125
53340836098492,14:49:00.836,21.5400,100
53340836098492,14:49:00.836,21.5400,100
54834460601715,15:13:54.460,21.5700,100
54834461417634,15:13:54.461,21.5700,39
54834461427326,15:13:54.461,21.5700,39
54834461431173,15:13:54.461,21.5700,40
54834461492651,15:13:54.461,21.5700,282
56530127037502,15:42:10.127,21.6400,100
56530144164063,15:42:10.144,21.5700,500
56530145532488,15:42:10.145,21.5700,37
56530145532488,15:42:10.145,21.5700,100
56530147183844,15:42:10.147,21.5700,37
56530147183844,15:42:10.147,21.5700,100
56530149585016,15:42:10.149,21.5700,37
56530149585016,15:42:10.149,21.5700,100
56530149585016,15:42:10.149,21.5500,163
56530150916351,15:42:10.150,21.5600,100
56530150916351,15:42:10.150,21.5600,100
56530150916351,15:42:10.150,21.5600,1000
56530150916351,15:42:10.150,21.5500,169
56602245986410,15:43:22.245,21.5500,200
56602246097149,15:43:22.246,21.5500,6
56602246216471,15:43:22.246,21.5500,37
56602247368058,15:43:22.247,21.5500,1425
56602247368058,15:43:22.247,21.5500,200
56602261363611,15:43:22.261,21.4900,100
56602261363611,15:43:22.261,21.4800,100
56602261363611,15:43:22.261,21.4800,100
56602261363611,15:43:22.261,21.4800,200
56602263837022,15:43:22.263,21.4800,200
56614183680348,15:43:34.183,21.4700,1000
56668488926567,15:44:28.488,21.4200,600
56668673252882,15:44:28.673,21.4200,100
56668897129854,15:44:28.897,21.4200,100
56669161088887,15:44:29.161,21.4200,100
56683100415502,15:44:43.100,21.4600,84
56683100427116,15:44:43.100,21.4600,16
56746040191624,15:45:46.040,21.4500,6
56747908781175,15:45:47.908,21.4500,100
56747908781175,15:45:47.908,21.4700,100
56747924681721,15:45:47.924,21.4500,100
56811205709658,15:46:51.205,21.4500,100
56811205709658,15:46:51.205,21.4500,50
56811205709658,15:46:51.205,21.4700,100
56823878499237,15:47:03.878,21.5100,100
56840412831170,15:47:20.412,21.5100,1
56851190025305,15:47:31.190,21.4900,74
56851190029052,15:47:31.190,21.4900,37
56851190040214,15:47:31.190,21.4900,37
56940902439303,15:49:00.902,21.4900,52
56940902439303,15:49:00.902,21.4900,5
56978600775312,15:49:38.600,21.4800,100
56978600775312,15:49:38.600,21.4800,100
56978600775312,15:49:38.600,21.4800,100
57036538275349,15:50:36.538,21.5100,4
57600450266795,16:00:00.450,0.0000,0
