timestamp,time,price,volume
32492338922739,09:01:32.338,2.2200,100
32492338922739,09:01:32.338,2.2200,251
33098930888936,09:11:38.930,2.2200,700
33202547872896,09:13:22.547,2.2200,49
34080100050333,09:28:00.100,2.2100,300
34080100055567,09:28:00.100,2.2000,42
34080100055567,09:28:00.100,2.2000,2
34099394265019,09:28:19.394,2.1900,24
34099394265019,09:28:19.394,2.1900,286
34157711627673,09:29:17.711,2.1900,2
34157711627673,09:29:17.711,2.1900,66
34200764986272,09:30:00.764,2.2000,117023
34201439367635,09:30:01.439,2.2000,100
34201439367635,09:30:01.439,2.2100,43
34282134773360,09:31:22.134,2.2000,87
34305114126145,09:31:45.114,2.2000,100
34306706273075,09:31:46.706,2.2050,300
34306706273075,09:31:46.706,2.2050,800
34306707898091,09:31:46.707,2.2050,300
34309121948101,09:31:49.121,2.2050,200
34324302096161,09:32:04.302,2.2050,700
34334411207811,09:32:14.411,2.2100,100
34334411207811,09:32:14.411,2.2100,100
34334411207811,09:32:14.411,2.2100,100
34334411640008,09:32:14.411,2.2100,100
34334411640008,09:32:14.411,2.2100,300
34334411640008,09:32:14.411,2.2100,100
34334412299874,09:32:14.412,2.2100,200
34335557113072,09:32:15.557,2.2100,200
34335557113072,09:32:15.557,2.2100,41
34342138952231,09:32:22.138,2.2100,100
34344186632949,09:32:24.186,2.2100,159
34344186632949,09:32:24.186,2.2100,41
34399817892993,09:33:19.817,2.2100,500
34399817892993,09:33:19.817,2.2100,300
34439735475462,09:33:59.735,2.2150,231
34439736008050,09:33:59.736,2.2150,227
34439736527450,09:33:59.736,2.2150,973
34439743462138,09:33:59.743,2.2200,200
34439743637551,09:33:59.743,2.2200,100
34439748791081,09:33:59.748,2.2200,1100
34439748791081,09:33:59.748,2.2200,1000
34439748791081,09:33:59.748,2.2200,600
34439748791081,09:33:59.748,2.2200,75
34439748791081,09:33:59.748,2.2200,500
34439748791081,09:33:59.748,2.2200,1000
34439748791081,09:33:59.748,2.2200,205
34439757631750,09:33:59.757,2.2200,600
34448191199949,09:34:08.191,2.2200,500
34463129559958,09:34:23.129,2.2100,100
34484162379705,09:34:44.162,2.2100,200
34495943483012,09:34:55.943,2.2100,100
34539721496296,09:35:39.721,2.2100,5600
34539721496296,09:35:39.721,2.2100,300
34539721496296,09:35:39.721,2.2100,300
34539721496296,09:35:39.721,2.2100,500
34539721496296,09:35:39.721,2.2100,125
34539721496296,09:35:39.721,2.2100,3
34539721496296,09:35:39.721,2.2100,439
34539721496296,09:35:39.721,2.2100,23
34539721496296,09:35:39.721,2.2100,10
34540754018018,09:35:40.754,2.2000,48
34548904924205,09:35:48.904,2.2000,800
34548904924205,09:35:48.904,2.2000,100
34554447674992,09:35:54.447,2.2000,100
34554447674992,09:35:54.447,2.2000,800
34554447862595,09:35:54.447,2.2000,100
34554448385738,09:35:54.448,2.2000,1000
34559590587888,09:35:59.590,2.2000,100
34564742887331,09:36:04.742,2.2000,100
34569027290157,09:36:09.027,2.2000,100
34569027290157,09:36:09.027,2.2000,500
34574334806367,09:36:14.334,2.2000,100
34590216709432,09:36:30.216,2.1950,300
34590222477346,09:36:30.222,2.1900,500
34590222477346,09:36:30.222,2.1900,50
34590222477346,09:36:30.222,2.1900,1
34590222477346,09:36:30.222,2.1900,361
34590222477346,09:36:30.222,2.1900,900
34740726599458,09:39:00.726,2.2000,200
34740726599458,09:39:00.726,2.2000,606
34740727177040,09:39:00.727,2.2000,1200
34741795606923,09:39:01.795,2.2000,3200
34747739935452,09:39:07.739,2.2000,100
34748425182689,09:39:08.425,2.2000,900
34750665511602,09:39:10.665,2.2000,200
34751288618886,09:39:11.288,2.2000,404
34918665535450,09:41:58.665,2.2000,496
34918665535450,09:41:58.665,2.2000,300
34918665535450,09:41:58.665,2.2000,400
34918665535450,09:41:58.665,2.2000,2000
34918665535450,09:41:58.665,2.2000,880
34918665535450,09:41:58.665,2.2000,500
34995025908204,09:43:15.025,2.2000,100
35048835086994,09:44:08.835,2.1900,900
35048835086994,09:44:08.835,2.1900,900
35048835086994,09:44:08.835,2.1900,2000
35048835086994,09:44:08.835,2.1900,500
35048835086994,09:44:08.835,2.1900,100
35048835086994,09:44:08.835,2.1900,900
35048835086994,09:44:08.835,2.1900,1000
35048835086994,09:44:08.835,2.1900,1200
35048835086994,09:44:08.835,2.1900,58
35048835086994,09:44:08.835,2.1900,100
35351217190561,09:49:11.217,2.1850,100
35396173307384,09:49:56.173,2.1850,200
35396173307384,09:49:56.173,2.1850,100
35396173307384,09:49:56.173,2.1850,200
35396175465396,09:49:56.175,2.1850,700
35396176966618,09:49:56.176,2.1850,100
35396183450649,09:49:56.183,2.1850,100
35532051458870,09:52:12.051,2.1800,350
35532051458870,09:52:12.051,2.1800,70
35532051458870,09:52:12.051,2.1800,300
35532051458870,09:52:12.051,2.1800,4200
35532051458870,09:52:12.051,2.1800,1329
35532051492280,09:52:12.051,2.1800,4671
35532051492280,09:52:12.051,2.1800,4
35532051492280,09:52:12.051,2.1800,900
35532051492280,09:52:12.051,2.1800,100
35532051492280,09:52:12.051,2.1800,500
35532051492280,09:52:12.051,2.1800,350
35532051905918,09:52:12.051,2.1800,100
35621872523301,09:53:41.872,2.1750,149
35708533686288,09:55:08.533,2.1800,4600
35710590900657,09:55:10.590,2.1800,2100
35710590900657,09:55:10.590,2.1800,600
35710590900657,09:55:10.590,2.1800,151
35710590900657,09:55:10.590,2.1800,10
35866754821201,09:57:46.754,2.1850,300
35866754821201,09:57:46.754,2.1850,1200
35866754821201,09:57:46.754,2.1900,4000
35866754821201,09:57:46.754,2.1900,1500
35866754821201,09:57:46.754,2.1900,1000
35866754821201,09:57:46.754,2.1900,1138
35873274080943,09:57:53.274,2.1900,1200
35873274080943,09:57:53.274,2.1900,200
35873274080943,09:57:53.274,2.1900,300
35873274080943,09:57:53.274,2.1900,700
35873278519398,09:57:53.278,2.1950,174
35873279054643,09:57:53.279,2.1950,126
36002918128091,10:00:02.918,2.1950,89
36018235088604,10:00:18.235,2.1900,100
36024328055212,10:00:24.328,2.1900,300
36024328055212,10:00:24.328,2.1900,200
36024328127140,10:00:24.328,2.1900,300
36024328127140,10:00:24.328,2.1900,2500
36024328127140,10:00:24.328,2.1900,754
36024328153572,10:00:24.328,2.1900,1913
36123498380250,10:02:03.498,2.1900,9000
36123498380250,10:02:03.498,2.1900,400
36123498380250,10:02:03.498,2.1900,2500
36123498380250,10:02:03.498,2.1900,100
36123498380250,10:02:03.498,2.1900,600
36123498380250,10:02:03.498,2.1900,100
36150708485145,10:02:30.708,2.1950,100
36303373907030,10:05:03.373,2.1900,400
36303373907030,10:05:03.373,2.1900,500
36612115284341,10:10:12.115,2.1900,100
36754132175503,10:12:34.132,2.1950,100
37713196339650,10:28:33.196,2.2000,200
37728603016321,10:28:48.603,2.2000,200
37728603016321,10:28:48.603,2.2000,1200
37728603016321,10:28:48.603,2.2000,100
37728603016321,10:28:48.603,2.2000,100
37728603016321,10:28:48.603,2.2000,400
37728603016321,10:28:48.603,2.2000,100
37728603016321,10:28:48.603,2.2000,300
37728603016321,10:28:48.603,2.2000,300
37728603016321,10:28:48.603,2.2000,500
37728603016321,10:28:48.603,2.2000,900
37728603016321,10:28:48.603,2.2000,100
37729196771844,10:28:49.196,2.2050,1200
37729196771844,10:28:49.196,2.2050,300
37729196771844,10:28:49.196,2.2100,300
37731196959862,10:28:51.196,2.2100,200
37765391427561,10:29:25.391,2.2100,400
37772020696969,10:29:32.020,2.2100,100
37787932851993,10:29:47.932,2.2100,400
37811624084395,10:30:11.624,2.2100,4600
37811624084395,10:30:11.624,2.2100,1020
37811624084395,10:30:11.624,2.2100,16
37811624084395,10:30:11.624,2.2100,100
37811624084395,10:30:11.624,2.2100,5
37811624084395,10:30:11.624,2.2100,100
37811624084395,10:30:11.624,2.2100,300
37811624084395,10:30:11.624,2.2100,100
37811624084395,10:30:11.624,2.2100,100
37811624084395,10:30:11.624,2.2100,100
37811624084395,10:30:11.624,2.2100,200
37811624084395,10:30:11.624,2.2100,1
37811624084395,10:30:11.624,2.2100,10
37811624182083,10:30:11.624,2.2100,1587
37816389019933,10:30:16.389,2.2100,200
37840741848489,10:30:40.741,2.2050,100
37863530078258,10:31:03.530,2.2050,100
37863530078258,10:31:03.530,2.2100,200
37890528921787,10:31:30.528,2.2050,100
37890528921787,10:31:30.528,2.2050,300
37896529622129,10:31:36.529,2.2050,100
37896529622129,10:31:36.529,2.2050,300
37914536615755,10:31:54.536,2.2050,100
37914536615755,10:31:54.536,2.2100,200
37914536615755,10:31:54.536,2.2100,700
37914536615755,10:31:54.536,2.2100,800
37914536615755,10:31:54.536,2.2100,300
37919530427648,10:31:59.530,2.2100,400
37954381945734,10:32:34.381,2.2100,200
37954382768906,10:32:34.382,2.2100,100
37997323704867,10:33:17.323,2.2100,100
37997325452980,10:33:17.325,2.2100,300
38417820007470,10:40:17.820,2.2050,100
38471562002748,10:41:11.562,2.2050,100
38472169999892,10:41:12.169,2.2050,100
38476674998950,10:41:16.674,2.2050,100
38682376121279,10:44:42.376,2.2100,1500
38682376121279,10:44:42.376,2.2100,100
38682376121279,10:44:42.376,2.2100,500
38682376121279,10:44:42.376,2.2100,300
38682376121279,10:44:42.376,2.2100,700
38682376121279,10:44:42.376,2.2100,400
38682376121279,10:44:42.376,2.2100,100
38682376121279,10:44:42.376,2.2100,100
38682376121279,10:44:42.376,2.2100,1900
38683375735099,10:44:43.375,2.2150,100
38707176002548,10:45:07.176,2.2200,150
38707176002548,10:45:07.176,2.2200,1000
38707176002548,10:45:07.176,2.2200,200
38707176002548,10:45:07.176,2.2200,650
38707176002548,10:45:07.176,2.2200,1453
38707176002548,10:45:07.176,2.2200,400
38707176002548,10:45:07.176,2.2200,300
38707176002548,10:45:07.176,2.2200,100
38707176002548,10:45:07.176,2.2200,89
38708218850215,10:45:08.218,2.2250,100
38717390014617,10:45:17.390,2.2250,200
38717390014617,10:45:17.390,2.2250,100
38802389283227,10:46:42.389,2.2250,200
38808389816508,10:46:48.389,2.2250,100
38826389553663,10:47:06.389,2.2250,100
38864467227485,10:47:44.467,2.2250,200
38864467227485,10:47:44.467,2.2250,100
38864467227485,10:47:44.467,2.2200,2400
39015362257895,10:50:15.362,2.2300,100
39480634893607,10:58:00.634,2.2250,200
39480634893607,10:58:00.634,2.2200,4000
39480634963330,10:58:00.634,2.2200,700
39480634963330,10:58:00.634,2.2200,2800
39480634963330,10:58:00.634,2.2200,100
39480634963330,10:58:00.634,2.2200,19
39480634963330,10:58:00.634,2.2200,10
39480634963330,10:58:00.634,2.2200,1300
39480634963330,10:58:00.634,2.2200,100
39480634963330,10:58:00.634,2.2200,100
39480634963330,10:58:00.634,2.2200,1728
39480634963330,10:58:00.634,2.2200,100
39480634963330,10:58:00.634,2.2200,1200
39515694431033,10:58:35.694,2.2150,100
39515694948266,10:58:35.694,2.2150,67
39740416133633,11:02:20.416,2.2200,25000
39740416133633,11:02:20.416,2.2200,3800
39740416133633,11:02:20.416,2.2200,688
39740416133633,11:02:20.416,2.2200,3400
39740416133633,11:02:20.416,2.2200,300
39740416133633,11:02:20.416,2.2200,2100
39740416133633,11:02:20.416,2.2200,1600
39740416133633,11:02:20.416,2.2200,212
39740416172199,11:02:20.416,2.2200,88
39751217515258,11:02:31.217,2.2250,600
39751217515258,11:02:31.217,2.2300,18800
39755053110671,11:02:35.053,2.2300,10900
39912392012049,11:05:12.392,2.2300,900
39913129615130,11:05:13.129,2.2300,100
40256123084014,11:10:56.123,2.2250,200
40256123084014,11:10:56.123,2.2250,100
40256132419218,11:10:56.132,2.2250,100
40350640519380,11:12:30.640,2.2250,200
40350640519380,11:12:30.640,2.2250,200
40350640519380,11:12:30.640,2.2250,100
40693154023267,11:18:13.154,2.2250,100
40693154024718,11:18:13.154,2.2250,100
40693154025265,11:18:13.154,2.2250,100
40948238220558,11:22:28.238,2.2250,100
41323238790476,11:28:43.238,2.2250,100
41369896172533,11:29:29.896,2.2250,200
41369919220189,11:29:29.919,2.2250,200
41369919220189,11:29:29.919,2.2200,700
41369919220189,11:29:29.919,2.2200,4200
41369919220189,11:29:29.919,2.2200,420
41369919220189,11:29:29.919,2.2200,380
41369919220189,11:29:29.919,2.2200,400
41369919220189,11:29:29.919,2.2200,200
41369919220189,11:29:29.919,2.2200,1000
41369919220189,11:29:29.919,2.2200,1400
41369919220189,11:29:29.919,2.2200,846
41369919220189,11:29:29.919,2.2200,5500
41369919220189,11:29:29.919,2.2200,100
41369919220189,11:29:29.919,2.2200,100
41369919220189,11:29:29.919,2.2200,314
41369919220189,11:29:29.919,2.2200,200
41369919220189,11:29:29.919,2.2200,600
41369919220189,11:29:29.919,2.2200,100
41369919220189,11:29:29.919,2.2200,1300
41369919220189,11:29:29.919,2.2200,800
41369919220189,11:29:29.919,2.2200,500
41369919220189,11:29:29.919,2.2200,15
41369927401307,11:29:29.927,2.2200,700
41369927401307,11:29:29.927,2.2200,500
41369927401307,11:29:29.927,2.2200,100
41369927401307,11:29:29.927,2.2200,200
41369927401307,11:29:29.927,2.2200,500
41369945703897,11:29:29.945,2.2200,100
41369945703897,11:29:29.945,2.2200,100
41369945703897,11:29:29.945,2.2200,4190
41765003052220,11:36:05.003,2.2150,200
41765003052220,11:36:05.003,2.2150,100
41810125438028,11:36:50.125,2.2150,200
41810125438028,11:36:50.125,2.2100,200
41825151198104,11:37:05.151,2.2150,100
41825151198104,11:37:05.151,2.2100,200
41840178747908,11:37:20.178,2.2150,200
41840178747908,11:37:20.178,2.2100,100
41855206369913,11:37:35.206,2.2100,300
41870238045134,11:37:50.238,2.2100,300
41885282537506,11:38:05.282,2.2100,300
41887545865243,11:38:07.545,2.2150,200
41887545865243,11:38:07.545,2.2150,100
41945382123863,11:39:05.382,2.2150,100
41945382123863,11:39:05.382,2.2100,200
41960411568002,11:39:20.411,2.2100,300
41968249272747,11:39:28.249,2.2100,100
41990468214305,11:39:50.468,2.2100,300
42005497042815,11:40:05.497,2.2100,300
42035554388617,11:40:35.554,2.2100,300
42170814110180,11:42:50.814,2.2150,200
42170814110180,11:42:50.814,2.2100,100
42576651196112,11:49:36.651,2.2100,1600
42606701075862,11:50:06.701,2.2150,200
42606701075862,11:50:06.701,2.2100,100
42877193561168,11:54:37.193,2.2100,100
43464490309187,12:04:24.490,2.2150,200
44331294017979,12:18:51.294,2.2150,300
44559249082829,12:22:39.249,2.2200,4900
44559249082829,12:22:39.249,2.2200,1200
44559249082829,12:22:39.249,2.2200,5100
44559249082829,12:22:39.249,2.2200,1100
44559249082829,12:22:39.249,2.2200,3100
44559249082829,12:22:39.249,2.2200,400
44559249082829,12:22:39.249,2.2200,2
44559249082829,12:22:39.249,2.2200,300
44559249082829,12:22:39.249,2.2200,100
44559249082829,12:22:39.249,2.2200,100
44559249082829,12:22:39.249,2.2200,100
44559249082829,12:22:39.249,2.2200,7009
44559249082829,12:22:39.249,2.2200,500
44559249082829,12:22:39.249,2.2200,300
44559249331392,12:22:39.249,2.2200,700
44559249332706,12:22:39.249,2.2200,200
44559249333311,12:22:39.249,2.2200,1200
44559257615195,12:22:39.257,2.2250,200
44559259378321,12:22:39.259,2.2250,100
44559259378321,12:22:39.259,2.2250,100
44559259898305,12:22:39.259,2.2250,200
44559261723505,12:22:39.261,2.2250,200
44622472302635,12:23:42.472,2.2300,8674
44625620966594,12:23:45.620,2.2300,27000
44625622567989,12:23:45.622,2.2300,1526
44625622567989,12:23:45.622,2.2300,100
44625622567989,12:23:45.622,2.2300,22
44625622567989,12:23:45.622,2.2300,3000
44625622567989,12:23:45.622,2.2300,100
44625622567989,12:23:45.622,2.2300,10
44625622567989,12:23:45.622,2.2300,743
44625622567989,12:23:45.622,2.2300,500
44625622567989,12:23:45.622,2.2300,116
44625622567989,12:23:45.622,2.2300,957
44625622567989,12:23:45.622,2.2300,183
44625664745768,12:23:45.664,2.2300,1313
45421065062108,12:37:01.065,2.2350,200
45421065062108,12:37:01.065,2.2350,200
45421073687934,12:37:01.073,2.2300,400
45421073687934,12:37:01.073,2.2300,700
45421073687934,12:37:01.073,2.2300,6300
45421073687934,12:37:01.073,2.2300,100
45421073687934,12:37:01.073,2.2300,19
45421073687934,12:37:01.073,2.2300,900
45421073687934,12:37:01.073,2.2300,7600
45421073687934,12:37:01.073,2.2300,2800
45421073687934,12:37:01.073,2.2300,4500
45421075638809,12:37:01.075,2.2300,12
45479031775806,12:37:59.031,2.2300,7600
45479031775806,12:37:59.031,2.2300,4600
45479077747734,12:37:59.077,2.2300,100
45479077747734,12:37:59.077,2.2300,1400
45822580710686,12:43:42.580,2.2200,900
45837609856783,12:43:57.609,2.2200,900
45852668664983,12:44:12.668,2.2200,900
45867688880281,12:44:27.688,2.2200,800
45882688975995,12:44:42.688,2.2200,900
45912746319787,12:45:12.746,2.2250,400
45912746319787,12:45:12.746,2.2200,200
45927797771934,12:45:27.797,2.2250,200
45927797771934,12:45:27.797,2.2200,600
45942797725720,12:45:42.797,2.2200,500
45957856082206,12:45:57.856,2.2200,1600
45995038957987,12:46:35.038,2.2200,1300
45995038957987,12:46:35.038,2.2200,100
45995038957987,12:46:35.038,2.2200,100
45995038957987,12:46:35.038,2.2200,17
45995038957987,12:46:35.038,2.2200,100
45995038957987,12:46:35.038,2.2200,1683
45995039068754,12:46:35.039,2.2200,2077
45995039068754,12:46:35.039,2.2200,1800
45995039068754,12:46:35.039,2.2200,6
45995040721370,12:46:35.040,2.2200,100
45995040721370,12:46:35.040,2.2200,446
45995041528827,12:46:35.041,2.2200,300
45995041581654,12:46:35.041,2.2200,300
45995041632128,12:46:35.041,2.2200,300
45995041676872,12:46:35.041,2.2200,300
45995041722085,12:46:35.041,2.2200,300
45995041765527,12:46:35.041,2.2200,300
45995041806909,12:46:35.041,2.2200,300
45995041849926,12:46:35.041,2.2200,300
46085134892012,12:48:05.134,2.2200,200
46535870009201,12:55:35.870,2.2250,300
46536400002629,12:55:36.400,2.2250,200
46539573006618,12:55:39.573,2.2250,100
47181257921295,13:06:21.257,2.2250,200
47181257921295,13:06:21.257,2.2300,1300
47181257921295,13:06:21.257,2.2300,400
47181257921295,13:06:21.257,2.2300,700
47181257921295,13:06:21.257,2.2300,100
47181257921295,13:06:21.257,2.2300,2100
47686632022466,13:14:46.632,2.2250,100
47686632023089,13:14:46.632,2.2250,100
47686632023649,13:14:46.632,2.2250,100
47749032558401,13:15:49.032,2.2250,200
47749032558401,13:15:49.032,2.2250,100
47749033806487,13:15:49.033,2.2250,300
47755032724702,13:15:55.032,2.2250,200
47755033840942,13:15:55.033,2.2250,200
47762032408223,13:16:02.032,2.2250,200
47769032769439,13:16:09.032,2.2250,100
47838484208965,13:17:18.484,2.2250,100
47838484208965,13:17:18.484,2.2250,100
47963755427045,13:19:23.755,2.2250,200
47963755427045,13:19:23.755,2.2250,350
47963756395653,13:19:23.756,2.2250,200
47963761670908,13:19:23.761,2.2250,450
47963761670908,13:19:23.761,2.2250,1200
48253502075080,13:24:13.502,2.2250,200
48254001005099,13:24:14.001,2.2250,100
48283497441136,13:24:43.497,2.2250,100
48283997009029,13:24:43.997,2.2250,100
48303498802329,13:25:03.498,2.2250,100
48303605807739,13:25:03.605,2.2250,100
48308498401827,13:25:08.498,2.2250,100
48308683178403,13:25:08.683,2.2250,100
48308683178403,13:25:08.683,2.2250,200
48308683178403,13:25:08.683,2.2250,100
48339781507379,13:25:39.781,2.2250,400
48339781507379,13:25:39.781,2.2250,300
48386365442755,13:26:26.365,2.2250,100
48423503703678,13:27:03.503,2.2250,100
48462375307741,13:27:42.375,2.2250,200
48498506384780,13:28:18.506,2.2250,100
48498611690077,13:28:18.611,2.2250,100
48501320474656,13:28:21.320,2.2250,400
48501320474656,13:28:21.320,2.2250,100
48501329421979,13:28:21.329,2.2300,200
48501329421979,13:28:21.329,2.2300,100
48501329421979,13:28:21.329,2.2300,400
48501329421979,13:28:21.329,2.2300,400
48501329421979,13:28:21.329,2.2300,700
48501329421979,13:28:21.329,2.2300,100
48501329421979,13:28:21.329,2.2300,100
48501329421979,13:28:21.329,2.2300,710
48501329421979,13:28:21.329,2.2300,600
48501329553697,13:28:21.329,2.2300,600
48501329553697,13:28:21.329,2.2300,600
48501329609936,13:28:21.329,2.2300,100
48501329609936,13:28:21.329,2.2300,600
48501329609936,13:28:21.329,2.2300,200
48582332128014,13:29:42.332,2.2350,100
48582332128014,13:29:42.332,2.2350,800
48582332128014,13:29:42.332,2.2300,2189
48589870359119,13:29:49.870,2.2300,15811
48589870359119,13:29:49.870,2.2300,1600
48589870359119,13:29:49.870,2.2300,1
48589870359119,13:29:49.870,2.2300,3088
48593032049704,13:29:53.032,2.2300,100
48593032049704,13:29:53.032,2.2300,100
48593032049704,13:29:53.032,2.2300,100
48593032049704,13:29:53.032,2.2300,17
48593032049704,13:29:53.032,2.2300,100
48593032049704,13:29:53.032,2.2300,100
48593032049704,13:29:53.032,2.2300,12
48593032049704,13:29:53.032,2.2300,2100
48593032049704,13:29:53.032,2.2300,4000
48593032049704,13:29:53.032,2.2300,3071
48593033357361,13:29:53.033,2.2300,100
48593033357361,13:29:53.033,2.2300,100
48593033357361,13:29:53.033,2.2300,1200
48593034141151,13:29:53.034,2.2300,100
48593034141151,13:29:53.034,2.2300,100
48593034141151,13:29:53.034,2.2300,100
48593045612033,13:29:53.045,2.2300,100
48593045612033,13:29:53.045,2.2300,100
48593045612033,13:29:53.045,2.2300,1600
48593045698518,13:29:53.045,2.2300,1000
48593046020247,13:29:53.046,2.2300,700
48593046344864,13:29:53.046,2.2300,500
48593050494854,13:29:53.050,2.2300,300
48593050815305,13:29:53.050,2.2300,200
48593051157981,13:29:53.051,2.2300,200
48593051780274,13:29:53.051,2.2300,200
48594155557488,13:29:54.155,2.2300,700
48594904188904,13:29:54.904,2.2300,100
48594904188904,13:29:54.904,2.2300,100
48594904188904,13:29:54.904,2.2300,500
48596981660293,13:29:56.981,2.2300,3500
48596981660293,13:29:56.981,2.2300,100
48596981660293,13:29:56.981,2.2300,100
48596981660293,13:29:56.981,2.2300,8400
48596982600343,13:29:56.982,2.2300,100
48596982600343,13:29:56.982,2.2300,100
48596982600343,13:29:56.982,2.2300,2500
48596983043561,13:29:56.983,2.2300,100
48596983138363,13:29:56.983,2.2300,100
48596983138363,13:29:56.983,2.2300,100
48596983138363,13:29:56.983,2.2300,600
48596983463505,13:29:56.983,2.2300,1100
48596983661676,13:29:56.983,2.2300,3029
48596983661676,13:29:56.983,2.2300,1871
48596984210240,13:29:56.984,2.2300,1071
48597013513001,13:29:57.013,2.2300,200
48597362717670,13:29:57.362,2.2300,800
48597362873276,13:29:57.362,2.2300,2200
48599735949198,13:29:59.735,2.2300,400
48599735949198,13:29:59.735,2.2300,6400
48599735949198,13:29:59.735,2.2300,2000
48599736617726,13:29:59.736,2.2300,3422
48599852164337,13:29:59.852,2.2300,600
48600736100691,13:30:00.736,2.2300,450
48600736100691,13:30:00.736,2.2300,2800
48600736727549,13:30:00.736,2.2300,200
48600736727549,13:30:00.736,2.2300,400
48600736727549,13:30:00.736,2.2300,2000
48607032546569,13:30:07.032,2.2350,100
48613033478982,13:30:13.033,2.2350,100
48619032562301,13:30:19.032,2.2350,100
48637737847766,13:30:37.737,2.2350,800
48637737847766,13:30:37.737,2.2300,700
48637737847766,13:30:37.737,2.2300,400
48637737847766,13:30:37.737,2.2300,6300
48637737847766,13:30:37.737,2.2300,300
48637739565582,13:30:37.739,2.2300,7
48645057447176,13:30:45.057,2.2300,400
48645057447176,13:30:45.057,2.2300,6300
48652062878292,13:30:52.062,2.2350,800
48652062878292,13:30:52.062,2.2300,5000
48652062878292,13:30:52.062,2.2300,1600
48652062878292,13:30:52.062,2.2300,3300
48652062878292,13:30:52.062,2.2300,400
48652062878292,13:30:52.062,2.2300,700
48652062878292,13:30:52.062,2.2300,800
48652062878292,13:30:52.062,2.2300,1100
48652074260452,13:30:52.074,2.2300,1400
48652085683233,13:30:52.085,2.2300,700
48655907248150,13:30:55.907,2.2300,3100
48655907248150,13:30:55.907,2.2300,600
48661214266619,13:31:01.214,2.2300,400
48661214266619,13:31:01.214,2.2300,200
48661214266619,13:31:01.214,2.2300,6300
48661394674209,13:31:01.394,2.2300,200
48661395478719,13:31:01.395,2.2300,2500
48662228567935,13:31:02.228,2.2300,300
48663168437590,13:31:03.168,2.2300,200
48663168437590,13:31:03.168,2.2300,500
48663168437590,13:31:03.168,2.2300,2800
48686004787271,13:31:26.004,2.2300,78
48686004787271,13:31:26.004,2.2300,400
48686004787271,13:31:26.004,2.2300,700
48686004787271,13:31:26.004,2.2300,6200
48686004787271,13:31:26.004,2.2300,1600
48686004787271,13:31:26.004,2.2300,100
48686004787271,13:31:26.004,2.2300,100
48686004787271,13:31:26.004,2.2300,1000
48686004787271,13:31:26.004,2.2300,4222
48688768115777,13:31:28.768,2.2300,100
48688768115777,13:31:28.768,2.2300,100
48688768115777,13:31:28.768,2.2300,1300
48688768851479,13:31:28.768,2.2300,100
48688768851479,13:31:28.768,2.2300,100
48688768851479,13:31:28.768,2.2300,4800
48688769069096,13:31:28.769,2.2300,1400
48688769069096,13:31:28.769,2.2300,100
48688769069096,13:31:28.769,2.2300,100
48688769069096,13:31:28.769,2.2300,4312
48688769069096,13:31:28.769,2.2300,3500
48694250621835,13:31:34.250,2.2300,700
48694250621835,13:31:34.250,2.2300,400
48694250621835,13:31:34.250,2.2300,6200
48694250621835,13:31:34.250,2.2300,400
48696324258148,13:31:36.324,2.2300,400
48699763628332,13:31:39.763,2.2300,5000
48699763789101,13:31:39.763,2.2300,600
48708665220000,13:31:48.665,2.2300,4800
48708665220000,13:31:48.665,2.2300,400
48708665386588,13:31:48.665,2.2300,400
48708665386588,13:31:48.665,2.2300,500
48711189163092,13:31:51.189,2.2300,5700
48711189163092,13:31:51.189,2.2300,2000
48718564711540,13:31:58.564,2.2300,700
48718564711540,13:31:58.564,2.2300,400
48718564711540,13:31:58.564,2.2300,6200
48718564711540,13:31:58.564,2.2300,1600
48722518976793,13:32:02.518,2.2300,700
48722518976793,13:32:02.518,2.2300,400
48722518976793,13:32:02.518,2.2300,6200
48722518976793,13:32:02.518,2.2300,1600
48743290451398,13:32:23.290,2.2300,700
48743290451398,13:32:23.290,2.2300,400
48743290451398,13:32:23.290,2.2300,6200
48743290451398,13:32:23.290,2.2300,1700
48756840041022,13:32:36.840,2.2300,400
48756840041022,13:32:36.840,2.2300,700
48756840041022,13:32:36.840,2.2300,6200
48756840041022,13:32:36.840,2.2300,5
48756840041022,13:32:36.840,2.2300,1600
48756840041022,13:32:36.840,2.2300,4895
48756841315510,13:32:36.841,2.2300,500
48759386308764,13:32:39.386,2.2250,500
48759386308764,13:32:39.386,2.2300,7205
48759386308764,13:32:39.386,2.2300,1595
48764994621308,13:32:44.994,2.2350,200
48854229956707,13:34:14.229,2.2300,200
48879335292823,13:34:39.335,2.2300,400
48879335292823,13:34:39.335,2.2300,6100
48879335292823,13:34:39.335,2.2300,2000
48879335292823,13:34:39.335,2.2300,200
48879335292823,13:34:39.335,2.2300,900
48879335292823,13:34:39.335,2.2300,17
48879335292823,13:34:39.335,2.2300,100
48879335292823,13:34:39.335,2.2300,20
48879335292823,13:34:39.335,2.2300,3363
48882161851583,13:34:42.161,2.2300,661
48882161851583,13:34:42.161,2.2300,100
48882161851583,13:34:42.161,2.2300,300
48882161851583,13:34:42.161,2.2300,500
48883150016727,13:34:43.150,2.2250,300
48884986020775,13:34:44.986,2.2250,300
48886407009478,13:34:46.407,2.2250,200
48895006809507,13:34:55.006,2.2300,3500
48895006809507,13:34:55.006,2.2300,400
48895006809507,13:34:55.006,2.2300,6100
48895006809507,13:34:55.006,2.2300,1500
48895006809507,13:34:55.006,2.2300,100
48895006809507,13:34:55.006,2.2300,7600
48898278361059,13:34:58.278,2.2300,4714
48898278522743,13:34:58.278,2.2300,101
48942234631839,13:35:42.234,2.2250,200
49022086676380,13:37:02.086,2.2300,785
49022086676380,13:37:02.086,2.2300,2100
49022086676380,13:37:02.086,2.2300,7200
49022086676380,13:37:02.086,2.2300,2000
49022086676380,13:37:02.086,2.2300,5000
49022086676380,13:37:02.086,2.2300,100
50348980700889,13:59:08.980,2.2300,99
50348980700889,13:59:08.980,2.2300,22
50348980700889,13:59:08.980,2.2300,5
50348980700889,13:59:08.980,2.2300,174
50364007479522,13:59:24.007,2.2300,400
50372041775161,13:59:32.041,2.2350,300
50381704810299,13:59:41.704,2.2300,100
50394060521528,13:59:54.060,2.2300,300
50398808981809,13:59:58.808,2.2300,54
50398808981809,13:59:58.808,2.2300,46
50401133729824,14:00:01.133,2.2300,100
50409091819291,14:00:09.091,2.2300,400
50416226652514,14:00:16.226,2.2300,100
50422843250894,14:00:22.843,2.2300,400
50439144691913,14:00:39.144,2.2300,400
50439144847452,14:00:39.144,2.2300,254
50454171411592,14:00:54.171,2.2300,135
50454171411592,14:00:54.171,2.2300,165
50465825930752,14:01:05.825,2.2300,129
50465825930752,14:01:05.825,2.2300,67
50465825930752,14:01:05.825,2.2300,104
50484230434542,14:01:24.230,2.2300,400
50499260468256,14:01:39.260,2.2300,300
50514287910769,14:01:54.287,2.2300,300
50529313762014,14:02:09.313,2.2300,300
50529313930613,14:02:09.313,2.2300,296
50541984040614,14:02:21.984,2.2300,100
50541984040614,14:02:21.984,2.2300,200
50559371473978,14:02:39.371,2.2300,300
50574398840764,14:02:54.398,2.2300,300
50604459826070,14:03:24.459,2.2300,300
50619499943153,14:03:39.499,2.2300,300
50619500095892,14:03:39.500,2.2300,300
50664580654870,14:04:24.580,2.2300,300
50678194846342,14:04:38.194,2.2300,4000
50678195005836,14:04:38.195,2.2300,700
50683622582438,14:04:43.622,2.2300,100
50683622582438,14:04:43.622,2.2300,200
50724679852271,14:05:24.679,2.2300,300
50739716383637,14:05:39.716,2.2300,400
50754734769938,14:05:54.734,2.2300,300
50783570233889,14:06:23.570,2.2300,400
50963707249685,14:09:23.707,2.2350,400
50963707249685,14:09:23.707,2.2400,1100
50963707249685,14:09:23.707,2.2400,2370
50963707249685,14:09:23.707,2.2400,5200
50963707249685,14:09:23.707,2.2400,1100
50963707249685,14:09:23.707,2.2400,2
50963707249685,14:09:23.707,2.2400,5000
50963707249685,14:09:23.707,2.2400,30
50963707249685,14:09:23.707,2.2400,7
50963707249685,14:09:23.707,2.2400,220
50963707249685,14:09:23.707,2.2400,5800
50963707249685,14:09:23.707,2.2400,500
50963707249685,14:09:23.707,2.2400,1000
50963707249685,14:09:23.707,2.2400,400
50963707249685,14:09:23.707,2.2400,50
50963707249685,14:09:23.707,2.2400,140
50963707249685,14:09:23.707,2.2400,684
50963707249685,14:09:23.707,2.2400,100
50963707249685,14:09:23.707,2.2400,2000
50963707249685,14:09:23.707,2.2400,1400
50963707249685,14:09:23.707,2.2400,100
50963707249685,14:09:23.707,2.2400,3016
50963707249685,14:09:23.707,2.2400,1184
50963707249685,14:09:23.707,2.2400,2197
51043454690895,14:10:43.454,2.2400,6100
51043454690895,14:10:43.454,2.2400,1000
51043454690895,14:10:43.454,2.2400,100
51043454690895,14:10:43.454,2.2400,2400
51043487782990,14:10:43.487,2.2400,300
51043488890498,14:10:43.488,2.2400,400
51044455642799,14:10:44.455,2.2400,100
51044456542356,14:10:44.456,2.2400,100
51044456861179,14:10:44.456,2.2400,300
51044460613949,14:10:44.460,2.2400,200
51047488907400,14:10:47.488,2.2400,100
51052488312038,14:10:52.488,2.2400,100
51054032802509,14:10:54.032,2.2400,200
51055488491346,14:10:55.488,2.2400,100
51056488961860,14:10:56.488,2.2400,100
51059488214467,14:10:59.488,2.2400,100
51061033466065,14:11:01.033,2.2400,100
51062487491260,14:11:02.487,2.2400,100
51065489454537,14:11:05.489,2.2400,100
51067033162179,14:11:07.033,2.2400,100
51069487460168,14:11:09.487,2.2400,100
51072487702003,14:11:12.487,2.2400,100
51074032507557,14:11:14.032,2.2400,100
51075487510748,14:11:15.487,2.2400,100
51078488058597,14:11:18.488,2.2400,100
51080032765295,14:11:20.032,2.2400,100
51081487679943,14:11:21.487,2.2400,100
51084487416946,14:11:24.487,2.2400,100
51167687408605,14:12:47.687,2.2450,200
51182249420140,14:13:02.249,2.2500,40
51182249420140,14:13:02.249,2.2500,10
51182249420140,14:13:02.249,2.2500,20
51182249420140,14:13:02.249,2.2500,100
51182249420140,14:13:02.249,2.2500,40
51182249420140,14:13:02.249,2.2500,1
51182249420140,14:13:02.249,2.2500,100
51182249420140,14:13:02.249,2.2500,2
51182249420140,14:13:02.249,2.2500,7000
51182249420140,14:13:02.249,2.2500,1000
51182249420140,14:13:02.249,2.2500,17
51182249420140,14:13:02.249,2.2500,210
51182249420140,14:13:02.249,2.2500,615
51182249420140,14:13:02.249,2.2500,31
51182249420140,14:13:02.249,2.2500,10
51182249420140,14:13:02.249,2.2500,22
51182249420140,14:13:02.249,2.2500,935
51182249420140,14:13:02.249,2.2500,2
51182249420140,14:13:02.249,2.2500,50
51182249420140,14:13:02.249,2.2500,4444
51182249420140,14:13:02.249,2.2500,100
51182249420140,14:13:02.249,2.2500,3
51182249420140,14:13:02.249,2.2500,45
51182249420140,14:13:02.249,2.2500,1000
51182249420140,14:13:02.249,2.2500,970
51182249420140,14:13:02.249,2.2500,500
51182249420140,14:13:02.249,2.2500,750
51182249420140,14:13:02.249,2.2500,3
51182249420140,14:13:02.249,2.2500,299
51182249420140,14:13:02.249,2.2500,300
51182249420140,14:13:02.249,2.2500,3000
51182249420140,14:13:02.249,2.2500,100
51182249420140,14:13:02.249,2.2500,600
51182249420140,14:13:02.249,2.2500,25
51182249420140,14:13:02.249,2.2500,22500
51182249420140,14:13:02.249,2.2500,4300
51182249420140,14:13:02.249,2.2500,100
51182249420140,14:13:02.249,2.2500,3100
51182249420140,14:13:02.249,2.2500,2000
51182249420140,14:13:02.249,2.2500,2356
51182249468422,14:13:02.249,2.2500,2744
51182249468422,14:13:02.249,2.2500,400
51182249468422,14:13:02.249,2.2500,300
51182249468422,14:13:02.249,2.2500,100
51182249468422,14:13:02.249,2.2500,1200
51182249468422,14:13:02.249,2.2500,100
51182249468422,14:13:02.249,2.2500,100
51182249468422,14:13:02.249,2.2500,57
51182249468422,14:13:02.249,2.2500,3900
51182249468422,14:13:02.249,2.2500,1000
51183291726312,14:13:03.291,2.2600,10
51183291726312,14:13:03.291,2.2600,5
51183291726312,14:13:03.291,2.2600,100
51183291726312,14:13:03.291,2.2600,1
51183291726312,14:13:03.291,2.2600,384
51183292006374,14:13:03.292,2.2600,1116
51183292006374,14:13:03.292,2.2600,4
51183292006374,14:13:03.292,2.2600,63
51183292006374,14:13:03.292,2.2600,9
51183292006374,14:13:03.292,2.2600,6
51183292006374,14:13:03.292,2.2600,7
51183292006374,14:13:03.292,2.2600,3
51183292006374,14:13:03.292,2.2600,110
51183292006374,14:13:03.292,2.2600,3000
51183292006374,14:13:03.292,2.2600,1000
51183292006374,14:13:03.292,2.2600,2
51183292006374,14:13:03.292,2.2600,1
51183292006374,14:13:03.292,2.2600,5000
51183292006374,14:13:03.292,2.2600,4921
51203587185269,14:13:23.587,2.2650,400
51206643007944,14:13:26.643,2.2650,100
51465487695548,14:17:45.487,2.2650,100
51554362526922,14:19:14.362,2.2650,200
51554362526922,14:19:14.362,2.2650,100
51642634124414,14:20:42.634,2.2700,967
51642634124414,14:20:42.634,2.2700,18
51642634124414,14:20:42.634,2.2700,450
51642634124414,14:20:42.634,2.2700,5300
51642634124414,14:20:42.634,2.2700,2000
51642634124414,14:20:42.634,2.2700,400
51642634124414,14:20:42.634,2.2700,363
51642634124414,14:20:42.634,2.2700,486
51642634124414,14:20:42.634,2.2700,100
51642634124414,14:20:42.634,2.2700,45
51642634124414,14:20:42.634,2.2700,5
51642634124414,14:20:42.634,2.2700,3028
51642634374234,14:20:42.634,2.2700,190
51642634421657,14:20:42.634,2.2700,574
51712255145120,14:21:52.255,2.2750,200
51712255145120,14:21:52.255,2.2750,200
51712255145120,14:21:52.255,2.2750,100
51712255145120,14:21:52.255,2.2750,100
51819162851036,14:23:39.162,2.2700,100
51933078216469,14:25:33.078,2.2700,1
51933078268207,14:25:33.078,2.2700,3399
51933110390431,14:25:33.110,2.2650,1200
51933110390431,14:25:33.110,2.2650,300
51933110390431,14:25:33.110,2.2650,200
51933110390431,14:25:33.110,2.2600,800
51988415800658,14:26:28.415,2.2650,100
52029429377810,14:27:09.429,2.2600,593
52029429590440,14:27:09.429,2.2600,107
52029429810738,14:27:09.429,2.2600,100
52029429830667,14:27:09.429,2.2600,100
52029430319221,14:27:09.430,2.2600,7100
52031261589228,14:27:11.261,2.2550,200
52031261589228,14:27:11.261,2.2550,300
52031261589228,14:27:11.261,2.2600,7900
52031261589228,14:27:11.261,2.2600,6000
52031261589228,14:27:11.261,2.2600,1000
52031261589228,14:27:11.261,2.2600,5900
52031261714904,14:27:11.261,2.2600,700
52031261714904,14:27:11.261,2.2600,300
52031261741835,14:27:11.261,2.2600,200
52031275650991,14:27:11.275,2.2600,200
52031276051382,14:27:11.276,2.2600,500
52031276051382,14:27:11.276,2.2600,116
52031966882284,14:27:11.966,2.2600,200
52031966882284,14:27:11.966,2.2600,100
52031966882284,14:27:11.966,2.2600,8690
52031966882284,14:27:11.966,2.2600,200
52031966882284,14:27:11.966,2.2600,3000
52031966882284,14:27:11.966,2.2600,700
52031966882284,14:27:11.966,2.2600,10250
52031967639674,14:27:11.967,2.2550,200
52031967639674,14:27:11.967,2.2600,384
52031967639674,14:27:11.967,2.2600,700
52031967639674,14:27:11.967,2.2600,820
52031967639674,14:27:11.967,2.2600,196
52452734700803,14:34:12.734,2.2500,800
52467762087184,14:34:27.762,2.2500,1100
52475628047949,14:34:35.628,2.2500,600
52482796015521,14:34:42.796,2.2500,500
52497819183141,14:34:57.819,2.2550,300
52497819183141,14:34:57.819,2.2500,600
52512848860990,14:35:12.848,2.2550,300
52527877016448,14:35:27.877,2.2500,600
52542954126796,14:35:42.954,2.2550,300
52542954126796,14:35:42.954,2.2500,500
52557943244774,14:35:57.943,2.2550,300
52557943244774,14:35:57.943,2.2550,500
52572971748519,14:36:12.971,2.2500,600
52587998158567,14:36:27.998,2.2500,700
52598852031345,14:36:38.852,2.2500,500
52618113903425,14:36:58.113,2.2500,600
52633141143959,14:37:13.141,2.2500,600
52665806070559,14:37:45.806,2.2500,4500
52665812724473,14:37:45.812,2.2500,691
52665843269398,14:37:45.843,2.2500,1000
52665843405803,14:37:45.843,2.2500,100
52665843405803,14:37:45.843,2.2500,50
52665843405803,14:37:45.843,2.2500,594
52667629982998,14:37:47.629,2.2500,200
52678229579756,14:37:58.229,2.2500,600
52693257846661,14:38:13.257,2.2500,500
52708313883555,14:38:28.313,2.2500,600
52718167363585,14:38:38.167,2.2500,300
52738344269898,14:38:58.344,2.2500,600
52753391476902,14:39:13.391,2.2500,500
52763304824273,14:39:23.304,2.2500,300
52768418416003,14:39:28.418,2.2500,1
52768418416003,14:39:28.418,2.2500,199
52783451926571,14:39:43.451,2.2500,500
52798480669904,14:39:58.480,2.2500,400
52813507584020,14:40:13.507,2.2500,300
52828534450710,14:40:28.534,2.2500,400
52843561569137,14:40:43.561,2.2500,500
52858605913620,14:40:58.605,2.2500,400
52873633806172,14:41:13.633,2.2500,400
52950284668545,14:42:30.284,2.2500,377
52950284668545,14:42:30.284,2.2500,100
52950284668545,14:42:30.284,2.2500,1200
52950284668545,14:42:30.284,2.2500,5
52950284668545,14:42:30.284,2.2500,25
52950284668545,14:42:30.284,2.2500,100
52950284668545,14:42:30.284,2.2500,400
52950284668545,14:42:30.284,2.2500,3600
52950284668545,14:42:30.284,2.2500,674
52950284668545,14:42:30.284,2.2500,2300
52950284668545,14:42:30.284,2.2500,719
52950285815731,14:42:30.285,2.2500,500
52950285972285,14:42:30.285,2.2500,307
52950285972285,14:42:30.285,2.2500,100
52950287260335,14:42:30.287,2.2500,500
52950291430200,14:42:30.291,2.2500,500
52950296036802,14:42:30.296,2.2500,500
52951058024755,14:42:31.058,2.2500,700
52951058024755,14:42:31.058,2.2500,400
52951058024755,14:42:31.058,2.2500,1200
52951490039376,14:42:31.490,2.2500,100
52953489856348,14:42:33.489,2.2550,300
53189896375073,14:46:29.896,2.2600,400
53189896375073,14:46:29.896,2.2600,700
53189896375073,14:46:29.896,2.2600,100
53189896375073,14:46:29.896,2.2600,4000
53189896375073,14:46:29.896,2.2600,100
53189896375073,14:46:29.896,2.2600,100
53189896375073,14:46:29.896,2.2600,2071
53189896375073,14:46:29.896,2.2600,800
53189896375073,14:46:29.896,2.2600,1000
53189896375073,14:46:29.896,2.2600,100
53189897357927,14:46:29.897,2.2700,7
53189897358514,14:46:29.897,2.2700,9
53189897378130,14:46:29.897,2.2700,9
53189897384977,14:46:29.897,2.2700,1
53189897386827,14:46:29.897,2.2700,5
53189897388615,14:46:29.897,2.2700,9
53189897712084,14:46:29.897,2.2700,12
53326245741052,14:48:46.245,2.2650,100
53326247733458,14:48:46.247,2.2650,300
53326247733458,14:48:46.247,2.2650,1200
53326249480548,14:48:46.249,2.2650,100
53326255948741,14:48:46.255,2.2650,100
53328235562673,14:48:48.235,2.2650,100
53339209330214,14:48:59.209,2.2650,300
53339209330214,14:48:59.209,2.2650,100
53367171996830,14:49:27.171,2.2650,200
53367175092016,14:49:27.175,2.2650,200
53367175092016,14:49:27.175,2.2650,100
53437033485609,14:50:37.033,2.2650,300
53480846773397,14:51:20.846,2.2600,300
53480848370480,14:51:20.848,2.2600,100
53480856615382,14:51:20.856,2.2600,100
53480856615382,14:51:20.856,2.2600,100
53480856615382,14:51:20.856,2.2600,15
53480856615382,14:51:20.856,2.2600,85
53480856960727,14:51:20.856,2.2600,15
53480856960727,14:51:20.856,2.2600,85
53480858285632,14:51:20.858,2.2600,15
53480858285632,14:51:20.858,2.2600,85
53480858723897,14:51:20.858,2.2600,15
53480858723897,14:51:20.858,2.2600,100
53480858723897,14:51:20.858,2.2600,85
53480870928639,14:51:20.870,2.2600,15
53480870928639,14:51:20.870,2.2600,100
53480870928639,14:51:20.870,2.2600,85
53480883413235,14:51:20.883,2.2600,15
53480883413235,14:51:20.883,2.2600,85
53481491157165,14:51:21.491,2.2600,15
53481491157165,14:51:21.491,2.2600,85
53481502785929,14:51:21.502,2.2600,15
53481502785929,14:51:21.502,2.2600,85
53482052457275,14:51:22.052,2.2600,15
53482052457275,14:51:22.052,2.2600,100
53482052457275,14:51:22.052,2.2600,7
53482052457275,14:51:22.052,2.2600,2321
53482063150061,14:51:22.063,2.2600,100
53482063150061,14:51:22.063,2.2600,100
53482063395034,14:51:22.063,2.2600,2400
53482063628035,14:51:22.063,2.2600,6800
53484045668835,14:51:24.045,2.2600,3000
53484045668835,14:51:24.045,2.2600,500
53484047126479,14:51:24.047,2.2600,100
53484047126479,14:51:24.047,2.2600,3100
53484047126479,14:51:24.047,2.2600,100
53484047196129,14:51:24.047,2.2600,400
53508248361084,14:51:48.248,2.2600,100
53508248361084,14:51:48.248,2.2600,6000
53508249145148,14:51:48.249,2.2600,100
53508249964258,14:51:48.249,2.2600,500
53508260591959,14:51:48.260,2.2600,200
53508261908243,14:51:48.261,2.2600,400
53508262934943,14:51:48.262,2.2600,200
53508264249580,14:51:48.264,2.2600,300
53508275955985,14:51:48.275,2.2600,400
53508466480902,14:51:48.466,2.2600,100
53508489638130,14:51:48.489,2.2600,600
53513489785665,14:51:53.489,2.2600,300
53518489295888,14:51:58.489,2.2600,200
53522670004851,14:52:02.670,2.2600,500
53522681697151,14:52:02.681,2.2600,200
53542010122325,14:52:22.010,2.2650,5
53542011427893,14:52:22.011,2.2650,2
53542014440767,14:52:22.014,2.2650,4
53542021865280,14:52:22.021,2.2650,30
53542034273976,14:52:22.034,2.2650,13
53542047301038,14:52:22.047,2.2650,14
53542054379034,14:52:22.054,2.2650,13
53542055954808,14:52:22.055,2.2650,14
53542064976285,14:52:22.064,2.2650,5
53542068339816,14:52:22.068,2.2650,13
53595676968055,14:53:15.676,2.2650,15
53595677357931,14:53:15.677,2.2650,2
53595677434950,14:53:15.677,2.2650,29
53595677545679,14:53:15.677,2.2650,36
53595677545679,14:53:15.677,2.2650,8
53595677807582,14:53:15.677,2.2650,20
53595677852176,14:53:15.677,2.2650,2
53595677981796,14:53:15.677,2.2650,55
53595679691776,14:53:15.679,2.2650,13
53595679747269,14:53:15.679,2.2650,15
53595679857339,14:53:15.679,2.2650,16
53596849303036,14:53:16.849,2.2650,16
53596849420184,14:53:16.849,2.2650,11
53596849508673,14:53:16.849,2.2650,16
53596849599361,14:53:16.849,2.2650,9
53596849944887,14:53:16.849,2.2650,28
53596850995878,14:53:16.850,2.2650,9
53596850995878,14:53:16.850,2.2650,20
53596851079310,14:53:16.851,2.2650,16
53596851201330,14:53:16.851,2.2650,14
53596851375230,14:53:16.851,2.2650,16
53596851658126,14:53:16.851,2.2650,15
53596852366056,14:53:16.852,2.2650,15
53596853185595,14:53:16.853,2.2650,8
53596854036381,14:53:16.854,2.2650,10
53596854931157,14:53:16.854,2.2650,5
53596855078566,14:53:16.855,2.2650,1
53596855269974,14:53:16.855,2.2650,1
53630380129903,14:53:50.380,2.2650,33
53630380129903,14:53:50.380,2.2700,31948
53630380129903,14:53:50.380,2.2700,300
53630380129903,14:53:50.380,2.2700,5600
53630380129903,14:53:50.380,2.2700,800
53630380129903,14:53:50.380,2.2700,1019
53630380578202,14:53:50.380,2.2700,100
53630380916975,14:53:50.380,2.2700,200
53796780141344,14:56:36.780,2.2750,17
53796780357796,14:56:36.780,2.2750,17
53796780540837,14:56:36.780,2.2750,17
53796780682399,14:56:36.780,2.2750,4
53796780757545,14:56:36.780,2.2750,4
53796780879304,14:56:36.780,2.2750,2
53796780942023,14:56:36.780,2.2750,5
53800931916576,14:56:40.931,2.2750,11
53800934363258,14:56:40.934,2.2750,21
53800935304200,14:56:40.935,2.2750,8
53800936942180,14:56:40.936,2.2750,9
53800937904707,14:56:40.937,2.2750,7
53800938516166,14:56:40.938,2.2750,7
53801743624596,14:56:41.743,2.2750,17
53845561680391,14:57:25.561,2.2750,17
53845561812720,14:57:25.561,2.2750,11
53845562032608,14:57:25.562,2.2750,17
53845562190573,14:57:25.562,2.2750,11
53857902377016,14:57:37.902,2.2750,17
53863692531719,14:57:43.692,2.2750,17
53944123915714,14:59:04.123,2.2700,300
53977256646083,14:59:37.256,2.2700,200
54045280785523,15:00:45.280,2.2700,200
54120781192612,15:02:00.781,2.2750,64
54120781192612,15:02:00.781,2.2750,9
54120781261305,15:02:00.781,2.2750,73
54120781577893,15:02:00.781,2.2750,7
54120786010984,15:02:00.786,2.2750,5
54120988091871,15:02:00.988,2.2750,35
54120988091871,15:02:00.988,2.2750,38
54123221039810,15:02:03.221,2.2750,59
54123221230545,15:02:03.221,2.2750,14
54123221320141,15:02:03.221,2.2750,58
54123221631965,15:02:03.221,2.2750,4
54123221631965,15:02:03.221,2.2750,1
54123222317268,15:02:03.222,2.2750,44
54123222430451,15:02:03.222,2.2750,19
54123222507285,15:02:03.222,2.2750,36
54123222507285,15:02:03.222,2.2750,3
54151807913535,15:02:31.807,2.2750,29
54152784711066,15:02:32.784,2.2750,7
54152784800382,15:02:32.784,2.2750,14
54152784957569,15:02:32.784,2.2750,23
54152785089026,15:02:32.785,2.2750,6
54152785161000,15:02:32.785,2.2750,8
54152785348003,15:02:32.785,2.2750,10
54152785348003,15:02:32.785,2.2750,55
54152786688184,15:02:32.786,2.2750,22
54152786725997,15:02:32.786,2.2750,1
54152787103613,15:02:32.787,2.2750,9
54152787584494,15:02:32.787,2.2750,47
54152787584494,15:02:32.787,2.2750,3
54156525458856,15:02:36.525,2.2750,12
54156525622650,15:02:36.525,2.2750,19
54156525923984,15:02:36.525,2.2750,14
54156526319395,15:02:36.526,2.2750,54
54156526510149,15:02:36.526,2.2750,27
54156526566396,15:02:36.526,2.2750,18
54156526675001,15:02:36.526,2.2750,11
54156526675001,15:02:36.526,2.2750,20
54156526965899,15:02:36.526,2.2750,14
54156527176722,15:02:36.527,2.2750,15
54245307578862,15:04:05.307,2.2750,43
54245358461181,15:04:05.358,2.2750,8
54245358461181,15:04:05.358,2.2750,7
54245438602587,15:04:05.438,2.2750,29
54245512843546,15:04:05.512,2.2750,44
54246322973422,15:04:06.322,2.2750,58
54246413070082,15:04:06.413,2.2750,15
54246413531846,15:04:06.413,2.2750,15
54246413992612,15:04:06.413,2.2750,29
54246672048603,15:04:06.672,2.2750,11
54246672048603,15:04:06.672,2.2750,3
54257144670555,15:04:17.144,2.2750,6
54261316956998,15:04:21.316,2.2750,14
54261593823635,15:04:21.593,2.2750,6
54261595764949,15:04:21.595,2.2750,73
54261905730113,15:04:21.905,2.2700,100
54261905730113,15:04:21.905,2.2700,100
54261905730113,15:04:21.905,2.2700,700
54261905730113,15:04:21.905,2.2700,3240
54261905730113,15:04:21.905,2.2700,100
54261905730113,15:04:21.905,2.2700,400
54265203867632,15:04:25.203,2.2650,500
54265203867632,15:04:25.203,2.2650,1604
54265204398791,15:04:25.204,2.2650,796
54265204398791,15:04:25.204,2.2650,200
54265204398791,15:04:25.204,2.2650,800
54265204398791,15:04:25.204,2.2650,1604
54265511992877,15:04:25.511,2.2650,200
54265511992877,15:04:25.511,2.2650,300
54265511992877,15:04:25.511,2.2700,5000
54265511992877,15:04:25.511,2.2700,7000
54265511992877,15:04:25.511,2.2700,7600
54265511992877,15:04:25.511,2.2700,6000
54265511992877,15:04:25.511,2.2700,4100
54265511992877,15:04:25.511,2.2700,5600
54265513101750,15:04:25.513,2.2700,100
54265513101750,15:04:25.513,2.2700,6300
54265513101750,15:04:25.513,2.2700,2000
54265513101750,15:04:25.513,2.2700,800
54265513101750,15:04:25.513,2.2700,200
54265513101750,15:04:25.513,2.2700,900
54265513557788,15:04:25.513,2.2700,400
54265513702630,15:04:25.513,2.2700,100
54265513702630,15:04:25.513,2.2700,200
54265513702630,15:04:25.513,2.2700,100
54269290623692,15:04:29.290,2.2750,300
54272129018253,15:04:32.129,2.2750,686
54275397025158,15:04:35.397,2.2750,300
54275900016101,15:04:35.900,2.2750,300
54277137020768,15:04:37.137,2.2750,200
54284717184959,15:04:44.717,2.2750,73
54284717228190,15:04:44.717,2.2750,29
54284717548482,15:04:44.717,2.2750,14
54284717575948,15:04:44.717,2.2750,15
54287222044518,15:04:47.222,2.2750,800
54309605821722,15:05:09.605,2.2700,400
54309605821722,15:05:09.605,2.2700,500
54338608216756,15:05:38.608,2.2750,11
54343068478144,15:05:43.068,2.2750,44
54343068744228,15:05:43.068,2.2750,18
54354681442952,15:05:54.681,2.2700,200
54354681442952,15:05:54.681,2.2700,1000
54423794025665,15:07:03.794,2.2750,100
54436499702239,15:07:16.499,2.2700,6300
54438490363846,15:07:18.490,2.2700,150
54439861292433,15:07:19.861,2.2700,100
54443490372877,15:07:23.490,2.2700,300
54444034580713,15:07:24.034,2.2700,100
54447491271489,15:07:27.491,2.2700,200
54461888398987,15:07:41.888,2.2700,5450
54461888398987,15:07:41.888,2.2700,100
54461888398987,15:07:41.888,2.2700,700
54461888398987,15:07:41.888,2.2700,100
54461888398987,15:07:41.888,2.2700,3050
54461888733004,15:07:41.888,2.2700,690
54461888733004,15:07:41.888,2.2700,2400
54461888988702,15:07:41.888,2.2700,100
54461888988702,15:07:41.888,2.2700,700
54461888988702,15:07:41.888,2.2700,2290
54461889196689,15:07:41.889,2.2700,8000
54461889220436,15:07:41.889,2.2700,2400
54461889332806,15:07:41.889,2.2700,2400
54461889401566,15:07:41.889,2.2700,2322
54461893365419,15:07:41.893,2.2700,863
54462091442182,15:07:42.091,2.2700,100
54462092416506,15:07:42.092,2.2700,20906
54462093336083,15:07:42.093,2.2700,3600
54462093910104,15:07:42.093,2.2700,1300
54462094492228,15:07:42.094,2.2700,1300
54462096112543,15:07:42.096,2.2700,419
54466156427009,15:07:46.156,2.2700,400
54466156427009,15:07:46.156,2.2700,100
54466156427009,15:07:46.156,2.2700,6600
54478728020005,15:07:58.728,2.2750,100
54478728021292,15:07:58.728,2.2750,300
54479228013754,15:07:59.228,2.2750,100
54481713018608,15:08:01.713,2.2750,100
54482794020742,15:08:02.794,2.2750,100
54483794019238,15:08:03.794,2.2750,100
54484794014570,15:08:04.794,2.2750,100
54581309163302,15:09:41.309,2.2750,100
54670491451910,15:11:10.491,2.2700,100
54670491451910,15:11:10.491,2.2700,6600
54670491451910,15:11:10.491,2.2700,100
54670491451910,15:11:10.491,2.2700,800
54670491451910,15:11:10.491,2.2700,100
54670491451910,15:11:10.491,2.2700,300
54672135587920,15:11:12.135,2.2650,200
54678333303803,15:11:18.333,2.2700,200
54678334749970,15:11:18.334,2.2700,400
54678334749970,15:11:18.334,2.2700,500
54681250778033,15:11:21.250,2.2700,2900
54681250902348,15:11:21.250,2.2700,200
54683050117038,15:11:23.050,2.2650,19
54746100046443,15:12:26.100,2.2650,100
54748048220760,15:12:28.048,2.2650,100
54748048750156,15:12:28.048,2.2650,82
54748048849349,15:12:28.048,2.2650,18
54771748578108,15:12:51.748,2.2650,15
54771748755852,15:12:51.748,2.2650,2
54771748826270,15:12:51.748,2.2650,2
54771749461004,15:12:51.749,2.2650,6
54806951687953,15:13:26.951,2.2650,1
54806952000668,15:13:26.952,2.2650,11
54811555608479,15:13:31.555,2.2650,6
54811562426558,15:13:31.562,2.2650,5
54811573138640,15:13:31.573,2.2650,6
54811581234624,15:13:31.581,2.2650,6
54811584453187,15:13:31.584,2.2650,5
54811927290879,15:13:31.927,2.2650,12
54811927383326,15:13:31.927,2.2650,11
54811927528594,15:13:31.927,2.2650,17
54811927706486,15:13:31.927,2.2650,11
54811927805477,15:13:31.927,2.2650,11
54811927969595,15:13:31.927,2.2650,12
54849580381624,15:14:09.580,2.2650,12
54924095022815,15:15:24.095,2.2700,6
54924095249127,15:15:24.095,2.2700,6
54924095347612,15:15:24.095,2.2700,5
54924095400426,15:15:24.095,2.2700,6
54924095412529,15:15:24.095,2.2700,6
54924095427089,15:15:24.095,2.2700,17
54924095441957,15:15:24.095,2.2700,6
54924095444997,15:15:24.095,2.2700,11
54924095446793,15:15:24.095,2.2700,5
54924095462852,15:15:24.095,2.2700,2
54924095471415,15:15:24.095,2.2700,1
54924095471946,15:15:24.095,2.2700,17
54924095483331,15:15:24.095,2.2700,4
54924095503380,15:15:24.095,2.2700,9
54924095519275,15:15:24.095,2.2700,11
54944860793008,15:15:44.860,2.2650,400
54944860793008,15:15:44.860,2.2600,2400
54944860793008,15:15:44.860,2.2600,69
54944914383578,15:15:44.914,2.2600,600
54947271539397,15:15:47.271,2.2650,10
54947272247266,15:15:47.272,2.2650,7
54947272948814,15:15:47.272,2.2650,11
54947275702830,15:15:47.275,2.2650,12
54947276294610,15:15:47.276,2.2650,9
54947276668631,15:15:47.276,2.2650,8
55079784604733,15:17:59.784,2.2600,1800
55079784604733,15:17:59.784,2.2600,2000
55079784604733,15:17:59.784,2.2600,2000
55079784604733,15:17:59.784,2.2600,100
55079784604733,15:17:59.784,2.2600,2100
55079785723629,15:17:59.785,2.2600,195
55079785723629,15:17:59.785,2.2600,100
55079785723629,15:17:59.785,2.2600,100
55079785723629,15:17:59.785,2.2600,100
55079785723629,15:17:59.785,2.2600,2300
55079785723629,15:17:59.785,2.2600,3340
55079786163397,15:17:59.786,2.2600,7900
55079786316836,15:17:59.786,2.2600,1300
55089665625870,15:18:09.665,2.2550,400
55089665625870,15:18:09.665,2.2600,1300
55089665625870,15:18:09.665,2.2600,400
55089665625870,15:18:09.665,2.2600,88
55089665625870,15:18:09.665,2.2600,6600
55089665625870,15:18:09.665,2.2600,3170
55089665625870,15:18:09.665,2.2600,2000
55089665625870,15:18:09.665,2.2600,100
55089665625870,15:18:09.665,2.2600,700
55089665625870,15:18:09.665,2.2600,1400
55089665625870,15:18:09.665,2.2600,900
55089665625870,15:18:09.665,2.2600,7900
55089665625870,15:18:09.665,2.2600,1500
55089665625870,15:18:09.665,2.2600,342
55089666201196,15:18:09.666,2.2600,200
55123819889060,15:18:43.819,2.2600,100
55133843967093,15:18:53.843,2.2600,100
55139113257146,15:18:59.113,2.2600,100
55144608401287,15:19:04.608,2.2600,100
55159389841993,15:19:19.389,2.2600,100
55165979114914,15:19:25.979,2.2600,100
55173356588691,15:19:33.356,2.2600,100
55188883060260,15:19:48.883,2.2600,100
55214076356621,15:20:14.076,2.2650,100
55217227083523,15:20:17.227,2.2650,19
55217567143046,15:20:17.567,2.2600,4000
55217567143046,15:20:17.567,2.2600,4300
55217567532070,15:20:17.567,2.2600,3600
55217567532070,15:20:17.567,2.2600,790
55217567532070,15:20:17.567,2.2600,4630
55217567647880,15:20:17.567,2.2600,100
55217567647880,15:20:17.567,2.2600,100
55217567647880,15:20:17.567,2.2600,3000
55217567647880,15:20:17.567,2.2600,2200
55217567719223,15:20:17.567,2.2600,100
55217567730403,15:20:17.567,2.2600,1000
55217567989417,15:20:17.567,2.2600,300
55217568017618,15:20:17.568,2.2600,2400
55217568452032,15:20:17.568,2.2600,3400
55322116591841,15:22:02.116,2.2500,100
55436940774769,15:23:56.940,2.2500,1200
55657356790579,15:27:37.356,2.2550,5
55673115929410,15:27:53.115,2.2550,12
55673117990814,15:27:53.117,2.2550,11
55673120553910,15:27:53.120,2.2550,11
55673122277389,15:27:53.122,2.2550,6
55673123934304,15:27:53.123,2.2550,5
55673125779219,15:27:53.125,2.2550,6
55673128072314,15:27:53.128,2.2550,5
55673129378542,15:27:53.129,2.2550,6
55673130767680,15:27:53.130,2.2550,9
55673131054915,15:27:53.131,2.2550,6
55673132140366,15:27:53.132,2.2550,6
55673133048178,15:27:53.133,2.2550,5
55673133874201,15:27:53.133,2.2550,5
55673134547856,15:27:53.134,2.2550,8
55673135939563,15:27:53.135,2.2550,12
55673136084815,15:27:53.136,2.2550,6
55673137707306,15:27:53.137,2.2550,6
55673138612188,15:27:53.138,2.2550,5
55673139755246,15:27:53.139,2.2550,6
55785365238493,15:29:45.365,2.2500,1500
55798383999925,15:29:58.383,2.2500,200
55908943080754,15:31:48.943,2.2500,500
55908943080754,15:31:48.943,2.2500,6300
55908943080754,15:31:48.943,2.2500,35
55908943080754,15:31:48.943,2.2500,800
55908943080754,15:31:48.943,2.2500,1865
55908943152067,15:31:48.943,2.2500,135
55908943152067,15:31:48.943,2.2500,1065
55908943212478,15:31:48.943,2.2500,530
55908943379382,15:31:48.943,2.2500,405
55908943379382,15:31:48.943,2.2500,100
55908943379382,15:31:48.943,2.2500,17
55908943379382,15:31:48.943,2.2500,2431
55908943379382,15:31:48.943,2.2500,4
55908943379382,15:31:48.943,2.2500,400
55908943379382,15:31:48.943,2.2500,20
55908943379382,15:31:48.943,2.2500,1923
55908943711266,15:31:48.943,2.2500,400
55908943715543,15:31:48.943,2.2500,77
55908943715543,15:31:48.943,2.2500,4880
55908943715543,15:31:48.943,2.2500,100
55908943715543,15:31:48.943,2.2500,100
55908943715543,15:31:48.943,2.2500,400
55908944081549,15:31:48.944,2.2500,100
55908944519650,15:31:48.944,2.2450,2070
55908944519650,15:31:48.944,2.2500,3230
55959169633047,15:32:39.169,2.2400,100
56068816321875,15:34:28.816,2.2400,500
56083838138308,15:34:43.838,2.2400,600
56444884790716,15:40:44.884,2.2450,5
56596929800353,15:43:16.929,2.2400,1000
56596929800353,15:43:16.929,2.2400,100
56596929800353,15:43:16.929,2.2400,34
56596929800353,15:43:16.929,2.2400,100
56596929800353,15:43:16.929,2.2400,1300
56596929800353,15:43:16.929,2.2400,400
56596929800353,15:43:16.929,2.2400,7566
56599318195221,15:43:19.318,2.2400,300
56599332034536,15:43:19.332,2.2400,500
56603301206631,15:43:23.301,2.2400,1300
56609642554674,15:43:29.642,2.2400,334
56609642554674,15:43:29.642,2.2400,100
56609642554674,15:43:29.642,2.2400,366
56624664899555,15:43:44.664,2.2400,700
56639687534512,15:43:59.687,2.2400,34
56639687534512,15:43:59.687,2.2400,2
56639687534512,15:43:59.687,2.2400,100
56639687534512,15:43:59.687,2.2400,564
56647839713943,15:44:07.839,2.2400,1536
56647839713943,15:44:07.839,2.2400,4600
56647839713943,15:44:07.839,2.2400,900
56647839713943,15:44:07.839,2.2400,1300
56647839713943,15:44:07.839,2.2400,5019
56647839713943,15:44:07.839,2.2400,300
56647839713943,15:44:07.839,2.2400,200
56647850013021,15:44:07.850,2.2300,8400
56647850013021,15:44:07.850,2.2300,100
56647850013021,15:44:07.850,2.2300,100
56647850013021,15:44:07.850,2.2300,2300
56647850013021,15:44:07.850,2.2300,1500
56647850013021,15:44:07.850,2.2300,5
56647850013021,15:44:07.850,2.2300,18
56647850013021,15:44:07.850,2.2300,275
56647850013021,15:44:07.850,2.2300,217
56647850013021,15:44:07.850,2.2300,100
56647850013021,15:44:07.850,2.2300,2500
56647850013021,15:44:07.850,2.2300,96
56647850013021,15:44:07.850,2.2300,400
56647850013021,15:44:07.850,2.2300,900
56647850013021,15:44:07.850,2.2300,100
56647850013021,15:44:07.850,2.2300,1200
56647850013021,15:44:07.850,2.2300,200
56647850086570,15:44:07.850,2.2300,100
56647850922162,15:44:07.850,2.2300,100
56647853641300,15:44:07.853,2.2300,800
56647860067372,15:44:07.860,2.2300,500
56647860067372,15:44:07.860,2.2300,6300
56647860067372,15:44:07.860,2.2300,2327
56647860120795,15:44:07.860,2.2300,903
56650552265136,15:44:10.552,2.2250,900
56650552265136,15:44:10.552,2.2250,300
56650552265136,15:44:10.552,2.2300,5000
56650552265136,15:44:10.552,2.2300,9800
56650552265136,15:44:10.552,2.2300,4600
56650552265136,15:44:10.552,2.2300,460
56650552265136,15:44:10.552,2.2300,2900
56650552265136,15:44:10.552,2.2300,3700
56650552265136,15:44:10.552,2.2300,6300
56650552265136,15:44:10.552,2.2300,1000
56650552265136,15:44:10.552,2.2300,3840
56650553409718,15:44:10.553,2.2300,2200
56650553409718,15:44:10.553,2.2300,400
56650553409718,15:44:10.553,2.2300,400
56651020503237,15:44:11.020,2.2350,900
56651020503237,15:44:11.020,2.2350,300
56651020503237,15:44:11.020,2.2400,1800
56651020503237,15:44:11.020,2.2400,2300
56767975661671,15:46:07.975,2.2400,400
56767975661671,15:46:07.975,2.2400,6300
56767975661671,15:46:07.975,2.2400,100
56767975661671,15:46:07.975,2.2400,800
56767975661671,15:46:07.975,2.2400,3200
56929724070820,15:48:49.724,2.2450,800
56929724070820,15:48:49.724,2.2500,4600
56929724070820,15:48:49.724,2.2500,1300
56929724070820,15:48:49.724,2.2500,400
56929724070820,15:48:49.724,2.2500,2300
56929724070820,15:48:49.724,2.2500,1410
56929724070820,15:48:49.724,2.2500,2000
56929724070820,15:48:49.724,2.2500,4000
56929724070820,15:48:49.724,2.2500,200
56929724070820,15:48:49.724,2.2500,100
56929724070820,15:48:49.724,2.2500,100
56929724070820,15:48:49.724,2.2500,100
56929724070820,15:48:49.724,2.2500,100
56929724070820,15:48:49.724,2.2500,700
56929724070820,15:48:49.724,2.2500,700
56929724070820,15:48:49.724,2.2500,200
56929724070820,15:48:49.724,2.2500,1500
56929724070820,15:48:49.724,2.2500,1600
56929724070820,15:48:49.724,2.2500,1000
56929724070820,15:48:49.724,2.2500,100
56929724070820,15:48:49.724,2.2500,1
56929724070820,15:48:49.724,2.2500,2000
56929724070820,15:48:49.724,2.2500,1500
56929724131732,15:48:49.724,2.2500,100
56934867995011,15:48:54.867,2.2600,395
56956551814741,15:49:16.551,2.2600,5
56956551814741,15:49:16.551,2.2600,95
57000209252573,15:50:00.209,2.2550,300
57107188792530,15:51:47.188,2.2600,100
57129457149549,15:52:09.457,2.2550,800
57129457149549,15:52:09.457,2.2550,200
57129457149549,15:52:09.457,2.2550,100
57129457149549,15:52:09.457,2.2550,100
57129457149549,15:52:09.457,2.2550,100
57129457149549,15:52:09.457,2.2550,500
57129457149549,15:52:09.457,2.2550,200
57129457149549,15:52:09.457,2.2550,400
57129457149549,15:52:09.457,2.2550,2400
57129457149549,15:52:09.457,2.2550,200
57129648793844,15:52:09.648,2.2600,351
57144982330378,15:52:24.982,2.2600,754
57144982330378,15:52:24.982,2.2600,546
57153127409653,15:52:33.127,2.2600,100
57245734456927,15:54:05.734,2.2500,1400
57245866727937,15:54:05.866,2.2500,100
57245867586565,15:54:05.867,2.2500,2100
57245867586565,15:54:05.867,2.2500,100
57245867586565,15:54:05.867,2.2500,18
57245867586565,15:54:05.867,2.2500,100
57245867586565,15:54:05.867,2.2500,400
57245867586565,15:54:05.867,2.2500,100
57245867586565,15:54:05.867,2.2500,100
57245867586565,15:54:05.867,2.2500,200
57245867586565,15:54:05.867,2.2500,700
57245867586565,15:54:05.867,2.2500,182
57259303990321,15:54:19.303,2.2500,100
57259303990321,15:54:19.303,2.2500,1500
57259303990321,15:54:19.303,2.2500,1000
57259305240131,15:54:19.305,2.2500,4100
57266223878347,15:54:26.223,2.2500,200
57266223878347,15:54:26.223,2.2500,200
57266223878347,15:54:26.223,2.2500,100
57266223878347,15:54:26.223,2.2500,100
57266223878347,15:54:26.223,2.2500,500
57270290690749,15:54:30.290,2.2500,100
57270290690749,15:54:30.290,2.2500,100
57270290690749,15:54:30.290,2.2500,2200
57270291504667,15:54:30.291,2.2500,500
57270613352052,15:54:30.613,2.2500,2200
57285759218918,15:54:45.759,2.2500,100
57285759218918,15:54:45.759,2.2500,100
57304493764236,15:55:04.493,2.2550,9
57333301415374,15:55:33.301,2.2550,100
57345301345224,15:55:45.301,2.2550,100
57369301328452,15:56:09.301,2.2550,100
57401301931749,15:56:41.301,2.2550,100
57447410558794,15:57:27.410,2.2550,100
57459410920918,15:57:39.410,2.2550,100
57460606443412,15:57:40.606,2.2550,3700
57460606443412,15:57:40.606,2.2550,200
57460606443412,15:57:40.606,2.2550,300
57460606443412,15:57:40.606,2.2550,2400
57460606443412,15:57:40.606,2.2500,100
57460606443412,15:57:40.606,2.2500,300
57460620752893,15:57:40.620,2.2500,2200
57460620752893,15:57:40.620,2.2500,100
57460620752893,15:57:40.620,2.2500,1000
57460620752893,15:57:40.620,2.2500,2348
57460620752893,15:57:40.620,2.2500,1
57460620752893,15:57:40.620,2.2500,600
57460620752893,15:57:40.620,2.2500,6800
57460620752893,15:57:40.620,2.2500,9100
57460620752893,15:57:40.620,2.2500,1550
57460620752893,15:57:40.620,2.2500,801
57460620819960,15:57:40.620,2.2500,383
57460620819960,15:57:40.620,2.2500,41
57460620819960,15:57:40.620,2.2500,100
57460620819960,15:57:40.620,2.2500,300
57460620819960,15:57:40.620,2.2500,55
57460620819960,15:57:40.620,2.2500,2149
57460620819960,15:57:40.620,2.2500,300
57460620819960,15:57:40.620,2.2500,100
57460620819960,15:57:40.620,2.2500,100
57460620819960,15:57:40.620,2.2500,1585
57460620819960,15:57:40.620,2.2500,100
57460620819960,15:57:40.620,2.2500,100
57460620819960,15:57:40.620,2.2500,100
57460620819960,15:57:40.620,2.2500,1000
57460621125962,15:57:40.621,2.2500,6413
57460621268124,15:57:40.621,2.2500,500
57460621337937,15:57:40.621,2.2500,6413
57460621574298,15:57:40.621,2.2500,200
57460621623353,15:57:40.621,2.2500,5500
57460621863498,15:57:40.621,2.2500,2400
57460621901448,15:57:40.621,2.2500,200
57460621921009,15:57:40.621,2.2500,400
57460621930440,15:57:40.621,2.2500,174
57461301529420,15:57:41.301,2.2450,100
57466539435676,15:57:46.539,2.2450,3700
57466539435676,15:57:46.539,2.2500,4500
57466539435676,15:57:46.539,2.2500,2000
57466539435676,15:57:46.539,2.2500,400
57466539435676,15:57:46.539,2.2500,1000
57466539435676,15:57:46.539,2.2500,700
57466539435676,15:57:46.539,2.2500,3500
57466539435676,15:57:46.539,2.2500,2700
57466539435676,15:57:46.539,2.2500,200
57466539435676,15:57:46.539,2.2500,5500
57466539435676,15:57:46.539,2.2500,200
57466539435676,15:57:46.539,2.2500,3400
57466539435676,15:57:46.539,2.2500,5000
57466539435676,15:57:46.539,2.2500,17200
57466540466996,15:57:46.540,2.2500,3700
57466540466996,15:57:46.540,2.2500,622
57466540968480,15:57:46.540,2.2500,3400
57466541266187,15:57:46.541,2.2500,478
57498389728107,15:58:18.389,2.2600,1259
57500000740446,15:58:20.000,2.2550,300
57500000740446,15:58:20.000,2.2550,200
57502069237125,15:58:22.069,2.2600,400
57514382568080,15:58:34.382,2.2550,100
57551269173767,15:59:11.269,2.2600,1800
57551368235254,15:59:11.368,2.2600,541
57551368235254,15:59:11.368,2.2600,2400
57551368235254,15:59:11.368,2.2600,400
57551368235254,15:59:11.368,2.2600,200
57551368235254,15:59:11.368,2.2600,159
57551418917593,15:59:11.418,2.2600,100
57551724745316,15:59:11.724,2.2600,8841
57551724745316,15:59:11.724,2.2600,5000
57551724745316,15:59:11.724,2.2600,159
57551726238123,15:59:11.726,2.2600,100
57552214844924,15:59:12.214,2.2600,241
57552214844924,15:59:12.214,2.2600,3000
57552214844924,15:59:12.214,2.2600,1354
57552214844924,15:59:12.214,2.2600,100
57552214844924,15:59:12.214,2.2600,348
57552214844924,15:59:12.214,2.2600,5000
57552214844924,15:59:12.214,2.2600,600
57552214844924,15:59:12.214,2.2600,500
57552214844924,15:59:12.214,2.2600,1100
57552214844924,15:59:12.214,2.2600,200
57552214844924,15:59:12.214,2.2600,100
57552214844924,15:59:12.214,2.2600,3800
57552214844924,15:59:12.214,2.2600,25
57552214844924,15:59:12.214,2.2600,4500
57564887567774,15:59:24.887,2.2700,79
57565219730578,15:59:25.219,2.2700,390
57565274416822,15:59:25.274,2.2700,100
57565282519792,15:59:25.282,2.2700,200
57566159473662,15:59:26.159,2.2700,162
57566159473662,15:59:26.159,2.2700,5
57566159473662,15:59:26.159,2.2700,433
57569412316028,15:59:29.412,2.2700,100
57570261642428,15:59:30.261,2.2700,1467
57570261642428,15:59:30.261,2.2700,3933
57570269156403,15:59:30.269,2.2700,100
57572063425628,15:59:32.063,2.2700,1367
57572063425628,15:59:32.063,2.2700,433
57572802902755,15:59:32.802,2.2700,200
57573802439278,15:59:33.802,2.2700,26
57573970628841,15:59:33.970,2.2700,100
57574412302535,15:59:34.412,2.2700,100
57575074578986,15:59:35.074,2.2700,100
57575271701755,15:59:35.271,2.2700,541
57575271701755,15:59:35.271,2.2700,2600
57575271701755,15:59:35.271,2.2700,1100
57575271701755,15:59:35.271,2.2700,1259
57575272022301,15:59:35.272,2.2700,1841
57575272022301,15:59:35.272,2.2700,1159
57583381901310,15:59:43.381,2.2700,500
57585194413347,15:59:45.194,2.2700,500
57585380650658,15:59:45.380,2.2700,1713
57585733502062,15:59:45.733,2.2700,2400
57585983507498,15:59:45.983,2.2700,2400
57586344575708,15:59:46.344,2.2700,428
57586344575708,15:59:46.344,2.2700,1972
57586367242275,15:59:46.367,2.2700,300
57586367476493,15:59:46.367,2.2700,300
57586679905862,15:59:46.679,2.2700,670
57587029113984,15:59:47.029,2.2700,100
57587110449613,15:59:47.110,2.2700,1658
57587110449613,15:59:47.110,2.2700,100
57587110449613,15:59:47.110,2.2700,3100
57587110449613,15:59:47.110,2.2700,100
57587110449613,15:59:47.110,2.2700,100
57587110449613,15:59:47.110,2.2700,942
57587118368004,15:59:47.118,2.2700,1058
57587118368004,15:59:47.118,2.2700,100
57587118368004,15:59:47.118,2.2700,642
57590366548809,15:59:50.366,2.2700,400
57590366741881,15:59:50.366,2.2700,400
57590797583186,15:59:50.797,2.2700,200
57591000599518,15:59:51.000,2.2700,2858
57591000599518,15:59:51.000,2.2700,2985
57591002750921,15:59:51.002,2.2700,100
57591796875079,15:59:51.796,2.2700,15
57591796875079,15:59:51.796,2.2700,285
57592070447081,15:59:52.070,2.2700,5800
57592199900221,15:59:52.199,2.2700,200
57592399855108,15:59:52.399,2.2700,200
57592598768916,15:59:52.598,2.2700,200
57592797357716,15:59:52.797,2.2700,300
57593001464658,15:59:53.001,2.2700,200
57593201525704,15:59:53.201,2.2700,300
57593400321624,15:59:53.400,2.2700,300
57593401242783,15:59:53.401,2.2700,1315
57593401242783,15:59:53.401,2.2700,4000
57593401242783,15:59:53.401,2.2700,3100
57593401242783,15:59:53.401,2.2700,11700
57593401242783,15:59:53.401,2.2700,700
57593401242783,15:59:53.401,2.2700,2700
57593401349314,15:59:53.401,2.2700,1000
57593412862840,15:59:53.412,2.2700,100
57593424736974,15:59:53.424,2.2700,100
57593598625602,15:59:53.598,2.2700,300
57593798504767,15:59:53.798,2.2700,300
57594001468398,15:59:54.001,2.2700,200
57594105562807,15:59:54.105,2.2700,400
57594117721217,15:59:54.117,2.2700,700
57594121054258,15:59:54.121,2.2700,600
57594121054258,15:59:54.121,2.2700,500
57594128022285,15:59:54.128,2.2700,500
57594135767349,15:59:54.135,2.2700,900
57594201084010,15:59:54.201,2.2700,300
57594389359059,15:59:54.389,2.2700,900
57594389359059,15:59:54.389,2.2700,333
57594399569902,15:59:54.399,2.2700,300
57594599445416,15:59:54.599,2.2700,167
57594599445416,15:59:54.599,2.2700,133
57594798361945,15:59:54.798,2.2700,300
57595002234638,15:59:55.002,2.2700,200
57595201512120,15:59:55.201,2.2700,300
57595399952058,15:59:55.399,2.2700,300
57595400307516,15:59:55.400,2.2700,500
57595400459922,15:59:55.400,2.2700,500
57595400588752,15:59:55.400,2.2700,467
57595400588752,15:59:55.400,2.2700,33
57595598038522,15:59:55.598,2.2700,300
57595797763653,15:59:55.797,2.2700,300
57596002288944,15:59:56.002,2.2700,500
57596201329069,15:59:56.201,2.2700,600
57596399983269,15:59:56.399,2.2700,600
57596547675838,15:59:56.547,2.2700,100
57596599137964,15:59:56.599,2.2700,500
57596799186480,15:59:56.799,2.2700,167
57596799186480,15:59:56.799,2.2700,433
57597001902550,15:59:57.001,2.2700,800
57597060730646,15:59:57.060,2.2700,7867
57597060730646,15:59:57.060,2.2700,1033
57597199878857,15:59:57.199,2.2700,367
57597199878857,15:59:57.199,2.2700,100
57597199878857,15:59:57.199,2.2700,433
57597399579430,15:59:57.399,2.2700,800
57597598486701,15:59:57.598,2.2700,900
57597613492741,15:59:57.613,2.2700,56
57597799367308,15:59:57.799,2.2700,800
57597799558683,15:59:57.799,2.2700,111
57597799783087,15:59:57.799,2.2700,2700
57597799809077,15:59:57.799,2.2700,11400
57597799809077,15:59:57.799,2.2700,3700
57597799809077,15:59:57.799,2.2700,2000
57597799809077,15:59:57.799,2.2700,400
57597800929862,15:59:57.800,2.2700,100
57597919812883,15:59:57.919,2.2700,500
57597921110065,15:59:57.921,2.2700,4500
57598001000930,15:59:58.001,2.2700,1100
57598001421967,15:59:58.001,2.2700,153
57598200719714,15:59:58.200,2.2700,1100
57598398900140,15:59:58.398,2.2700,1200
57598437465096,15:59:58.437,2.2700,127
57598598881939,15:59:58.598,2.2700,1100
57598801427751,15:59:58.801,2.2700,1100
57598802585477,15:59:58.802,2.2700,889
57599000820561,15:59:59.000,2.2700,278
57599004153369,15:59:59.004,2.2700,2000
57599072553446,15:59:59.072,2.2700,1127
57599081293168,15:59:59.081,2.2700,600
57599092743532,15:59:59.092,2.2700,4206
57599092743532,15:59:59.092,2.2700,3200
57599092743532,15:59:59.092,2.2700,3200
57599092743532,15:59:59.092,2.2700,6000
57599092743532,15:59:59.092,2.2700,6100
57599092743532,15:59:59.092,2.2700,4100
57599200770090,15:59:59.200,2.2800,2000
57599402288616,15:59:59.402,2.2800,1900
57599908406541,15:59:59.908,2.2800,2000
57600581852640,16:00:00.581,2.2800,11179
57600581852640,16:00:00.581,2.2800,302455
59137283603503,16:25:37.283,2.2500,5
59175118762994,16:26:15.118,2.2500,9
59229907703598,16:27:09.907,2.2500,2
59254016760801,16:27:34.016,2.2400,334
62076135872017,17:14:36.135,2.2800,20
62099533842811,17:14:59.533,2.2800,3
62123531884402,17:15:23.531,2.2800,2
62147260929548,17:15:47.260,2.2800,5
62300652030706,17:18:20.652,2.2800,5
62301542546524,17:18:21.542,2.2800,2
62318522812023,17:18:38.522,2.2800,5
62344063615575,17:19:04.063,2.2800,1
62454256550217,17:20:54.256,2.2800,5
62573520759196,17:22:53.520,2.2800,2
63193416826900,17:33:13.416,2.2800,2
63205118158904,17:33:25.118,2.2800,2
63242084660734,17:34:02.084,2.2800,8
63344180501995,17:35:44.180,2.2800,9
63360469717500,17:36:00.469,2.2800,35
63498456968332,17:38:18.456,2.2800,10
63538205534571,17:38:58.205,2.2800,1
63749929022868,17:42:29.929,2.2800,5
63826010040423,17:43:46.010,2.2800,1
63860263386910,17:44:20.263,2.2800,45
63917802924217,17:45:17.802,2.2800,10
63963206268326,17:46:03.206,2.2800,2
63977329224032,17:46:17.329,2.2800,2
63977573149445,17:46:17.573,2.2800,15
