timestamp,time,price,volume
32454278709782,09:00:54.278,9.8500,100
32454278709782,09:00:54.278,9.8500,148
33995128396055,09:26:35.128,9.8500,400
34200910797605,09:30:00.910,0.0000,0
34274130665257,09:31:14.130,9.8400,20
34274131030573,09:31:14.131,9.8300,52
34274131030573,09:31:14.131,9.8300,100
34274132427497,09:31:14.132,9.8300,100
34306083010451,09:31:46.083,9.8500,100
34450421534056,09:34:10.421,9.8300,500
34450421572113,09:34:10.421,9.8300,64
34450421579474,09:34:10.421,9.8300,136
34590940372926,09:36:30.940,9.8100,100
34598460025240,09:36:38.460,9.8100,100
34613563268351,09:36:53.563,9.8100,50
34615495230810,09:36:55.495,9.8100,50
34615991090010,09:36:55.991,9.8100,100
34630612937572,09:37:10.612,9.8100,100
34753360478665,09:39:13.360,9.8100,20
34780684295110,09:39:40.684,9.8100,100
34780684295110,09:39:40.684,9.8100,100
34895155092095,09:41:35.155,9.8300,100
35330749257783,09:48:50.749,9.8300,26
35330750038814,09:48:50.750,9.8300,74
35425010591025,09:50:25.010,9.8400,100
35488247173823,09:51:28.247,9.8300,100
35561465883990,09:52:41.465,9.8100,15
35628362814438,09:53:48.362,9.8300,100
35803421456553,09:56:43.421,9.8600,100
35803436355828,09:56:43.436,9.8500,100
35803436355828,09:56:43.436,9.8500,100
35803436355828,09:56:43.436,9.8500,100
35803436355828,09:56:43.436,9.8500,200
35803436355828,09:56:43.436,9.8500,300
35803436355828,09:56:43.436,9.8500,100
35803436355828,09:56:43.436,9.8500,100
35803436355828,09:56:43.436,9.8500,100
35803436355828,09:56:43.436,9.8500,100
35803436355828,09:56:43.436,9.8500,100
35803436948608,09:56:43.436,9.8500,100
35803453803239,09:56:43.453,9.8500,100
35803453803239,09:56:43.453,9.8500,100
35803455226054,09:56:43.455,9.8500,100
36020378861895,10:00:20.378,9.8400,100
36097092924616,10:01:37.092,9.8500,100
36097093675151,10:01:37.093,9.8500,100
36097094595655,10:01:37.094,9.8500,100
36097094595655,10:01:37.094,9.8500,100
36097094595655,10:01:37.094,9.8500,100
36128997031930,10:02:08.997,9.8400,100
36131403419576,10:02:11.403,9.8400,100
36150139558798,10:02:30.139,9.8400,100
36265095585756,10:04:25.095,9.8300,100
36267521714394,10:04:27.521,9.8300,100
36318158724525,10:05:18.158,9.8300,200
36446296438012,10:07:26.296,9.8200,100
36448389427253,10:07:28.389,9.8100,100
36448389427253,10:07:28.389,9.8100,100
36463396720245,10:07:43.396,9.8100,100
36463396720245,10:07:43.396,9.8100,100
36463396720245,10:07:43.396,9.8100,100
36463396720245,10:07:43.396,9.8100,100
36463397145683,10:07:43.397,9.8100,100
36463397145683,10:07:43.397,9.8100,228
36463397270711,10:07:43.397,9.8100,72
36463397270711,10:07:43.397,9.8100,100
36463411536777,10:07:43.411,9.8100,300
36513067770894,10:08:33.067,9.8100,100
36625407212508,10:10:25.407,9.8200,100
36625407212508,10:10:25.407,9.8200,36
36631038346988,10:10:31.038,9.8200,100
37046780956165,10:17:26.780,9.8200,100
37330989254244,10:22:10.989,9.8200,100
37330989254244,10:22:10.989,9.8200,100
37341404048113,10:22:21.404,9.8400,400
37383284207020,10:23:03.284,9.8400,100
37389768170780,10:23:09.768,9.8400,100
37414178153057,10:23:34.178,9.8400,200
37626770422133,10:27:06.770,9.8400,100
37750179033353,10:29:10.179,9.8400,100
37989590223913,10:33:09.590,9.8500,100
38298204074327,10:38:18.204,9.8500,100
38298204074327,10:38:18.204,9.8500,100
38298204074327,10:38:18.204,9.8500,300
38337466888965,10:38:57.466,9.8600,100
38337466914290,10:38:57.466,9.8600,100
38337466914290,10:38:57.466,9.8600,100
38345968565961,10:39:05.968,9.8700,100
38464198898629,10:41:04.198,9.8850,100
38464198898629,10:41:04.198,9.8800,100
38464217183707,10:41:04.217,9.8800,100
38659600636266,10:44:19.600,9.8900,100
38659600636266,10:44:19.600,9.8900,100
38659600636266,10:44:19.600,9.8900,100
38659600636266,10:44:19.600,9.8900,100
38717662581892,10:45:17.662,9.8950,100
38717662581892,10:45:17.662,9.8900,100
38717662581892,10:45:17.662,9.8900,100
38876569818792,10:47:56.569,9.8800,1
38906224224103,10:48:26.224,9.8800,100
38946290669408,10:49:06.290,9.8800,100
39035054192175,10:50:35.054,9.8800,100
39160753539815,10:52:40.753,9.8700,69
39345624328292,10:55:45.624,9.8600,100
39410509320005,10:56:50.509,9.8500,100
39502315016201,10:58:22.315,9.8550,300
39527149867902,10:58:47.149,9.8550,100
39535688383896,10:58:55.688,9.8600,50
39535688401271,10:58:55.688,9.8600,50
39535688401271,10:58:55.688,9.8600,100
39535688401271,10:58:55.688,9.8600,25
39535688408006,10:58:55.688,9.8600,75
39535688408006,10:58:55.688,9.8600,100
39546468971234,10:59:06.468,9.8700,100
39546468971234,10:59:06.468,9.8700,390
39548586034807,10:59:08.586,9.8800,87
39548586081816,10:59:08.586,9.8800,13
39548586081816,10:59:08.586,9.8800,100
39553231636589,10:59:13.231,9.8800,18
39556894354374,10:59:16.894,9.8850,100
39559682472343,10:59:19.682,9.8900,100
39559682472343,10:59:19.682,9.8900,100
39559682472343,10:59:19.682,9.8900,100
39559682472343,10:59:19.682,9.8900,100
39559682642585,10:59:19.682,9.8900,100
39559682642585,10:59:19.682,9.8900,50
39559936571642,10:59:19.936,9.8900,100
39559940411522,10:59:19.940,9.8900,100
39559940411522,10:59:19.940,9.8900,100
39559940411522,10:59:19.940,9.8900,100
39559940411522,10:59:19.940,9.8900,200
39559940411522,10:59:19.940,9.8900,100
39562710180894,10:59:22.710,9.9000,100
39562710180894,10:59:22.710,9.9000,100
39562710180894,10:59:22.710,9.9000,100
39562711195560,10:59:22.711,9.9000,100
39562713323085,10:59:22.713,9.9000,100
39562713323085,10:59:22.713,9.9100,600
39562713323085,10:59:22.713,9.9100,100
39562713323085,10:59:22.713,9.9100,300
39562713323085,10:59:22.713,9.9100,100
39562713323085,10:59:22.713,9.9100,100
39562713323085,10:59:22.713,9.9100,70
39562714432339,10:59:22.714,9.9100,100
39562977428064,10:59:22.977,9.9100,200
39566123324516,10:59:26.123,9.9100,100
39566442568910,10:59:26.442,9.9200,100
39566442568910,10:59:26.442,9.9200,200
39566442568910,10:59:26.442,9.9200,100
39566448433250,10:59:26.448,9.9250,100
39566448433250,10:59:26.448,9.9300,35
39572169356250,10:59:32.169,9.9150,100
39572169499548,10:59:32.169,9.9100,100
39582386604846,10:59:42.386,9.9050,100
39582394491631,10:59:42.394,9.9050,100
39582395772079,10:59:42.395,9.9000,100
39582396213504,10:59:42.396,9.9000,100
39604918048894,11:00:04.918,9.8950,100
39624163100138,11:00:24.163,9.8900,100
39626109199602,11:00:26.109,9.8900,100
39628526009407,11:00:28.526,9.8900,100
39630270710433,11:00:30.270,9.8900,100
39630270710433,11:00:30.270,9.8900,100
39630270710433,11:00:30.270,9.8900,325
39746485651477,11:02:26.485,9.8950,100
39798090317106,11:03:18.090,9.8950,100
39879408050790,11:04:39.408,9.8950,100
39954742035163,11:05:54.742,9.9000,100
39954742035163,11:05:54.742,9.9000,100
39976585327707,11:06:16.585,9.9050,100
39978034024972,11:06:18.034,9.8900,50
39978040943456,11:06:18.040,9.8950,100
39978040943456,11:06:18.040,9.8900,50
39993923245434,11:06:33.923,9.8900,40
39995888830560,11:06:35.888,9.8900,50
39997852456218,11:06:37.852,9.8950,100
39997859999658,11:06:37.859,9.8900,10
39997859999658,11:06:37.859,9.8900,100
39997859999658,11:06:37.859,9.8900,90
39997991786352,11:06:37.991,9.8900,10
40004672417120,11:06:44.672,9.8900,100
40004672417120,11:06:44.672,9.8900,200
40004672771786,11:06:44.672,9.8900,100
40004672995526,11:06:44.672,9.8900,100
40004673163621,11:06:44.673,9.8900,200
40018581179756,11:06:58.581,9.8900,50
40035683391409,11:07:15.683,9.8950,100
40036288575395,11:07:16.288,9.8900,100
40037733907661,11:07:17.733,9.8950,100
40037740927136,11:07:17.740,9.8900,100
40044851297332,11:07:24.851,9.8850,100
40045830917190,11:07:25.830,9.8700,100
40067114279187,11:07:47.114,9.8500,100
40080121537868,11:08:00.121,9.8500,100
40080121537868,11:08:00.121,9.8500,400
40080122000330,11:08:00.122,9.8500,100
40080122220353,11:08:00.122,9.8500,300
40104359939172,11:08:24.359,9.8450,100
40119313017207,11:08:39.313,9.8450,100
40126745751350,11:08:46.745,9.8450,100
40127222526015,11:08:47.222,9.8400,100
40127222526015,11:08:47.222,9.8400,100
40127222526015,11:08:47.222,9.8400,100
40127222526015,11:08:47.222,9.8400,100
40127222526015,11:08:47.222,9.8400,100
40127222526015,11:08:47.222,9.8400,100
40127232343935,11:08:47.232,9.8400,100
40127426468869,11:08:47.426,9.8400,50
40129766114849,11:08:49.766,9.8500,100
40146817936303,11:09:06.817,9.8450,100
40151522442537,11:09:11.522,9.8500,100
40151621114860,11:09:11.621,9.8550,100
40155202382915,11:09:15.202,9.8600,100
40155202382915,11:09:15.202,9.8600,100
40155202382915,11:09:15.202,9.8600,300
40155202382915,11:09:15.202,9.8600,173
40155202982923,11:09:15.202,9.8600,27
40158997302213,11:09:18.997,9.8700,50
40163980742086,11:09:23.980,9.8700,4
40177851814252,11:09:37.851,9.8750,100
40178188206676,11:09:38.188,9.8700,100
40178354545782,11:09:38.354,9.8700,46
40215316587940,11:10:15.316,9.8600,100
40215318200262,11:10:15.318,9.8650,100
40255446525792,11:10:55.446,9.8450,100
40255612975620,11:10:55.612,9.8400,50
40260979704883,11:11:00.979,9.8450,100
40281134352871,11:11:21.134,9.8450,100
40281145774163,11:11:21.145,9.8400,200
40281145774163,11:11:21.145,9.8400,100
40281145774163,11:11:21.145,9.8400,100
40281145774163,11:11:21.145,9.8400,100
40281145774163,11:11:21.145,9.8400,100
40281456624192,11:11:21.456,9.8400,30
40298103496017,11:11:38.103,9.8450,100
40300234045334,11:11:40.234,9.8500,85
40301508425356,11:11:41.508,9.8550,100
40316284280365,11:11:56.284,9.8550,100
40316284280365,11:11:56.284,9.8500,200
40404166948496,11:13:24.166,9.8550,100
40406111900818,11:13:26.111,9.8500,100
40407960535615,11:13:27.960,9.8500,100
40415152333567,11:13:35.152,9.8500,100
40426163205885,11:13:46.163,9.8500,100
40480677761159,11:14:40.677,9.8600,80
40480677900281,11:14:40.677,9.8600,20
40566462845672,11:16:06.462,9.8700,100
40589570684829,11:16:29.570,9.8700,50
40601768203679,11:16:41.768,9.8600,50
40602769282248,11:16:42.769,9.8600,50
40605187171765,11:16:45.187,9.8600,50
40615747759990,11:16:55.747,9.8600,50
40656497501112,11:17:36.497,9.8500,100
40656497501112,11:17:36.497,9.8500,100
40669803117568,11:17:49.803,9.8400,100
40669803117568,11:17:49.803,9.8400,100
40669803117568,11:17:49.803,9.8400,100
40684897797719,11:18:04.897,9.8400,100
40719181386066,11:18:39.181,9.8300,100
40719181386066,11:18:39.181,9.8300,50
40719492985058,11:18:39.492,9.8300,50
40719492985058,11:18:39.492,9.8300,100
40811390657716,11:20:11.390,9.8300,100
40811390657716,11:20:11.390,9.8300,100
40811390657716,11:20:11.390,9.8300,100
40811390657716,11:20:11.390,9.8300,100
40815533387112,11:20:15.533,9.8300,100
40815533387112,11:20:15.533,9.8300,100
40815533387112,11:20:15.533,9.8300,100
40993644794656,11:23:13.644,9.8300,28
40993645000039,11:23:13.645,9.8300,72
40995388589153,11:23:15.388,9.8300,262
41058791206383,11:24:18.791,9.8300,28
41058791206383,11:24:18.791,9.8300,22
41059423793313,11:24:19.423,9.8300,78
41059423793313,11:24:19.423,9.8300,72
41059552241172,11:24:19.552,9.8300,28
41059552241172,11:24:19.552,9.8300,72
41059552268151,11:24:19.552,9.8300,28
41070792630608,11:24:30.792,9.8200,100
41113539004958,11:25:13.539,9.7900,1
41113910969884,11:25:13.910,9.7900,2
41114086970376,11:25:14.086,9.7900,52
41152016670125,11:25:52.016,9.7900,28
41152027960837,11:25:52.027,9.7800,50
41158474559607,11:25:58.474,9.7800,100
41159862328320,11:25:59.862,9.7800,100
41169878377020,11:26:09.878,9.7700,1
41300588260147,11:28:20.588,9.7700,100
41333267897603,11:28:53.267,9.7600,100
41353666132064,11:29:13.666,9.7600,100
41483064051844,11:31:23.064,9.7450,100
41503589259724,11:31:43.589,9.7500,100
41685618744846,11:34:45.618,9.7100,100
41685749145122,11:34:45.749,9.7100,100
41732642816735,11:35:32.642,9.7200,100
41750032008955,11:35:50.032,9.7200,100
41804303618712,11:36:44.303,9.7200,50
41811630673678,11:36:51.630,9.7200,100
41871439999793,11:37:51.439,9.7200,100
41892007816000,11:38:12.007,9.7200,150
41908622077087,11:38:28.622,9.7100,100
41908622077087,11:38:28.622,9.7100,1
42069250079122,11:41:09.250,9.6900,100
42194315534684,11:43:14.315,9.6700,100
42194315534684,11:43:14.315,9.6700,50
42328161390938,11:45:28.161,9.6500,100
42336546115883,11:45:36.546,9.6400,25
42342351882014,11:45:42.351,9.6400,50
42342476305748,11:45:42.476,9.6400,50
42342510135441,11:45:42.510,9.6400,100
42342510135441,11:45:42.510,9.6400,200
42371039005927,11:46:11.039,9.6300,100
42406505762394,11:46:46.505,9.6400,100
42445873466759,11:47:25.873,9.6500,100
42481271226213,11:48:01.271,9.6500,100
42487224144113,11:48:07.224,9.6500,100
42564321822943,11:49:24.321,9.6500,50
42726253703157,11:52:06.253,9.6200,100
42726253703157,11:52:06.253,9.6200,25
42747183267492,11:52:27.183,9.6200,100
42954234808729,11:55:54.234,9.6300,50
42956171045890,11:55:56.171,9.6300,50
42992556858319,11:56:32.556,9.6300,100
43039786222905,11:57:19.786,9.6400,84
43055861468448,11:57:35.861,9.6500,100
43259033302714,12:00:59.033,9.6800,100
43334844099662,12:02:14.844,9.6900,100
43507758111871,12:05:07.758,9.6600,150
43520292326574,12:05:20.292,9.6700,100
43574728003898,12:06:14.728,9.6750,100
43805502668929,12:10:05.502,9.6700,100
43805502668929,12:10:05.502,9.6700,100
43815117311546,12:10:15.117,9.6700,20
43879219965702,12:11:19.219,9.6600,100
43945274470639,12:12:25.274,9.6500,100
43945274470639,12:12:25.274,9.6500,100
44059677856582,12:14:19.677,9.6700,100
44070238433526,12:14:30.238,9.6700,100
44159421283821,12:15:59.421,9.6900,44
44421956651074,12:20:21.956,9.7000,100
44462174617219,12:21:02.174,9.7000,100
44836441650991,12:27:16.441,9.6800,100
45403303154350,12:36:43.303,9.6700,87
45403303179816,12:36:43.303,9.6700,13
45403303179816,12:36:43.303,9.6700,100
45467167275988,12:37:47.167,9.6800,50
45564965952543,12:39:24.965,9.6800,100
45572168011276,12:39:32.168,9.6800,50
45760807498253,12:42:40.807,9.6700,100
45788740603222,12:43:08.740,9.6700,100
46051178173297,12:47:31.178,9.6700,100
46051178173297,12:47:31.178,9.6700,1
46471421889294,12:54:31.421,9.6700,100
47361624997531,13:09:21.624,9.6850,100
47363174995814,13:09:23.174,9.6850,100
48500518487100,13:28:20.518,9.6600,100
48672557122077,13:31:12.557,9.6450,200
49285291240873,13:41:25.291,9.6400,100
50287936939758,13:58:07.936,9.6500,100
50287936978750,13:58:07.936,9.6500,100
50306726095017,13:58:26.726,9.6400,100
50412224978973,14:00:12.224,9.6600,100
50427578622078,14:00:27.578,9.6700,100
50515220331792,14:01:55.220,9.6900,100
50576328540412,14:02:56.328,9.7000,10
50735152829221,14:05:35.152,9.7000,1
50983205207025,14:09:43.205,9.7300,300
51083031301424,14:11:23.031,9.7400,100
51096002271527,14:11:36.002,9.7500,100
51169070830079,14:12:49.070,9.7500,100
51281285312752,14:14:41.285,9.7700,100
51281285312752,14:14:41.285,9.7700,100
51489166751071,14:18:09.166,9.7800,100
51768696213180,14:22:48.696,9.7700,200
51779020296805,14:22:59.020,9.7700,100
52067885253557,14:27:47.885,9.7700,100
52098449039268,14:28:18.449,9.7600,200
52161342868600,14:29:21.342,9.7500,100
52161343033513,14:29:21.343,9.7500,100
52177720638334,14:29:37.720,9.7500,100
52281112406258,14:31:21.112,9.7500,100
52412246709947,14:33:32.246,9.7500,100
52617079267775,14:36:57.079,9.7500,100
52736410243354,14:38:56.410,9.7600,100
52950777160914,14:42:30.777,9.7700,50
52965281516947,14:42:45.281,9.7700,50
52965281516947,14:42:45.281,9.7700,50
53052999544824,14:44:12.999,9.7600,100
53052999544824,14:44:12.999,9.7600,100
53060565217883,14:44:20.565,9.7600,100
53069131330102,14:44:29.131,9.7600,100
53069131707206,14:44:29.131,9.7600,100
53069131707206,14:44:29.131,9.7600,100
53069131895581,14:44:29.131,9.7600,100
53069131895581,14:44:29.131,9.7600,100
53069131895581,14:44:29.131,9.7600,100
53112858573139,14:45:12.858,9.7600,100
53112858573139,14:45:12.858,9.7600,100
53112858573139,14:45:12.858,9.7600,49
53112858602526,14:45:12.858,9.7600,51
53112858602526,14:45:12.858,9.7600,50
53134039345161,14:45:34.039,9.7700,44
53156565007491,14:45:56.565,9.7700,100
53156565334700,14:45:56.565,9.7700,156
53165632333976,14:46:05.632,9.7800,27
53212972256816,14:46:52.972,9.7800,100
53231538634139,14:47:11.538,9.7800,100
53240364924542,14:47:20.364,9.7800,100
53371837638959,14:49:31.837,9.7700,100
53371837638959,14:49:31.837,9.7700,100
53371837638959,14:49:31.837,9.7700,100
53512465441016,14:51:52.465,9.7700,1
53543175442203,14:52:23.175,9.7700,100
53560006697307,14:52:40.006,9.7700,200
53560006697307,14:52:40.006,9.7700,100
53560006697307,14:52:40.006,9.7700,100
53632531414783,14:53:52.531,9.7800,100
53632531414783,14:53:52.531,9.7800,100
53663756229542,14:54:23.756,9.7700,100
53663756229542,14:54:23.756,9.7700,100
53862441243641,14:57:42.441,9.7900,100
53862441243641,14:57:42.441,9.7900,100
53862441243641,14:57:42.441,9.7900,100
53862441243641,14:57:42.441,9.7900,100
53862441243641,14:57:42.441,9.7900,100
53924592733158,14:58:44.592,9.8000,11
53924593069782,14:58:44.593,9.8000,89
53943057554907,14:59:03.057,9.8200,100
53943057554907,14:59:03.057,9.8200,100
53943057554907,14:59:03.057,9.8200,100
53943057554907,14:59:03.057,9.8200,100
53943057554907,14:59:03.057,9.8200,100
53943734889187,14:59:03.734,9.8200,100
53950004090420,14:59:10.004,9.8200,100
53977006176893,14:59:37.006,9.8300,100
54027289398799,15:00:27.289,9.8300,100
54066113847073,15:01:06.113,9.8300,100
54200243063718,15:03:20.243,9.8200,100
54223594339232,15:03:43.594,9.8100,100
54223594339232,15:03:43.594,9.8200,100
54223594339232,15:03:43.594,9.8200,69
54238712783024,15:03:58.712,9.8200,100
54238712783024,15:03:58.712,9.8200,100
54238712783024,15:03:58.712,9.8200,100
54238712783024,15:03:58.712,9.8200,100
54238712783024,15:03:58.712,9.8200,100
54238712783024,15:03:58.712,9.8200,100
54238713503448,15:03:58.713,9.8200,100
54268600885911,15:04:28.600,9.8300,100
54268600885911,15:04:28.600,9.8300,100
54268600885911,15:04:28.600,9.8300,100
54268600885911,15:04:28.600,9.8300,100
54268600885911,15:04:28.600,9.8300,100
54298594587189,15:04:58.594,9.8300,100
54298594587189,15:04:58.594,9.8300,200
54298594587189,15:04:58.594,9.8300,400
54313593944960,15:05:13.593,9.8300,100
54313593944960,15:05:13.593,9.8300,100
54314319987812,15:05:14.319,9.8300,100
54384299231079,15:06:24.299,9.8300,100
54384299280798,15:06:24.299,9.8300,100
54413712276109,15:06:53.712,9.8300,100
54413712276109,15:06:53.712,9.8300,100
54413712276109,15:06:53.712,9.8300,100
54413712276109,15:06:53.712,9.8300,100
54448319158864,15:07:28.319,9.8400,97
54456197620981,15:07:36.197,9.8400,100
54456198785251,15:07:36.198,9.8300,100
54456198785251,15:07:36.198,9.8300,100
54456198785251,15:07:36.198,9.8300,100
54462754060722,15:07:42.754,9.8300,100
54586554242222,15:09:46.554,9.8200,100
54586556765195,15:09:46.556,9.8100,100
54586556765195,15:09:46.556,9.8100,200
54586562134937,15:09:46.562,9.8050,100
54586562134937,15:09:46.562,9.8000,100
54586562134937,15:09:46.562,9.8000,100
54586562134937,15:09:46.562,9.8000,100
54586562134937,15:09:46.562,9.8000,500
54586562134937,15:09:46.562,9.8000,100
54586562134937,15:09:46.562,9.8000,100
54586562195357,15:09:46.562,9.8000,100
54586562195357,15:09:46.562,9.8000,100
54586562461799,15:09:46.562,9.8000,100
54586562461799,15:09:46.562,9.8000,100
54587603043333,15:09:47.603,9.8000,100
54587603043333,15:09:47.603,9.8000,100
54587603043333,15:09:47.603,9.8000,100
54623594892895,15:10:23.594,9.8000,800
54623594892895,15:10:23.594,9.8000,100
54623594892895,15:10:23.594,9.8000,100
54623594892895,15:10:23.594,9.8000,100
54623594987555,15:10:23.594,9.8000,100
54623596396783,15:10:23.596,9.8000,100
54623596396783,15:10:23.596,9.8000,100
54692090852567,15:11:32.090,9.8000,100
54692092660698,15:11:32.092,9.8000,100
54692092660698,15:11:32.092,9.8000,100
54727225928535,15:12:07.225,9.8000,100
54796916208071,15:13:16.916,9.8000,100
54796916866916,15:13:16.916,9.8000,100
54850624669724,15:14:10.624,9.7900,86
54850625223707,15:14:10.625,9.7900,14
54850625223707,15:14:10.625,9.7900,14
54929763783270,15:15:29.763,9.7750,100
54929763783270,15:15:29.763,9.7800,100
54930725340377,15:15:30.725,9.7750,100
54943864282889,15:15:43.864,9.7800,100
54943864282889,15:15:43.864,9.7800,42
54943864301975,15:15:43.864,9.7800,58
54943864301975,15:15:43.864,9.7800,100
55094926890684,15:18:14.926,9.7800,10
55128615859235,15:18:48.615,9.7700,6
55270423723730,15:21:10.423,9.7700,294
55270423723730,15:21:10.423,9.7700,6
55270425152379,15:21:10.425,9.7700,94
55335398857773,15:22:15.398,9.7500,100
55343667328030,15:22:23.667,9.7400,100
55386810027118,15:23:06.810,9.7300,100
55386911260588,15:23:06.911,9.7300,100
55638199116966,15:27:18.199,9.7400,100
55638199116966,15:27:18.199,9.7400,100
55638199116966,15:27:18.199,9.7400,100
55638199116966,15:27:18.199,9.7400,100
55655267475759,15:27:35.267,9.7500,66
55655267499510,15:27:35.267,9.7500,34
55655267499510,15:27:35.267,9.7500,54
55655267527909,15:27:35.267,9.7500,46
56079144769364,15:34:39.144,9.7650,100
56101620567832,15:35:01.620,9.7600,100
56101620567832,15:35:01.620,9.7600,100
56101620567832,15:35:01.620,9.7600,100
56101620567832,15:35:01.620,9.7600,100
56101620567832,15:35:01.620,9.7600,1
56101620567832,15:35:01.620,9.7600,99
56101620713497,15:35:01.620,9.7600,1
56101731909273,15:35:01.731,9.7600,100
56101731909273,15:35:01.731,9.7600,100
56101731909273,15:35:01.731,9.7600,100
56101731909273,15:35:01.731,9.7600,25
56102634564319,15:35:02.634,9.7600,75
56102634564319,15:35:02.634,9.7600,200
56316479424785,15:38:36.479,9.7600,100
56363869007078,15:39:23.869,9.7600,9
56365385251720,15:39:25.385,9.7600,91
56378021340471,15:39:38.021,9.7600,100
56378021340471,15:39:38.021,9.7600,100
56400786885831,15:40:00.786,9.7650,100
56426260313927,15:40:26.260,9.7700,100
56464109227149,15:41:04.109,9.7700,100
56572320160100,15:42:52.320,9.7750,100
56572327824201,15:42:52.327,9.7800,3
56573183644084,15:42:53.183,9.7800,100
56615570780802,15:43:35.570,9.7750,100
56615570780802,15:43:35.570,9.7750,100
56616597765617,15:43:36.597,9.7750,100
56620532873112,15:43:40.532,9.7750,100
56621601938849,15:43:41.601,9.7750,100
56640726295888,15:44:00.726,9.7750,100
56654177953109,15:44:14.177,9.7750,100
56655180931770,15:44:15.180,9.7750,100
56695378972302,15:44:55.378,9.7700,100
56695378972302,15:44:55.378,9.7700,100
56695378972302,15:44:55.378,9.7700,100
56779738836633,15:46:19.738,9.7650,100
56779738836633,15:46:19.738,9.7650,100
56780517388689,15:46:20.517,9.7650,100
56798140784656,15:46:38.140,9.7650,100
56800270477824,15:46:40.270,9.7650,100
56801275499412,15:46:41.275,9.7650,100
56811131053442,15:46:51.131,9.7700,100
56811131053442,15:46:51.131,9.7700,14
56811131053442,15:46:51.131,9.7700,150
56811131053442,15:46:51.131,9.7700,100
56846381941334,15:47:26.381,9.7750,100
56868799923704,15:47:48.799,9.7750,100
56869803978901,15:47:49.803,9.7750,100
56887218643336,15:48:07.218,9.7800,150
56887218643336,15:48:07.218,9.7800,100
56914725369645,15:48:34.725,9.7850,100
56915727476025,15:48:35.727,9.7850,100
56931817856477,15:48:51.817,9.7850,100
56961065413443,15:49:21.065,9.7850,100
56963325475615,15:49:23.325,9.7850,100
56983395114811,15:49:43.395,9.7850,100
57028126701467,15:50:28.126,9.7850,100
57028128644236,15:50:28.128,9.7850,100
57062353719885,15:51:02.353,9.7800,100
57067639300754,15:51:07.639,9.7750,200
57099916825309,15:51:39.916,9.7750,100
57099916825309,15:51:39.916,9.7750,100
57155603895189,15:52:35.603,9.7700,100
57167870204584,15:52:47.870,9.7700,100
57167870204584,15:52:47.870,9.7700,100
57174768166399,15:52:54.768,9.7700,100
57196087671239,15:53:16.087,9.7600,1
57210403131244,15:53:30.403,9.7600,100
57286978565504,15:54:46.978,9.7500,100
57292212977027,15:54:52.212,9.7450,100
57292212977027,15:54:52.212,9.7500,250
57292222625861,15:54:52.222,9.7550,5
57395056164148,15:56:35.056,9.7500,100
57395056164148,15:56:35.056,9.7500,100
57398476848932,15:56:38.476,9.7500,100
57399890005845,15:56:39.890,9.7500,100
57399890005845,15:56:39.890,9.7500,200
57399890005845,15:56:39.890,9.7500,100
57399890005845,15:56:39.890,9.7500,100
57399913392267,15:56:39.913,9.7500,100
57399920934723,15:56:39.920,9.7500,200
57402282497883,15:56:42.282,9.7500,200
57402282497883,15:56:42.282,9.7500,100
57402282497883,15:56:42.282,9.7500,100
57406334439447,15:56:46.334,9.7500,100
57406345764826,15:56:46.345,9.7500,100
57412471269586,15:56:52.471,9.7450,100
57412471269586,15:56:52.471,9.7450,100
57424868520396,15:57:04.868,9.7400,800
57424868520396,15:57:04.868,9.7400,100
57424868520396,15:57:04.868,9.7400,200
57424868520396,15:57:04.868,9.7400,100
57424868520396,15:57:04.868,9.7400,100
57424868520396,15:57:04.868,9.7400,100
57424868520396,15:57:04.868,9.7400,100
57424868520396,15:57:04.868,9.7400,200
57429417207984,15:57:09.417,9.7400,100
57429647898347,15:57:09.647,9.7400,100
57429647898347,15:57:09.647,9.7400,100
57429647898347,15:57:09.647,9.7400,100
57432040336695,15:57:12.040,9.7400,100
57432040336695,15:57:12.040,9.7400,100
57434434625177,15:57:14.434,9.7400,100
57434434625177,15:57:14.434,9.7400,100
57434444851576,15:57:14.444,9.7400,9
57447353224141,15:57:27.353,9.7400,19
57458740025666,15:57:38.740,9.7400,81
57458740025666,15:57:38.740,9.7400,98
57483418206423,15:58:03.418,9.7450,100
57483418206423,15:58:03.418,9.7450,100
57483418206423,15:58:03.418,9.7500,100
57483418206423,15:58:03.418,9.7500,15
57483418567912,15:58:03.418,9.7500,81
57483418673137,15:58:03.418,9.7500,4
57508401805385,15:58:28.401,9.7550,100
57508412954394,15:58:28.412,9.7600,100
57508860225799,15:58:28.860,9.7600,67
57521926437597,15:58:41.926,9.7550,100
57535188901200,15:58:55.188,9.7550,100
57544613632210,15:59:04.613,9.7550,200
57563373741097,15:59:23.373,9.7550,200
57590853451650,15:59:50.853,9.7600,7
57593653593903,15:59:53.653,9.7600,93
57600615880903,16:00:00.615,0.0000,0
