timestamp,time,price,volume
34200341069001,09:30:00.341,0.0000,0
34308243618664,09:31:48.243,69.7100,100
34308243618664,09:31:48.243,69.7100,300
34318213354709,09:31:58.213,69.7100,300
34318575208345,09:31:58.575,69.7100,600
34318575208345,09:31:58.575,69.7100,100
34318575208345,09:31:58.575,69.7100,400
34319651997956,09:31:59.651,69.7100,400
34319651997956,09:31:59.651,69.7100,813
34319652496418,09:31:59.652,69.7100,2987
34319653733710,09:31:59.653,69.7100,2300
34319653733710,09:31:59.653,69.7100,300
34319653733710,09:31:59.653,69.7100,500
34319656096828,09:31:59.656,69.7100,100
34319656096828,09:31:59.656,69.7100,500
34320236129097,09:32:00.236,69.7200,37
34320236365196,09:32:00.236,69.7200,37
34320236452381,09:32:00.236,69.7200,37
34320236936348,09:32:00.236,69.7200,289
34320239966048,09:32:00.239,69.7200,100
34320239966048,09:32:00.239,69.7200,100
34320239966048,09:32:00.239,69.7200,500
34320239966048,09:32:00.239,69.7200,1000
34320239966048,09:32:00.239,69.7200,200
34320242543970,09:32:00.242,69.7200,100
34331995346404,09:32:11.995,69.7300,500
34342415944105,09:32:22.415,69.7200,480
34393192432515,09:33:13.192,69.7300,18
34428215902578,09:33:48.215,69.7000,500
34476690642781,09:34:36.690,69.7100,100
34476741478523,09:34:36.741,69.7100,100
34476741478523,09:34:36.741,69.7100,100
34476741478523,09:34:36.741,69.7100,400
34495274640765,09:34:55.274,69.7300,100
34500075327119,09:35:00.075,69.7200,400
34509996000986,09:35:09.996,69.7400,1
34521897375602,09:35:21.897,69.7300,400
34533503389764,09:35:33.503,69.7200,400
34533503389764,09:35:33.503,69.7200,18
34536895418989,09:35:36.895,69.7100,200
34536895420788,09:35:36.895,69.7100,200
34563873606558,09:36:03.873,69.7300,202
34564328123896,09:36:04.328,69.7200,400
34564574899013,09:36:04.574,69.7200,35
34566436987047,09:36:06.436,69.7200,303
34567710224439,09:36:07.710,69.7200,97
34583306895309,09:36:23.306,69.7200,400
34613341675623,09:36:53.341,69.6900,400
34626209837774,09:37:06.209,69.7100,400
34658682078628,09:37:38.682,69.7000,400
34671547724137,09:37:51.547,69.6800,318
34689394986923,09:38:09.394,69.7100,500
34690559087091,09:38:10.559,69.7100,318
34753987923748,09:39:13.987,69.7300,35
34807641962505,09:40:07.641,69.7400,100
34807641962505,09:40:07.641,69.7400,100
34839443573946,09:40:39.443,69.7200,100
34839443573946,09:40:39.443,69.7200,200
34839443573946,09:40:39.443,69.7200,18
34839443775136,09:40:39.443,69.7200,223
34839444142704,09:40:39.444,69.7200,400
34839444179128,09:40:39.444,69.7200,359
34858551862957,09:40:58.551,69.7200,26
35053688870389,09:44:13.688,69.6700,300
35101972224346,09:45:01.972,69.6700,158
35233237122602,09:47:13.237,69.6800,18
35252134768741,09:47:32.134,69.6800,35
35275396765159,09:47:55.396,69.6700,1
35315432651495,09:48:35.432,69.6400,162
35330639656176,09:48:50.639,69.6300,100
35330640039799,09:48:50.640,69.6300,100
35330640357421,09:48:50.640,69.6300,100
35330640667029,09:48:50.640,69.6300,317
35330640751820,09:48:50.640,69.6300,100
35330641169282,09:48:50.641,69.6300,100
35330641839215,09:48:50.641,69.6300,83
35330641839215,09:48:50.641,69.6300,17
35330643250623,09:48:50.643,69.6300,100
35406680874934,09:50:06.680,69.6400,99
35413854917114,09:50:13.854,69.6500,100
35413854917114,09:50:13.854,69.6500,100
35413854917114,09:50:13.854,69.6500,100
35458436819710,09:50:58.436,69.6500,400
35458436819710,09:50:58.436,69.6500,100
35458436819710,09:50:58.436,69.6500,400
35468973128727,09:51:08.973,69.6600,400
35498646117754,09:51:38.646,69.6600,400
35773312752937,09:56:13.312,69.6000,1
35863038137136,09:57:43.038,69.6000,400
35960107450087,09:59:20.107,69.5700,35
35969804866747,09:59:29.804,69.5700,100
35969804866747,09:59:29.804,69.5700,700
36080356678163,10:01:20.356,69.5700,400
36080356678163,10:01:20.356,69.5700,100
36080356678163,10:01:20.356,69.5700,600
36147430267257,10:02:27.430,69.5600,18
36158476784659,10:02:38.476,69.5500,100
36166687439975,10:02:46.687,69.5300,119
36166694705725,10:02:46.694,69.5300,300
36166696494625,10:02:46.696,69.5300,196
36187029345089,10:03:07.029,69.5200,3
36209267939786,10:03:29.267,69.5200,100
36220357359415,10:03:40.357,69.5200,700
36239936346789,10:03:59.936,69.5200,26
36293682534169,10:04:53.682,69.5200,16
36316490489805,10:05:16.490,69.5000,10
36316490489805,10:05:16.490,69.5000,1
36316490489805,10:05:16.490,69.5000,1
36364703148454,10:06:04.703,69.5200,61
36405329333047,10:06:45.329,69.5400,1100
36405329333047,10:06:45.329,69.5400,200
36405329333047,10:06:45.329,69.5400,700
36405329333047,10:06:45.329,69.5400,400
36415302302028,10:06:55.302,69.5400,500
36415302302028,10:06:55.302,69.5400,1100
36415302302028,10:06:55.302,69.5400,2200
36415302302028,10:06:55.302,69.5400,100
36415302302028,10:06:55.302,69.5400,400
36415302302028,10:06:55.302,69.5400,140
36415302346760,10:06:55.302,69.5400,560
36415302346760,10:06:55.302,69.5400,100
36415302346760,10:06:55.302,69.5400,100
36521752556832,10:08:41.752,69.5200,400
36543699995367,10:09:03.699,69.5300,400
36543699995367,10:09:03.699,69.5300,400
36543701567148,10:09:03.701,69.5300,400
36543701567148,10:09:03.701,69.5300,400
36579831255331,10:09:39.831,69.5200,100
36598451948297,10:09:58.451,69.5300,61
36598451948297,10:09:58.451,69.5300,400
36651972633395,10:10:51.972,69.5200,400
36697035694530,10:11:37.035,69.5400,400
36697035890468,10:11:37.035,69.5400,100
36697035890468,10:11:37.035,69.5400,61
36697035890468,10:11:37.035,69.5400,83
36762373593586,10:12:42.373,69.5800,26
36778543924624,10:12:58.543,69.5700,16
36778544148794,10:12:58.544,69.5700,400
36799691103491,10:13:19.691,69.5800,400
36799691103491,10:13:19.691,69.5800,36
36799691103491,10:13:19.691,69.5800,1000
36799691103491,10:13:19.691,69.5800,400
36799691103491,10:13:19.691,69.5800,800
36799691103491,10:13:19.691,69.5800,100
36799691103491,10:13:19.691,69.5800,500
36943053830838,10:15:43.053,69.5600,100
36974371986152,10:16:14.371,69.5600,100
36982633785285,10:16:22.633,69.5600,400
36982633785285,10:16:22.633,69.5600,500
36982634273452,10:16:22.634,69.5600,200
36982634275194,10:16:22.634,69.5600,100
36986649344508,10:16:26.649,69.5600,400
36986652871890,10:16:26.652,69.5600,1
37088634418942,10:18:08.634,69.5200,85
37112494553026,10:18:32.494,69.5100,200
37112494917298,10:18:32.494,69.5100,200
37112494964332,10:18:32.494,69.5100,200
37119071127436,10:18:39.071,69.5100,25
37127507402772,10:18:47.507,69.5100,795
37127507467585,10:18:47.507,69.5100,105
37127507467585,10:18:47.507,69.5100,400
37228119678333,10:20:28.119,69.5600,400
37228119678333,10:20:28.119,69.5600,800
37228120280173,10:20:28.120,69.5600,100
37583908278378,10:26:23.908,69.6000,3
37583908278378,10:26:23.908,69.6000,2
37589477947597,10:26:29.477,69.6000,25
37605647678052,10:26:45.647,69.5900,16
37607933244250,10:26:47.933,69.5900,400
37613465108209,10:26:53.465,69.5900,92
37613465130508,10:26:53.465,69.5900,289
37613466218340,10:26:53.466,69.5900,519
37800206561598,10:30:00.206,69.6100,400
37800206561598,10:30:00.206,69.6100,400
37800206624145,10:30:00.206,69.6100,500
37800207387891,10:30:00.207,69.6100,400
37801698551844,10:30:01.698,69.6100,900
37869779947435,10:31:09.779,69.6200,300
37898201725616,10:31:38.201,69.6200,1
37898202312376,10:31:38.202,69.6200,399
37965428243292,10:32:45.428,69.6300,700
37965428243292,10:32:45.428,69.6300,900
37965428243292,10:32:45.428,69.6300,800
38019306683642,10:33:39.306,69.6400,100
38046904298290,10:34:06.904,69.6400,100
38046904298290,10:34:06.904,69.6400,100
38046904298290,10:34:06.904,69.6400,400
38105154855830,10:35:05.154,69.6200,100
38105154855830,10:35:05.154,69.6200,200
38105154855830,10:35:05.154,69.6200,1600
38154284569293,10:35:54.284,69.6300,400
38193227907701,10:36:33.227,69.6300,100
38193228025639,10:36:33.228,69.6300,100
38221786107807,10:37:01.786,69.6400,200
38241946024168,10:37:21.946,69.6200,300
38241946024168,10:37:21.946,69.6200,200
38241946024168,10:37:21.946,69.6200,100
38241946024168,10:37:21.946,69.6200,1600
38241946920334,10:37:21.946,69.6200,400
38241980587421,10:37:21.980,69.6200,100
38242138408567,10:37:22.138,69.6200,200
38242138408567,10:37:22.138,69.6200,400
38242138408567,10:37:22.138,69.6200,200
38242140579453,10:37:22.140,69.6200,700
38242140579453,10:37:22.140,69.6200,100
38242142258394,10:37:22.142,69.6200,300
38259094102937,10:37:39.094,69.6100,400
38271876062392,10:37:51.876,69.5900,400
38277922962547,10:37:57.922,69.5800,342
38277923056187,10:37:57.923,69.5800,100
38298335919116,10:38:18.335,69.6100,400
38360467541981,10:39:20.467,69.6300,200
38360467640575,10:39:20.467,69.6300,200
38406644638244,10:40:06.644,69.6500,100
38406644638244,10:40:06.644,69.6500,100
38406644638244,10:40:06.644,69.6500,100
38406644638244,10:40:06.644,69.6500,94
38406644877433,10:40:06.644,69.6500,6
38406645401535,10:40:06.645,69.6500,100
38423307379191,10:40:23.307,69.6500,172
38423307470609,10:40:23.307,69.6500,28
38423307470609,10:40:23.307,69.6500,72
38423308130916,10:40:23.308,69.6500,100
38423308307712,10:40:23.308,69.6500,28
38423308307712,10:40:23.308,69.6500,100
38423308307712,10:40:23.308,69.6500,100
38423308648120,10:40:23.308,69.6500,100
38444913246171,10:40:44.913,69.6500,16
38468862972986,10:41:08.862,69.6400,300
38526944011372,10:42:06.944,69.6300,15
38531574671303,10:42:11.574,69.6300,44
38531574935776,10:42:11.574,69.6300,156
38531575446284,10:42:11.575,69.6300,156
38531575583162,10:42:11.575,69.6300,44
38531575583162,10:42:11.575,69.6300,956
38642921813979,10:44:02.921,69.6500,638
38713474194261,10:45:13.474,69.6900,99
38780210114725,10:46:20.210,69.6900,100
38780210114725,10:46:20.210,69.6900,1100
38822309726180,10:47:02.309,69.6800,300
38824213564594,10:47:04.213,69.6700,200
38824213935381,10:47:04.213,69.6700,200
38825771063952,10:47:05.771,69.6700,400
39036000709015,10:50:36.000,69.6500,1
39097725466516,10:51:37.725,69.6500,200
39101183582056,10:51:41.183,69.6500,100
39106543155229,10:51:46.543,69.6500,400
39179787334548,10:52:59.787,69.6400,394
39179787374946,10:52:59.787,69.6400,306
39179787736601,10:52:59.787,69.6400,400
39295709648576,10:54:55.709,69.6300,342
39435007961248,10:57:15.007,69.6500,2
39435008085833,10:57:15.008,69.6500,200
39468562965174,10:57:48.562,69.6300,2
39518856118723,10:58:38.856,69.6400,400
39543461812079,10:59:03.461,69.6500,289
39543462026063,10:59:03.462,69.6500,200
39543462046377,10:59:03.462,69.6500,342
39601209586869,11:00:01.209,69.6700,100
39601209586869,11:00:01.209,69.6700,248
39662825479474,11:01:02.825,69.6800,178
39662825818643,11:01:02.825,69.6800,1022
39663389459564,11:01:03.389,69.7000,300
39663389674040,11:01:03.389,69.7000,175
39663389694409,11:01:03.389,69.7000,125
39663389694409,11:01:03.389,69.7000,175
39663389715927,11:01:03.389,69.7000,197
39663389917618,11:01:03.389,69.7000,126
39663459378109,11:01:03.459,69.7100,400
39663461740028,11:01:03.461,69.7200,500
39663461740028,11:01:03.461,69.7200,53
39663461740028,11:01:03.461,69.7200,400
39663475843761,11:01:03.475,69.7300,500
39663475843761,11:01:03.475,69.7300,400
39663529999749,11:01:03.529,69.7400,900
39663529999749,11:01:03.529,69.7400,100
39663529999749,11:01:03.529,69.7400,400
39663529999749,11:01:03.529,69.7400,400
39663546726767,11:01:03.546,69.7400,400
39663546726767,11:01:03.546,69.7400,400
39663589872086,11:01:03.589,69.7400,700
39663589872086,11:01:03.589,69.7400,500
39663589872086,11:01:03.589,69.7300,400
39663589872086,11:01:03.589,69.7300,400
39663589872086,11:01:03.589,69.7300,600
39663589872086,11:01:03.589,69.7300,1000
39663589872086,11:01:03.589,69.7300,600
39663622281541,11:01:03.622,69.7300,400
39663622281541,11:01:03.622,69.7300,400
39663625115046,11:01:03.625,69.7300,400
39664120747878,11:01:04.120,69.7300,400
39664120747878,11:01:04.120,69.7300,400
39664466238928,11:01:04.466,69.7300,300
39666847010670,11:01:06.847,69.7300,300
39666847036797,11:01:06.847,69.7300,1400
39666848414504,11:01:06.848,69.7300,887
39666848868360,11:01:06.848,69.7300,500
39666849399538,11:01:06.849,69.7300,713
39667323339088,11:01:07.323,69.7100,10
39671053958098,11:01:11.053,69.7200,200
39671053958098,11:01:11.053,69.7200,300
39672083157641,11:01:12.083,69.7200,400
39672083157641,11:01:12.083,69.7200,1100
39672083157641,11:01:12.083,69.7200,1000
39672083157641,11:01:12.083,69.7200,400
39672083964736,11:01:12.083,69.7200,400
39672083964736,11:01:12.083,69.7200,400
39672085161125,11:01:12.085,69.7200,700
39672085161125,11:01:12.085,69.7200,400
39672085161125,11:01:12.085,69.7200,400
39672085298436,11:01:12.085,69.7200,400
39672085298436,11:01:12.085,69.7200,700
39672085298436,11:01:12.085,69.7200,400
39672086035169,11:01:12.086,69.7200,400
39672086035169,11:01:12.086,69.7200,400
39672086348678,11:01:12.086,69.7200,400
39672088097801,11:01:12.088,69.7200,400
39674318910656,11:01:14.318,69.7200,200
39676607547954,11:01:16.607,69.7200,200
39676609025495,11:01:16.609,69.7200,200
39680734927359,11:01:20.734,69.7200,174
39680735009401,11:01:20.735,69.7200,826
39724701003962,11:02:04.701,69.7500,55
39792420572783,11:03:12.420,69.7400,123
39792933151431,11:03:12.933,69.7400,700
39842451383207,11:04:02.451,69.7350,100
39842451941403,11:04:02.451,69.7400,100
39842453270313,11:04:02.453,69.7400,100
39921491921485,11:05:21.491,69.7400,14
40018791255888,11:06:58.791,69.7400,100
40202095180119,11:10:02.095,69.7500,400
40202095180119,11:10:02.095,69.7500,100
40202095180119,11:10:02.095,69.7500,400
40203518507040,11:10:03.518,69.7500,1
40281075881542,11:11:21.075,69.7400,102
40297942824528,11:11:37.942,69.7300,400
40301001610309,11:11:41.001,69.7300,200
40301001787617,11:11:41.001,69.7300,400
40396101587140,11:13:16.101,69.7400,400
40396101587140,11:13:16.101,69.7400,400
40396101587140,11:13:16.101,69.7400,1300
40396101587140,11:13:16.101,69.7400,3800
40396101587140,11:13:16.101,69.7400,900
40436433176293,11:13:56.433,69.7500,100
40481279977259,11:14:41.279,69.7600,100
40481280170075,11:14:41.280,69.7600,10
40481280234562,11:14:41.280,69.7600,90
40481280234562,11:14:41.280,69.7600,100
40501798180228,11:15:01.798,69.7700,400
40501798180228,11:15:01.798,69.7700,500
40785494312828,11:19:45.494,69.7600,100
40785522408804,11:19:45.522,69.7600,300
40785522701618,11:19:45.522,69.7600,400
40810939162418,11:20:10.939,69.7700,400
40918554392334,11:21:58.554,69.7600,400
41058835394164,11:24:18.835,69.7600,400
41059455002756,11:24:19.455,69.7600,300
41059455053771,11:24:19.455,69.7600,100
41245066467478,11:27:25.066,69.7300,400
41245066467478,11:27:25.066,69.7300,200
41245066469376,11:27:25.066,69.7300,300
41245066637865,11:27:25.066,69.7300,100
41257219212501,11:27:37.219,69.7200,1820
41391674685901,11:29:51.674,69.7400,500
41403288429854,11:30:03.288,69.7400,200
41537960683177,11:32:17.960,69.7500,17
41574963194959,11:32:54.963,69.7400,10
41574963204485,11:32:54.963,69.7400,90
41574963204485,11:32:54.963,69.7400,100
41574963204485,11:32:54.963,69.7400,100
41574963204485,11:32:54.963,69.7400,100
41574963204485,11:32:54.963,69.7400,100
41585737379432,11:33:05.737,69.7400,100
41585737379432,11:33:05.737,69.7400,100
41585737379432,11:33:05.737,69.7400,100
41585737379432,11:33:05.737,69.7400,100
41585737379432,11:33:05.737,69.7400,100
41585737379432,11:33:05.737,69.7400,100
41586263895440,11:33:06.263,69.7500,371
41586554760470,11:33:06.554,69.7400,5
41712742655059,11:35:12.742,69.7800,400
41712742655059,11:35:12.742,69.7800,100
41800225840342,11:36:40.225,69.7500,400
41948658731935,11:39:08.658,69.7300,400
42004578048453,11:40:04.578,69.7600,200
42066956162029,11:41:06.956,69.7600,130
42067042558651,11:41:07.042,69.7600,400
42067042636638,11:41:07.042,69.7600,70
42067042636638,11:41:07.042,69.7600,30
42077114428748,11:41:17.114,69.7600,200
42171791055738,11:42:51.791,69.7800,100
42215131170581,11:43:35.131,69.7900,17
42301184266650,11:45:01.184,69.8000,83
42301184314003,11:45:01.184,69.8000,67
42301184314003,11:45:01.184,69.8000,64
42363206724396,11:46:03.206,69.8000,100
42364691280301,11:46:04.691,69.8000,300
42364691282216,11:46:04.691,69.8000,100
42364691282216,11:46:04.691,69.8000,100
42364691282216,11:46:04.691,69.8000,700
42508634757052,11:48:28.634,69.8000,17
42767013178654,11:52:47.013,69.7900,5
42789529344117,11:53:09.529,69.8000,100
42793499216857,11:53:13.499,69.8100,92
42977305675632,11:56:17.305,69.8100,300
42977305979057,11:56:17.305,69.8100,250
42981848798155,11:56:21.848,69.8100,50
42981848798155,11:56:21.848,69.8100,100
43285756096770,12:01:25.756,69.8300,17
43646321183591,12:07:26.321,69.8500,577
43785553220666,12:09:45.553,69.8600,100
43804072635521,12:10:04.072,69.8600,400
44060778092497,12:14:20.778,69.8700,17
44155320672983,12:15:55.320,69.8700,100
44155320672983,12:15:55.320,69.8700,100
44320558625995,12:18:40.558,69.8900,400
44329492668998,12:18:49.492,69.8800,200
44357307673233,12:19:17.307,69.8800,100
44357307709804,12:19:17.307,69.8800,100
44357307744255,12:19:17.307,69.8800,100
44427561694898,12:20:27.561,69.9000,400
44435999282180,12:20:35.999,69.9000,400
44445975240580,12:20:45.975,69.9000,400
44497211416250,12:21:37.211,69.9000,400
44590501467197,12:23:10.501,69.8900,300
44641341716421,12:24:01.341,69.8700,300
44668700307419,12:24:28.700,69.8700,100
44689110923647,12:24:49.110,69.8600,400
44880664001404,12:28:00.664,69.8600,100
45068507582054,12:31:08.507,69.8600,1
45108745079300,12:31:48.745,69.8600,700
45147655606434,12:32:27.655,69.8400,200
45234903108665,12:33:54.903,69.8300,17
45302991191907,12:35:02.991,69.8300,17
45302991236131,12:35:02.991,69.8300,77
45360865162524,12:36:00.865,69.8200,100
45374461524316,12:36:14.461,69.8100,400
45378544634077,12:36:18.544,69.8100,100
45378544640840,12:36:18.544,69.8100,100
45708548389500,12:41:48.548,69.8300,59
45708548778628,12:41:48.548,69.8300,240
45708549691651,12:41:48.549,69.8300,299
45708550389291,12:41:48.550,69.8300,299
45708551019976,12:41:48.551,69.8300,299
45708551973940,12:41:48.551,69.8300,240
45708563239927,12:41:48.563,69.8300,100
45708574358538,12:41:48.574,69.8300,400
45725526294412,12:42:05.526,69.8200,900
45972593089158,12:46:12.593,69.8100,400
45972593089158,12:46:12.593,69.8100,900
45972593089158,12:46:12.593,69.8100,400
45972593089158,12:46:12.593,69.8100,1200
45972593089158,12:46:12.593,69.8100,1000
45972593089158,12:46:12.593,69.8100,3800
45972593089158,12:46:12.593,69.8100,1000
46022492460958,12:47:02.492,69.8100,400
46044717433208,12:47:24.717,69.8200,200
46044717433208,12:47:24.717,69.8200,97
46044717446660,12:47:24.717,69.8200,103
46070025010104,12:47:50.025,69.8200,100
46130426985052,12:48:50.426,69.8200,200
46130426985052,12:48:50.426,69.8200,200
46221640505645,12:50:21.640,69.8400,400
46221640505645,12:50:21.640,69.8400,300
46221640505645,12:50:21.640,69.8400,700
46221641901752,12:50:21.641,69.8400,300
46221641901752,12:50:21.641,69.8400,1100
46401214089730,12:53:21.214,69.8400,300
46428362893679,12:53:48.362,69.8400,17
46428362893679,12:53:48.362,69.8400,83
46490924531421,12:54:50.924,69.8300,100
46491273898378,12:54:51.273,69.8300,100
46519231750372,12:55:19.231,69.8300,100
46520673975054,12:55:20.673,69.8300,461
46520674025954,12:55:20.674,69.8300,1
46521298273906,12:55:21.298,69.8300,400
46521760158601,12:55:21.760,69.8300,100
46521867616495,12:55:21.867,69.8300,300
46535007759260,12:55:35.007,69.8100,100
46535019933447,12:55:35.019,69.8100,100
46535021418199,12:55:35.021,69.8100,100
46535021597974,12:55:35.021,69.8100,1300
46563124128745,12:56:03.124,69.8100,100
46563149359823,12:56:03.149,69.8100,238
46619078647943,12:56:59.078,69.8200,100
46619078663462,12:56:59.078,69.8200,100
47119869385450,13:05:19.869,69.8300,1200
47119869385450,13:05:19.869,69.8300,300
47261930192550,13:07:41.930,69.8200,1200
47261930192550,13:07:41.930,69.8200,17
47261930192550,13:07:41.930,69.8200,400
47261930192550,13:07:41.930,69.8200,83
47349204449073,13:09:09.204,69.8300,100
47349204449073,13:09:09.204,69.8300,400
47349204481532,13:09:09.204,69.8300,200
47461694176156,13:11:01.694,69.8400,100
47461694203481,13:11:01.694,69.8400,100
47759832087777,13:15:59.832,69.8200,1100
47759832087777,13:15:59.832,69.8200,400
47759832087777,13:15:59.832,69.8200,400
47759832666173,13:15:59.832,69.8200,400
47759832666173,13:15:59.832,69.8200,1300
47759832780109,13:15:59.832,69.8200,329
47759834038120,13:15:59.834,69.8200,71
47759837453845,13:15:59.837,69.8200,82
47847506865501,13:17:27.506,69.8200,506
47847506972632,13:17:27.506,69.8200,194
47850865867785,13:17:30.865,69.8200,134
48011289363393,13:20:11.289,69.8000,400
48060860028970,13:21:00.860,69.7800,100
48060948468780,13:21:00.948,69.7800,300
48107618619521,13:21:47.618,69.7900,400
48107618619521,13:21:47.618,69.7900,200
48143133876956,13:22:23.133,69.7800,100
48145857759590,13:22:25.857,69.7800,300
48238162925782,13:23:58.162,69.7700,400
48238162925782,13:23:58.162,69.7700,700
48272981287135,13:24:32.981,69.7800,15
48272981689305,13:24:32.981,69.7800,3
48272982056285,13:24:32.982,69.7800,482
48292011048124,13:24:52.011,69.7800,300
48292011350895,13:24:52.011,69.7800,100
48306987854160,13:25:06.987,69.7800,400
48572239901930,13:29:32.239,69.7900,400
48644074175263,13:30:44.074,69.7900,400
48878368129027,13:34:38.368,69.8000,72
49292079739528,13:41:32.079,69.7800,400
49292079739528,13:41:32.079,69.7800,400
49292079739528,13:41:32.079,69.7800,1300
49292079739528,13:41:32.079,69.7800,3600
49292080298725,13:41:32.080,69.7800,400
49292080298725,13:41:32.080,69.7800,300
49292080298725,13:41:32.080,69.7800,1300
49292080298725,13:41:32.080,69.7800,400
49295350688629,13:41:35.350,69.7800,400
49295350688629,13:41:35.350,69.7800,7000
49295352348682,13:41:35.352,69.7800,100
49295385838999,13:41:35.385,69.7800,1300
49295406549333,13:41:35.406,69.7800,100
49296007128692,13:41:36.007,69.7800,200
49296007128692,13:41:36.007,69.7800,100
49296008122505,13:41:36.008,69.7800,100
49296010428848,13:41:36.010,69.7800,100
49298145102680,13:41:38.145,69.7800,600
49298145102680,13:41:38.145,69.7800,400
49321999404504,13:42:01.999,69.7750,1900
49402173854956,13:43:22.173,69.7650,700
49402174570515,13:43:22.174,69.7650,200
49402174570515,13:43:22.174,69.7700,800
49402174570515,13:43:22.174,69.7700,1100
49402176522148,13:43:22.176,69.7700,6200
49402176522148,13:43:22.176,69.7700,200
49402176522148,13:43:22.176,69.7700,300
49402176522148,13:43:22.176,69.7700,400
49414283194988,13:43:34.283,69.7700,208
49501318273026,13:45:01.318,69.7500,1
49501318273026,13:45:01.318,69.7500,17
49529850026726,13:45:29.850,69.7300,400
49572851457749,13:46:12.851,69.7400,400
49572851517507,13:46:12.851,69.7400,400
49572851587462,13:46:12.851,69.7400,400
49572851658862,13:46:12.851,69.7400,1000
49572851658862,13:46:12.851,69.7400,200
49573061993080,13:46:13.061,69.7400,100
49755370684941,13:49:15.370,69.7150,400
49957860793938,13:52:37.860,69.7200,400
50022155580936,13:53:42.155,69.7400,200
50022156383998,13:53:42.156,69.7400,200
50022156525258,13:53:42.156,69.7400,400
50022156525258,13:53:42.156,69.7400,300
50022156525258,13:53:42.156,69.7400,700
50029953631101,13:53:49.953,69.7400,25
50029962097304,13:53:49.962,69.7400,50
50052782304488,13:54:12.782,69.7400,375
50058827718638,13:54:18.827,69.7500,101
50058827913678,13:54:18.827,69.7500,99
50091416952831,13:54:51.416,69.7500,17
50117716063781,13:55:17.716,69.7400,1500
50117716063781,13:55:17.716,69.7400,100
50154993664569,13:55:54.993,69.7300,10
50154994152583,13:55:54.994,69.7300,200
50154994564069,13:55:54.994,69.7300,90
50154996071875,13:55:54.996,69.7300,100
50220744310028,13:57:00.744,69.7400,836
50220744555507,13:57:00.744,69.7400,1400
50220744555507,13:57:00.744,69.7400,1000
50233597707768,13:57:13.597,69.7500,300
50236659234855,13:57:16.659,69.7500,400
50243468181278,13:57:23.468,69.7600,280
50253188771277,13:57:33.188,69.7500,1900
50253189512464,13:57:33.189,69.7500,100
50253190049370,13:57:33.190,69.7500,200
50253190049370,13:57:33.190,69.7500,500
50253190049370,13:57:33.190,69.7500,200
50289201492705,13:58:09.201,69.7500,168
50289203248059,13:58:09.203,69.7500,100
50289206816103,13:58:09.206,69.7500,549
50298338530367,13:58:18.338,69.7500,900
50402687052186,14:00:02.687,69.7300,400
50402689664138,14:00:02.689,69.7200,3600
50402702416133,14:00:02.702,69.7200,800
50402705443288,14:00:02.705,69.7500,500
50402705443288,14:00:02.705,69.7500,200
50402705443288,14:00:02.705,69.7500,36
50402705779140,14:00:02.705,69.7500,300
50402705846178,14:00:02.705,69.7500,164
50402705846178,14:00:02.705,69.7500,36
50402706078666,14:00:02.706,69.7500,200
50402706174281,14:00:02.706,69.7500,64
50402706229834,14:00:02.706,69.7500,200
50402706477654,14:00:02.706,69.7500,200
50402706667394,14:00:02.706,69.7400,500
50402708218176,14:00:02.708,69.7600,300
50402709858231,14:00:02.709,69.7700,400
50402711050173,14:00:02.711,69.7500,500
50402713481066,14:00:02.713,69.7400,100
50402713544856,14:00:02.713,69.7400,200
50402713544856,14:00:02.713,69.7400,100
50402783246150,14:00:02.783,69.7400,500
50402814264290,14:00:02.814,69.7400,100
50405723322168,14:00:05.723,69.8000,533
50405725834939,14:00:05.725,69.8000,100
50405726119712,14:00:05.726,69.8000,100
50405726410050,14:00:05.726,69.8000,100
50405726484935,14:00:05.726,69.8000,100
50405726544641,14:00:05.726,69.8000,100
50405727765877,14:00:05.727,69.8000,100
50405735558880,14:00:05.735,69.8000,100
50406725554864,14:00:06.725,69.8000,100
50406725629249,14:00:06.725,69.8000,1292
50406725699881,14:00:06.725,69.8000,100
50406725857192,14:00:06.725,69.8000,100
50406725923144,14:00:06.725,69.8000,2100
50406725923904,14:00:06.725,69.8000,1210
50406726186748,14:00:06.726,69.8000,100
50406726607676,14:00:06.726,69.8000,1000
50406726685132,14:00:06.726,69.8000,400
50406726900514,14:00:06.726,69.8000,293
50407700520487,14:00:07.700,69.8300,162
50407700534667,14:00:07.700,69.8300,600
50408990327411,14:00:08.990,69.8600,499
50408990426890,14:00:08.990,69.8600,10
50408990429060,14:00:08.990,69.8600,391
50408994431926,14:00:08.994,69.8900,900
50413748224924,14:00:13.748,69.9900,100
50413748224924,14:00:13.748,69.9900,100
50413748224924,14:00:13.748,69.9900,100
50413748224924,14:00:13.748,69.9900,100
50413752171466,14:00:13.752,70.0000,13
50413752171466,14:00:13.752,70.0000,10
50413761068543,14:00:13.761,70.0000,100
50423245493290,14:00:23.245,69.9900,100
50423245503438,14:00:23.245,69.9900,100
50423324959362,14:00:23.324,69.9800,1400
50423324959850,14:00:23.324,69.9800,700
50446507778740,14:00:46.507,69.9300,800
50446522378576,14:00:46.522,69.9300,100
50446522378576,14:00:46.522,69.9300,100
50446524389030,14:00:46.524,69.9300,100
50446632199345,14:00:46.632,69.9200,251
50451047510400,14:00:51.047,69.9700,1000
50466717236076,14:01:06.717,69.9900,100
50466740225627,14:01:06.740,69.9900,100
50466740225627,14:01:06.740,69.9900,100
50466740225627,14:01:06.740,69.9900,100
50466740225627,14:01:06.740,69.9900,100
50466740225627,14:01:06.740,69.9900,100
50466740225627,14:01:06.740,69.9900,100
50466740225627,14:01:06.740,69.9900,100
50466740225627,14:01:06.740,69.9900,100
50466740225627,14:01:06.740,69.9900,100
50466740225627,14:01:06.740,69.9900,1400
50466759490441,14:01:06.759,69.9900,13
50466759532067,14:01:06.759,69.9900,87
50466759532067,14:01:06.759,69.9900,100
50466759532067,14:01:06.759,69.9900,100
50466759532067,14:01:06.759,69.9900,100
50466759669873,14:01:06.759,69.9900,1000
50466775239091,14:01:06.775,69.9900,100
50466943553302,14:01:06.943,69.9900,100
50466967264930,14:01:06.967,69.9800,100
50467073585361,14:01:07.073,69.9800,500
50467326082395,14:01:07.326,69.9700,13
50467489855295,14:01:07.489,69.9700,200
50467489927008,14:01:07.489,69.9700,100
50467500667397,14:01:07.500,69.9700,2000
50467500667397,14:01:07.500,69.9700,200
50471390784180,14:01:11.390,69.9400,1157
50471390804250,14:01:11.390,69.9400,43
50471957220015,14:01:11.957,69.9900,100
50471957220015,14:01:11.957,69.9900,1200
50537828264681,14:02:17.828,69.9200,94
50537828459408,14:02:17.828,69.9200,215
50537885365916,14:02:17.885,69.9200,100
50537885365916,14:02:17.885,69.9200,20
50537885451242,14:02:17.885,69.9200,80
50643400331444,14:04:03.400,70.1000,2
50643400331444,14:04:03.400,70.1000,888
50652626090470,14:04:12.626,70.1200,100
51091363808205,14:11:31.363,70.2100,400
51126232474893,14:12:06.232,70.2000,100
51126232476053,14:12:06.232,70.2000,100
51126232758410,14:12:06.232,70.1900,100
51126232758410,14:12:06.232,70.1900,400
51126232758410,14:12:06.232,70.1900,400
51126232758410,14:12:06.232,70.1900,1300
51126232864566,14:12:06.232,70.1900,100
51126232864566,14:12:06.232,70.1900,100
51126232864566,14:12:06.232,70.1900,100
51126233684243,14:12:06.233,70.1900,1600
51126233933226,14:12:06.233,70.1900,400
51126233933226,14:12:06.233,70.1900,300
51126233933226,14:12:06.233,70.1900,400
51126233933226,14:12:06.233,70.1900,400
51126233933226,14:12:06.233,70.1900,100
51126233933226,14:12:06.233,70.1900,400
51131754073704,14:12:11.754,70.1900,400
51131754073704,14:12:11.754,70.1900,400
51131822318126,14:12:11.822,70.1900,500
51131822318126,14:12:11.822,70.1900,1200
51131822318126,14:12:11.822,70.1900,300
51131822318126,14:12:11.822,70.1900,400
51131949900280,14:12:11.949,70.1900,317
51132419838334,14:12:12.419,70.2000,100
51132420512400,14:12:12.420,70.2000,300
51137390903346,14:12:17.390,70.2000,100
51182742806646,14:13:02.742,70.2200,10
51182742852667,14:13:02.742,70.2200,101
51182742905181,14:13:02.742,70.2200,189
51226373283047,14:13:46.373,70.2100,200
51270707990042,14:14:30.707,70.2500,200
51270708029887,14:14:30.708,70.2500,300
51270708065648,14:14:30.708,70.2500,100
51270708072079,14:14:30.708,70.2500,100
51270708083825,14:14:30.708,70.2500,300
51270708133998,14:14:30.708,70.2500,100
51270708146144,14:14:30.708,70.2500,300
51300161399640,14:15:00.161,70.2700,17
51300173562730,14:15:00.173,70.2500,264
51300174235642,14:15:00.174,70.2500,490
51300175036488,14:15:00.175,70.2500,46
51300175036488,14:15:00.175,70.2500,156
51300203241353,14:15:00.203,70.2500,300
51300203606755,14:15:00.203,70.2500,100
51300212731428,14:15:00.212,70.2500,200
51300223613256,14:15:00.223,70.2500,400
51300229318288,14:15:00.229,70.2500,200
51300230561529,14:15:00.230,70.2500,200
51300233157920,14:15:00.233,70.2500,100
51300236466364,14:15:00.236,70.2500,100
51300244498789,14:15:00.244,70.2500,400
51300244502427,14:15:00.244,70.2500,400
51300244587035,14:15:00.244,70.2500,400
51300244820015,14:15:00.244,70.2500,400
51300244973576,14:15:00.244,70.2500,400
51300246040174,14:15:00.246,70.2500,200
51300267696832,14:15:00.267,70.2500,100
51300278581004,14:15:00.278,70.2500,2300
51300280672185,14:15:00.280,70.2500,400
51300333359710,14:15:00.333,70.2400,100
51300333410774,14:15:00.333,70.2400,3
51302505277227,14:15:02.505,70.2300,600
51304583511509,14:15:04.583,70.2400,200
51305542821869,14:15:05.542,70.2500,500
51306577090141,14:15:06.577,70.2600,600
51308591057060,14:15:08.591,70.2500,700
51308591057060,14:15:08.591,70.2500,525
51308591409971,14:15:08.591,70.2500,375
51308591409971,14:15:08.591,70.2500,400
51308592263246,14:15:08.592,70.2500,200
51308597887870,14:15:08.597,70.2500,100
51308597887870,14:15:08.597,70.2600,317
51308599278218,14:15:08.599,70.2600,10
51308640753906,14:15:08.640,70.2600,400
51310150727464,14:15:10.150,70.2700,400
51310150727464,14:15:10.150,70.2700,300
51310970179716,14:15:10.970,70.2700,200
51316148243422,14:15:16.148,70.2500,200
51316278342549,14:15:16.278,70.2500,100
51316278606560,14:15:16.278,70.2500,100
51316278606560,14:15:16.278,70.2500,10
51316278628136,14:15:16.278,70.2500,90
51316278628136,14:15:16.278,70.2500,110
51316278653897,14:15:16.278,70.2500,200
51321250243983,14:15:21.250,70.2500,300
51321250243983,14:15:21.250,70.2500,300
51323300334884,14:15:23.300,70.2500,100
51323300371687,14:15:23.300,70.2500,400
51325945065641,14:15:25.945,70.2500,100
51325945102746,14:15:25.945,70.2500,100
51333108861490,14:15:33.108,70.2300,114
51333109566023,14:15:33.109,70.2300,114
51333109646008,14:15:33.109,70.2300,114
51333109881022,14:15:33.109,70.2300,58
51342526998629,14:15:42.526,70.2200,400
51346930669784,14:15:46.930,70.2300,100
51400189213593,14:16:40.189,70.2700,100
51400210207432,14:16:40.210,70.2800,100
51427459922973,14:17:07.459,70.2800,100
51427460242616,14:17:07.460,70.2800,200
51427460265762,14:17:07.460,70.2800,100
51429675002890,14:17:09.675,70.3000,400
51429687051384,14:17:09.687,70.3000,300
51429687350211,14:17:09.687,70.3000,900
51429687366085,14:17:09.687,70.3000,100
51429687707838,14:17:09.687,70.3000,77
51431705790253,14:17:11.705,70.3000,100
51431706859292,14:17:11.706,70.3000,100
51451926708476,14:17:31.926,70.2700,500
51452725797397,14:17:32.725,70.2700,100
51452725797397,14:17:32.725,70.2700,400
51474351822614,14:17:54.351,70.2600,400
51474351822614,14:17:54.351,70.2600,100
51474353070188,14:17:54.353,70.2600,100
51474915168041,14:17:54.915,70.2600,100
51476850313402,14:17:56.850,70.2700,184
51481621779623,14:18:01.621,70.2800,300
51507691640798,14:18:27.691,70.2800,100
51583913411876,14:19:43.913,70.3200,100
51583914202618,14:19:43.914,70.3200,200
51627680618888,14:20:27.680,70.3100,107
51635660817238,14:20:35.660,70.2900,400
51635664025478,14:20:35.664,70.2800,1000
51635664025478,14:20:35.664,70.2800,400
51638091257013,14:20:38.091,70.2800,100
51653984803926,14:20:53.984,70.3100,200
51653985816110,14:20:53.985,70.3100,100
51653986716476,14:20:53.986,70.3100,100
51654267146325,14:20:54.267,70.3300,100
51661239717592,14:21:01.239,70.3500,200
51661239717592,14:21:01.239,70.3500,600
51664850313053,14:21:04.850,70.3500,100
51670505258619,14:21:10.505,70.3400,400
51674370928097,14:21:14.370,70.3500,100
51674370928097,14:21:14.370,70.3500,200
51676901709083,14:21:16.901,70.3700,95
51699063511340,14:21:39.063,70.3800,200
51699063511340,14:21:39.063,70.3800,300
51701896082426,14:21:41.896,70.3800,300
51701896648488,14:21:41.896,70.3800,100
51750380627391,14:22:30.380,70.4000,17
51754603276392,14:22:34.603,70.3900,400
51759080496555,14:22:39.080,70.4000,154
51759089282149,14:22:39.089,70.4000,44
51759090170687,14:22:39.090,70.4000,44
51759090634774,14:22:39.090,70.4000,44
51759090943747,14:22:39.090,70.4000,44
51759119939318,14:22:39.119,70.4100,200
51759119987233,14:22:39.119,70.4100,100
51803799161151,14:23:23.799,70.4100,400
51803805493957,14:23:23.805,70.4200,200
51806968245639,14:23:26.968,70.4200,400
51806971723568,14:23:26.971,70.4100,600
51806971723568,14:23:26.971,70.4100,900
51806971723568,14:23:26.971,70.4100,300
51806972391490,14:23:26.972,70.4100,100
51806972391490,14:23:26.972,70.4100,400
51806972391490,14:23:26.972,70.4100,200
51806987112536,14:23:26.987,70.4100,100
51806987113311,14:23:26.987,70.4100,100
51806987116604,14:23:26.987,70.4100,200
51806998300255,14:23:26.998,70.4100,400
51806998300255,14:23:26.998,70.4100,200
51806998300255,14:23:26.998,70.4100,100
51806998300255,14:23:26.998,70.4100,200
51806998300255,14:23:26.998,70.4100,100
51806998300255,14:23:26.998,70.4100,100
51806998300255,14:23:26.998,70.4100,200
51807092554496,14:23:27.092,70.4100,200
51807092554496,14:23:27.092,70.4100,400
52110920126973,14:28:30.920,70.3000,17
52121637742284,14:28:41.637,70.2900,900
52121637742284,14:28:41.637,70.2900,400
52121637742284,14:28:41.637,70.2900,100
52121638219630,14:28:41.638,70.2900,100
52121649118373,14:28:41.649,70.2900,100
52121649118373,14:28:41.649,70.2900,400
52121649118373,14:28:41.649,70.2900,100
52121685895918,14:28:41.685,70.2900,200
52121685895918,14:28:41.685,70.2900,400
52121685895918,14:28:41.685,70.2900,200
52121685895918,14:28:41.685,70.2900,200
52121685895918,14:28:41.685,70.2900,400
52121685895918,14:28:41.685,70.2900,100
52121685895918,14:28:41.685,70.2900,300
52121685895918,14:28:41.685,70.2900,2400
52121690515361,14:28:41.690,70.2900,33
52129456572010,14:28:49.456,70.2900,200
52146409204032,14:29:06.409,70.3100,400
52154365072994,14:29:14.365,70.2800,200
52154365072994,14:29:14.365,70.2800,300
52154365072994,14:29:14.365,70.2800,300
52154365072994,14:29:14.365,70.2800,300
52154365072994,14:29:14.365,70.2800,500
52154365072994,14:29:14.365,70.2800,800
52154365072994,14:29:14.365,70.2800,200
52204774638758,14:30:04.774,70.2700,400
52265407439668,14:31:05.407,70.3000,100
52277522765827,14:31:17.522,70.3300,400
52277522765827,14:31:17.522,70.3300,100
52277522765827,14:31:17.522,70.3300,400
52304840972547,14:31:44.840,70.3000,200
52344829476110,14:32:24.829,70.3100,200
52349440204773,14:32:29.440,70.3200,100
52349440230674,14:32:29.440,70.3200,200
52359204149294,14:32:39.204,70.3000,4
52427300109758,14:33:47.300,70.3100,400
52427300109758,14:33:47.300,70.3100,300
52427300109758,14:33:47.300,70.3100,200
52428295224653,14:33:48.295,70.3100,200
52462154230745,14:34:22.154,70.3500,87
52463416930432,14:34:23.416,70.3500,113
52520262369424,14:35:20.262,70.3700,300
52579314917255,14:36:19.314,70.3200,400
52579314917255,14:36:19.314,70.3200,327
52579342146300,14:36:19.342,70.3100,200
52579342146300,14:36:19.342,70.3100,400
52579342146300,14:36:19.342,70.3100,400
52579342146300,14:36:19.342,70.3100,100
52579342768167,14:36:19.342,70.3100,100
52579342782191,14:36:19.342,70.3100,100
52579344563157,14:36:19.344,70.3100,270
52579359981498,14:36:19.359,70.3100,100
52579390738081,14:36:19.390,70.3100,130
52579390773206,14:36:19.390,70.3100,140
52579390825750,14:36:19.390,70.3100,130
52579560002528,14:36:19.560,70.3100,100
52587288570693,14:36:27.288,70.3000,100
52610377807014,14:36:50.377,70.3200,300
52611011907028,14:36:51.011,70.3200,100
52625561821146,14:37:05.561,70.3100,272
52639244047451,14:37:19.244,70.3300,228
52652025229634,14:37:32.025,70.3500,200
52657974302722,14:37:37.974,70.3600,200
52678188069606,14:37:58.188,70.3800,444
52678188096384,14:37:58.188,70.3800,1
52678188282695,14:37:58.188,70.3800,272
52678188668765,14:37:58.188,70.3800,368
52720015221880,14:38:40.015,70.3800,400
52720015221880,14:38:40.015,70.3800,300
52728225151118,14:38:48.225,70.4200,100
52765453176992,14:39:25.453,70.3700,200
52777458148671,14:39:37.458,70.3600,100
52843253057479,14:40:43.253,70.3800,200
52869263620508,14:41:09.263,70.3800,100
52869263648355,14:41:09.263,70.3800,100
52938866074313,14:42:18.866,70.4000,400
52974716303029,14:42:54.716,70.4000,300
52974716325083,14:42:54.716,70.4000,100
52995044796710,14:43:15.044,70.3500,1
52995269192960,14:43:15.269,70.3400,100
52995269222319,14:43:15.269,70.3400,100
52995649572970,14:43:15.649,70.3400,100
53011782222459,14:43:31.782,70.3500,300
53160500463751,14:46:00.500,70.4100,100
53160500485321,14:46:00.500,70.4100,100
53189255815112,14:46:29.255,70.4400,100
53189257007875,14:46:29.257,70.4400,200
53206719846507,14:46:46.719,70.4400,200
53216227751714,14:46:56.227,70.4600,50
53237991796593,14:47:17.991,70.4800,100
53237991796593,14:47:17.991,70.4800,200
53244455010732,14:47:24.455,70.4700,100
53262165413128,14:47:42.165,70.4500,14
53304635949084,14:48:24.635,70.4500,100
53308211749158,14:48:28.211,70.4500,100
53352583443290,14:49:12.583,70.4600,100
53446759679064,14:50:46.759,70.4100,1200
53446759679064,14:50:46.759,70.4100,400
53446759679064,14:50:46.759,70.4100,200
53447392682131,14:50:47.392,70.4100,400
53447392682131,14:50:47.392,70.4100,400
53447393342040,14:50:47.393,70.4100,200
53447393378329,14:50:47.393,70.4100,10
53447393672082,14:50:47.393,70.4100,10
53470333687914,14:51:10.333,70.3800,100
53505015827969,14:51:45.015,70.3800,100
53505015828743,14:51:45.015,70.3800,100
53505667604559,14:51:45.667,70.3800,200
53511097500918,14:51:51.097,70.3900,400
53541999619749,14:52:21.999,70.4500,100
53560376050202,14:52:40.376,70.4700,190
53560376132600,14:52:40.376,70.4700,190
53561071172451,14:52:41.071,70.4700,400
53574542401959,14:52:54.542,70.4900,1
53716131839199,14:55:16.131,70.5300,100
53727408457004,14:55:27.408,70.5300,300
53761037592449,14:56:01.037,70.5200,152
53761037632788,14:56:01.037,70.5200,230
53761038273117,14:56:01.038,70.5200,18
53778309351687,14:56:18.309,70.5100,23
53789796437107,14:56:29.796,70.5300,100
53789796437107,14:56:29.796,70.5300,100
53797835123099,14:56:37.835,70.5400,100
53803136999765,14:56:43.136,70.5600,400
53804578532671,14:56:44.578,70.5500,99
53804578669572,14:56:44.578,70.5500,201
53804578669572,14:56:44.578,70.5500,97
53804578982575,14:56:44.578,70.5500,3
53804581356390,14:56:44.581,70.5600,400
53804585421879,14:56:44.585,70.5700,800
53804632461859,14:56:44.632,70.5700,100
53804632500346,14:56:44.632,70.5700,200
53804633075564,14:56:44.633,70.5700,100
53804695923865,14:56:44.695,70.5700,400
53804695923865,14:56:44.695,70.5700,41
53827788270317,14:57:07.788,70.5400,400
53861702594410,14:57:41.702,70.5400,200
53871556118245,14:57:51.556,70.5500,100
53924175611121,14:58:44.175,70.5600,200
53924211068703,14:58:44.211,70.5600,100
53948610698611,14:59:08.610,70.5700,400
54001115123889,15:00:01.115,70.5700,400
54115438404409,15:01:55.438,70.5500,400
54115438404409,15:01:55.438,70.5500,30
54120774341056,15:02:00.774,70.5400,400
54123159390471,15:02:03.159,70.5300,500
54123159390471,15:02:03.159,70.5300,400
54123305742323,15:02:03.305,70.5300,200
54123305889394,15:02:03.305,70.5300,100
54123306131379,15:02:03.306,70.5300,500
54123306271361,15:02:03.306,70.5300,100
54199601506901,15:03:19.601,70.5200,393
54200796986186,15:03:20.796,70.5100,400
54244122942933,15:04:04.122,70.5000,100
54268565928809,15:04:28.565,70.4700,400
54290269012110,15:04:50.269,70.4700,100
54306454825723,15:05:06.454,70.4700,100
54306461450215,15:05:06.461,70.4600,400
54306461488221,15:05:06.461,70.4600,572
54326321377852,15:05:26.321,70.4600,100
54333288071885,15:05:33.288,70.4400,400
54333288071885,15:05:33.288,70.4400,1300
54333288071885,15:05:33.288,70.4400,200
54333290770716,15:05:33.290,70.4400,500
54437859319895,15:07:17.859,70.4200,400
54533786552500,15:08:53.786,70.4300,400
54533786552500,15:08:53.786,70.4300,500
54533786552500,15:08:53.786,70.4300,400
54533786552500,15:08:53.786,70.4300,1200
54533786552500,15:08:53.786,70.4300,200
54533787011399,15:08:53.787,70.4300,100
54533787011399,15:08:53.787,70.4300,400
54540007808683,15:09:00.007,70.4400,400
54546179099282,15:09:06.179,70.4200,200
54546179099282,15:09:06.179,70.4200,100
54546179099282,15:09:06.179,70.4200,400
54546179099282,15:09:06.179,70.4200,500
54546179099282,15:09:06.179,70.4200,200
54546185335245,15:09:06.185,70.4200,400
54546185335245,15:09:06.185,70.4200,400
54546214194912,15:09:06.214,70.4300,500
54546214194912,15:09:06.214,70.4300,200
54546214194912,15:09:06.214,70.4300,400
54546214194912,15:09:06.214,70.4300,400
54546223108491,15:09:06.223,70.4300,400
54546223108491,15:09:06.223,70.4300,400
54546223108491,15:09:06.223,70.4300,500
54546255775216,15:09:06.255,70.4300,400
54546255775216,15:09:06.255,70.4300,500
54546255775216,15:09:06.255,70.4300,1400
54546255775216,15:09:06.255,70.4300,500
54546263343796,15:09:06.263,70.4300,400
54546263343796,15:09:06.263,70.4300,500
54546263343796,15:09:06.263,70.4300,700
54546263343796,15:09:06.263,70.4300,400
54546272587817,15:09:06.272,70.4300,400
54546272587817,15:09:06.272,70.4300,500
54546277307983,15:09:06.277,70.4300,400
54546277307983,15:09:06.277,70.4300,500
54546278048035,15:09:06.278,70.4300,1400
54546281872621,15:09:06.281,70.4300,400
54546281872621,15:09:06.281,70.4400,2200
54546281872621,15:09:06.281,70.4400,200
54546281872621,15:09:06.281,70.4400,400
54546281872621,15:09:06.281,70.4400,500
54546281872621,15:09:06.281,70.4400,200
54546281872621,15:09:06.281,70.4400,2100
54546287867554,15:09:06.287,70.4300,700
54546287867554,15:09:06.287,70.4300,100
54546287867554,15:09:06.287,70.4300,400
54546295082917,15:09:06.295,70.4300,900
54546295082917,15:09:06.295,70.4300,2500
54546295082917,15:09:06.295,70.4300,900
54546295082917,15:09:06.295,70.4300,700
54552688655930,15:09:12.688,70.4100,200
54552688704591,15:09:12.688,70.4100,100
54552689667319,15:09:12.689,70.4100,100
54560174480702,15:09:20.174,70.4200,100
54624677598251,15:10:24.677,70.3900,100
54643084039075,15:10:43.084,70.3600,100
54643084114352,15:10:43.084,70.3600,100
54643084138567,15:10:43.084,70.3600,100
54643467356878,15:10:43.467,70.3600,1000
54688773221215,15:11:28.773,70.3300,400
54688773226697,15:11:28.773,70.3300,402
54688773264993,15:11:28.773,70.3300,400
54688773291945,15:11:28.773,70.3300,200
54688773306352,15:11:28.773,70.3300,387
54688773315188,15:11:28.773,70.3300,100
54688773323502,15:11:28.773,70.3300,400
54688773383181,15:11:28.773,70.3300,400
54688773456409,15:11:28.773,70.3300,591
54688773797691,15:11:28.773,70.3300,300
54714943824826,15:11:54.943,70.3400,200
54714944262673,15:11:54.944,70.3400,400
54714944543100,15:11:54.944,70.3400,10
54714944838863,15:11:54.944,70.3400,110
54775096603403,15:12:55.096,70.3600,500
54953892953809,15:15:53.892,70.4100,100
54953894656596,15:15:53.894,70.4100,100
54955019171961,15:15:55.019,70.4100,100
55058983385041,15:17:38.983,70.3700,400
55164907953310,15:19:24.907,70.3700,400
55253752191278,15:20:53.752,70.4200,100
55292502421716,15:21:32.502,70.4000,17
55382249090090,15:23:02.249,70.3800,300
55382249821234,15:23:02.249,70.3800,100
55382256523472,15:23:02.256,70.3700,93
55382257031826,15:23:02.257,70.3700,307
55503888835621,15:25:03.888,70.3600,200
55673117224928,15:27:53.117,70.3700,400
55673117278384,15:27:53.117,70.3700,10
55673119181599,15:27:53.119,70.3700,196
55673119449594,15:27:53.119,70.3700,300
55673120582112,15:27:53.120,70.3700,300
55673120747462,15:27:53.120,70.3700,296
55673120916254,15:27:53.120,70.3700,297
55676962259055,15:27:56.962,70.3900,400
55676962259055,15:27:56.962,70.3900,600
55676962259055,15:27:56.962,70.3900,100
55698502992531,15:28:18.502,70.4000,100
55698503014017,15:28:18.503,70.4000,200
55698503053296,15:28:18.503,70.4000,100
55698503079698,15:28:18.503,70.4000,100
55698503081060,15:28:18.503,70.4000,300
55698503093638,15:28:18.503,70.4000,100
55698503119744,15:28:18.503,70.4000,100
55747526214069,15:29:07.526,70.3900,17
55747526214069,15:29:07.526,70.3900,134
55755354117567,15:29:15.354,70.3800,3
55764272595201,15:29:24.272,70.3600,1100
55764272595201,15:29:24.272,70.3600,400
55764272595201,15:29:24.272,70.3600,400
55764272595201,15:29:24.272,70.3600,500
55764363803623,15:29:24.363,70.3600,300
55764363901256,15:29:24.363,70.3600,100
55774644589552,15:29:34.644,70.3600,400
55774644589552,15:29:34.644,70.3600,400
55774645364726,15:29:34.645,70.3600,400
55774645364726,15:29:34.645,70.3600,200
55774645385492,15:29:34.645,70.3600,200
55774645390973,15:29:34.645,70.3600,200
55782493803030,15:29:42.493,70.3600,200
55782493803030,15:29:42.493,70.3600,200
55782493803030,15:29:42.493,70.3600,400
55782493803030,15:29:42.493,70.3600,800
55782493803030,15:29:42.493,70.3600,600
55782493803030,15:29:42.493,70.3600,400
55783530971299,15:29:43.530,70.3600,400
55783530971299,15:29:43.530,70.3600,400
55783531551907,15:29:43.531,70.3600,200
55792475922683,15:29:52.475,70.3500,400
55802642606393,15:30:02.642,70.3300,400
55804954977587,15:30:04.954,70.3200,800
55828540212563,15:30:28.540,70.3100,200
55831289130765,15:30:31.289,70.3100,600
55831289130765,15:30:31.289,70.3100,300
55831289130765,15:30:31.289,70.3100,400
55831289130765,15:30:31.289,70.3100,400
55831289130765,15:30:31.289,70.3100,900
55831289130765,15:30:31.289,70.3100,600
55831289634368,15:30:31.289,70.3100,300
55831304353225,15:30:31.304,70.3100,100
55832077537335,15:30:32.077,70.3100,600
55832077809690,15:30:32.077,70.3100,600
55832077856840,15:30:32.077,70.3100,300
55832077856840,15:30:32.077,70.3100,100
55832077856840,15:30:32.077,70.3100,200
55832077856840,15:30:32.077,70.3100,400
55832077856840,15:30:32.077,70.3100,200
55832077856840,15:30:32.077,70.3100,400
55832077856840,15:30:32.077,70.3100,210
55832077856840,15:30:32.077,70.3100,200
55832927058379,15:30:32.927,70.3200,200
55847766607542,15:30:47.766,70.3200,200
55847823708625,15:30:47.823,70.3200,200
55847823708625,15:30:47.823,70.3200,100
55850389179722,15:30:50.389,70.3100,1100
55850389179722,15:30:50.389,70.3100,400
55850976062705,15:30:50.976,70.3100,100
55850976636887,15:30:50.976,70.3100,200
55850977450194,15:30:50.977,70.3100,700
55850977450194,15:30:50.977,70.3100,600
55867435531629,15:31:07.435,70.3200,100
55919095891898,15:31:59.095,70.3600,100
55919095960141,15:31:59.095,70.3600,100
55919096008390,15:31:59.096,70.3600,100
56019518836780,15:33:39.518,70.3300,100
56040043343980,15:34:00.043,70.3100,100
56040218581878,15:34:00.218,70.3100,100
56092219852017,15:34:52.219,70.2800,100
56099915586999,15:34:59.915,70.2800,400
56136549804782,15:35:36.549,70.3400,2500
56136549804782,15:35:36.549,70.3400,700
56136549804782,15:35:36.549,70.3400,700
56136549804782,15:35:36.549,70.3400,684
56142087484010,15:35:42.087,70.3300,400
56173182206686,15:36:13.182,70.3100,200
56173182362226,15:36:13.182,70.3100,200
56173182455502,15:36:13.182,70.3100,200
56196005494111,15:36:36.005,70.3000,400
56327717568838,15:38:47.717,70.3300,300
56342843804335,15:39:02.843,70.3300,100
56362025901454,15:39:22.025,70.3200,6
56362025901454,15:39:22.025,70.3200,94
56377820272249,15:39:37.820,70.3200,200
56377820272249,15:39:37.820,70.3200,200
56391335045551,15:39:51.335,70.3100,300
56391783407011,15:39:51.783,70.3100,200
56391783954016,15:39:51.783,70.3100,100
56391784030564,15:39:51.784,70.3100,100
56403513070260,15:40:03.513,70.3100,4
56411971975586,15:40:11.971,70.3100,1700
56439120674609,15:40:39.120,70.3000,100
56439120953398,15:40:39.120,70.3000,100
56443059885981,15:40:43.059,70.3200,300
56443060513752,15:40:43.060,70.3200,199
56443061281132,15:40:43.061,70.3200,1
56443061281132,15:40:43.061,70.3200,200
56443061281132,15:40:43.061,70.3200,400
56474932419816,15:41:14.932,70.3000,100
56474932479444,15:41:14.932,70.3000,200
56474932479444,15:41:14.932,70.3000,200
56474932479444,15:41:14.932,70.3000,200
56480464884692,15:41:20.464,70.2900,1400
56480465847509,15:41:20.465,70.2900,100
56480466720776,15:41:20.466,70.2900,299
56480466794641,15:41:20.466,70.2900,500
56480466976236,15:41:20.466,70.2900,1
56480466976236,15:41:20.466,70.2900,198
56480467172502,15:41:20.467,70.2900,300
56480467250789,15:41:20.467,70.2900,100
56480471247132,15:41:20.471,70.2900,199
56480471522875,15:41:20.471,70.2900,3
56480471522875,15:41:20.471,70.2900,97
56480472093902,15:41:20.472,70.2900,203
56480472093902,15:41:20.472,70.2900,196
56480472450374,15:41:20.472,70.2900,101
56480475088811,15:41:20.475,70.2900,91
56480475192386,15:41:20.475,70.2900,12
56487000138823,15:41:27.000,70.2700,300
56498828805253,15:41:38.828,70.2600,188
56498830475072,15:41:38.830,70.2600,200
56498831324141,15:41:38.831,70.2600,208
56498831405284,15:41:38.831,70.2600,200
56498832583446,15:41:38.832,70.2600,3
56561502452551,15:42:41.502,70.2900,100
56561503301615,15:42:41.503,70.2900,300
56564736970124,15:42:44.736,70.2900,3
56566041565333,15:42:46.041,70.2900,100
56566041996581,15:42:46.041,70.2900,300
56580103115644,15:43:00.103,70.3000,200
56581858347696,15:43:01.858,70.3100,200
56582693053311,15:43:02.693,70.3100,100
56596120037448,15:43:16.120,70.3000,100
56604985262496,15:43:24.985,70.2900,300
56604985262496,15:43:24.985,70.2900,400
56604985262496,15:43:24.985,70.2900,400
56604985262496,15:43:24.985,70.2900,3800
56604985262496,15:43:24.985,70.2900,700
56604985262496,15:43:24.985,70.2900,700
56606494905326,15:43:26.494,70.3000,799
56606494913854,15:43:26.494,70.3000,301
56625152262285,15:43:45.152,70.3100,400
56649973613115,15:44:09.973,70.3100,301
56649973626204,15:44:09.973,70.3100,199
56649973626204,15:44:09.973,70.3100,4
56652223795680,15:44:12.223,70.3000,100
56652570609951,15:44:12.570,70.3000,400
56696476609754,15:44:56.476,70.3000,300
56736153919621,15:45:36.153,70.3400,300
56737231941695,15:45:37.231,70.3500,700
56737231941695,15:45:37.231,70.3500,400
56737231941695,15:45:37.231,70.3500,700
56737231941695,15:45:37.231,70.3500,400
56737231941695,15:45:37.231,70.3500,200
56737249622329,15:45:37.249,70.3500,100
56760913663792,15:46:00.913,70.3500,600
56772880397595,15:46:12.880,70.3400,300
56772880481585,15:46:12.880,70.3400,300
56797164433448,15:46:37.164,70.3400,3
56887250302900,15:48:07.250,70.3500,100
56910376664291,15:48:30.376,70.3300,3
56910376664291,15:48:30.376,70.3300,400
56939120201334,15:48:59.120,70.3300,100
57000005306257,15:50:00.005,70.3400,3
57005385357481,15:50:05.385,70.3300,2
57019444380836,15:50:19.444,70.3200,400
57087118820858,15:51:27.118,70.3100,2
57133574278674,15:52:13.574,70.3000,2
57167768758463,15:52:47.768,70.2600,2
57207527639086,15:53:27.527,70.2600,1000
57215241522601,15:53:35.241,70.2600,7
57239173220885,15:53:59.173,70.2600,1
57272110502917,15:54:32.110,70.2800,1
57293143487818,15:54:53.143,70.2400,400
57293143524936,15:54:53.143,70.2400,400
57293143563521,15:54:53.143,70.2400,400
57293143569500,15:54:53.143,70.2400,200
57293143582966,15:54:53.143,70.2400,100
57293143605700,15:54:53.143,70.2400,100
57293143652324,15:54:53.143,70.2400,100
57293143652324,15:54:53.143,70.2400,200
57293144029112,15:54:53.144,70.2400,100
57300035372028,15:55:00.035,70.2600,400
57300035775689,15:55:00.035,70.2600,600
57300039506177,15:55:00.039,70.2600,400
57300042199528,15:55:00.042,70.2600,400
57300055755851,15:55:00.055,70.2600,100
57300094005598,15:55:00.094,70.2700,400
57300094125024,15:55:00.094,70.2700,400
57300102020853,15:55:00.102,70.2700,300
57300212621952,15:55:00.212,70.2800,400
57300934510012,15:55:00.934,70.2900,678
57300936703889,15:55:00.936,70.2900,200
57300937413152,15:55:00.937,70.2900,163
57300938620071,15:55:00.938,70.3000,700
57300938819283,15:55:00.938,70.3000,200
57300938819283,15:55:00.938,70.3000,300
57306544676128,15:55:06.544,70.2900,142
57310118899158,15:55:10.118,70.3000,200
57310126667378,15:55:10.126,70.3100,100
57310127210941,15:55:10.127,70.3100,200
57310457229413,15:55:10.457,70.3100,200
57318880410810,15:55:18.880,70.3100,100
57360935828859,15:56:00.935,70.3300,400
57442992796089,15:57:22.992,70.3100,100
57467435435057,15:57:47.435,70.3000,100
57467435435057,15:57:47.435,70.3000,100
57469852664536,15:57:49.852,70.2900,100
57480078084998,15:58:00.078,70.2800,100
57480078084998,15:58:00.078,70.2800,100
57482780355543,15:58:02.780,70.2800,8
57490656690395,15:58:10.656,70.2900,100
57502723930552,15:58:22.723,70.2800,42
57502724426598,15:58:22.724,70.2800,58
57529228607916,15:58:49.228,70.3000,100
57529228607916,15:58:49.228,70.3000,114
57529232355097,15:58:49.232,70.3000,600
57529232678578,15:58:49.232,70.3000,3200
57529232678578,15:58:49.232,70.3000,100
57560218183896,15:59:20.218,70.3000,300
57560218183896,15:59:20.218,70.3000,100
57560218183896,15:59:20.218,70.3000,300
57560222042042,15:59:20.222,70.3000,24
57560366936082,15:59:20.366,70.2900,400
57560366936082,15:59:20.366,70.2900,300
57565169699652,15:59:25.169,70.2950,2
57565169699652,15:59:25.169,70.3000,1198
57565347311505,15:59:25.347,70.3000,500
57565771349638,15:59:25.771,70.3000,100
57565854867035,15:59:25.854,70.3000,200
57565944409169,15:59:25.944,70.3000,600
57568632476107,15:59:28.632,70.3000,600
57568633889901,15:59:28.633,70.3000,200
57568633889901,15:59:28.633,70.3000,700
57568633889901,15:59:28.633,70.3000,200
57568633889901,15:59:28.633,70.3000,500
57568918177068,15:59:28.918,70.3000,200
57569309636990,15:59:29.309,70.3000,200
57569310076598,15:59:29.310,70.3000,100
57569534409640,15:59:29.534,70.3000,1000
57569534409640,15:59:29.534,70.3000,200
57569835427146,15:59:29.835,70.3000,460
57570026172617,15:59:30.026,70.3000,500
57570227997343,15:59:30.227,70.3000,400
57570227997343,15:59:30.227,70.3000,100
57570261095223,15:59:30.261,70.3000,100
57570550952278,15:59:30.550,70.3000,100
57570844365336,15:59:30.844,70.3000,300
57570845254668,15:59:30.845,70.3000,300
57571106600707,15:59:31.106,70.3000,100
57571603227115,15:59:31.603,70.3000,100
57571822122468,15:59:31.822,70.3000,300
57573593618877,15:59:33.593,70.2900,200
57574512081811,15:59:34.512,70.3000,100
57575511599363,15:59:35.511,70.3000,700
57575521197459,15:59:35.521,70.3000,400
57575991350315,15:59:35.991,70.3000,100
57577101246037,15:59:37.101,70.3000,100
57577103141412,15:59:37.103,70.3000,100
57581295190704,15:59:41.295,70.3000,100
57581297528921,15:59:41.297,70.3000,100
57581301440242,15:59:41.301,70.3000,100
57582515402000,15:59:42.515,70.3000,100
57582518960815,15:59:42.518,70.3000,100
57582578298015,15:59:42.578,70.3000,100
57582579948141,15:59:42.579,70.3000,300
57582586847201,15:59:42.586,70.3000,100
57582677597824,15:59:42.677,70.3000,100
57582680136266,15:59:42.680,70.3000,200
57582681678433,15:59:42.681,70.3000,100
57582683362195,15:59:42.683,70.3000,100
57583283219206,15:59:43.283,70.3000,200
57583285670764,15:59:43.285,70.3000,100
57583285837511,15:59:43.285,70.3000,100
57583287587368,15:59:43.287,70.3000,100
57583289133391,15:59:43.289,70.3000,100
57583293509873,15:59:43.293,70.3000,100
57583389081079,15:59:43.389,70.3000,100
57584171985658,15:59:44.171,70.3000,100
57584173560214,15:59:44.173,70.3000,400
57584178208212,15:59:44.178,70.3000,100
57584272592844,15:59:44.272,70.3000,100
57584274185070,15:59:44.274,70.3000,200
57584276687912,15:59:44.276,70.3000,100
57584471007314,15:59:44.471,70.3000,100
57584472562599,15:59:44.472,70.3000,100
57584474382644,15:59:44.474,70.3000,100
57584476935067,15:59:44.476,70.3000,100
57584870303793,15:59:44.870,70.3000,100
57591261841178,15:59:51.261,70.3000,200
57593042649979,15:59:53.042,70.2900,100
57593142718647,15:59:53.142,70.2900,100
57593242690777,15:59:53.242,70.2900,100
57593242865564,15:59:53.242,70.2900,100
57593242865564,15:59:53.242,70.2900,100
57593341183377,15:59:53.341,70.2900,200
57593441844328,15:59:53.441,70.2900,100
57593442330024,15:59:53.442,70.2900,100
57594943076985,15:59:54.943,70.3000,300
57594948982532,15:59:54.948,70.3000,800
57594951727594,15:59:54.951,70.3000,100
57594953777977,15:59:54.953,70.3000,1000
57594953777977,15:59:54.953,70.3000,900
57595052180767,15:59:55.052,70.3100,378
57600325236855,16:00:00.325,0.0000,0
