timestamp,time,price,volume
34200255473619,09:30:00.255,8.9700,3958
34200255539347,09:30:00.255,8.9700,46
34200255539347,09:30:00.255,9.0000,63
34200255539347,09:30:00.255,9.0000,191
34369919826520,09:32:49.919,8.8500,1
34369919826520,09:32:49.919,8.8000,100
34369919910597,09:32:49.919,8.8000,108
34369920256196,09:32:49.920,8.7900,100
34437948729345,09:33:57.948,8.7900,1
34475933164819,09:34:35.933,8.7300,100
34475933409554,09:34:35.933,8.7000,150
34475933419489,09:34:35.933,8.7000,67
34491574950585,09:34:51.574,8.7300,28
34517774455284,09:35:17.774,8.7000,1
34543394394829,09:35:43.394,8.6500,100
34543394634233,09:35:43.394,8.6500,115
34546126072441,09:35:46.126,8.6000,100
34553669599439,09:35:53.669,8.5000,26
34553669599439,09:35:53.669,8.5000,4
34553669810596,09:35:53.669,8.5000,16
34553669810596,09:35:53.669,8.5000,15
34588088813978,09:36:28.088,8.3500,275
34588088817909,09:36:28.088,8.3500,200
34588088878962,09:36:28.088,8.3500,100
34588088928484,09:36:28.088,8.3500,100
34588089051935,09:36:28.089,8.3500,325
34622000178578,09:37:02.000,8.3400,50
34657145900141,09:37:37.145,8.2500,25
34678076346820,09:37:58.076,8.2500,30
34698830664229,09:38:18.830,8.2500,100
34710251846351,09:38:30.251,8.2500,100
34710254882475,09:38:30.254,8.2300,100
34711033224729,09:38:31.033,8.3300,20
34724029970400,09:38:44.029,8.2800,172
34741269567655,09:39:01.269,8.3000,500
34741269567655,09:39:01.269,8.2500,100
34741269567655,09:39:01.269,8.2500,400
34741273140175,09:39:01.273,8.2000,1
34741273140175,09:39:01.273,8.2000,699
34772325903785,09:39:32.325,8.2300,800
34772332348703,09:39:32.332,8.2000,600
34783380347400,09:39:43.380,8.2000,1
34783380347400,09:39:43.380,8.2000,1
34792108812029,09:39:52.108,8.1000,20
34792108812029,09:39:52.108,8.1000,200
34799814364170,09:39:59.814,8.0800,100
34799814364170,09:39:59.814,8.0700,100
34799814364170,09:39:59.814,8.0700,300
34799821445382,09:39:59.821,8.0600,400
34799821778774,09:39:59.821,8.0500,100
34799824551584,09:39:59.824,8.0500,200
34799824551584,09:39:59.824,8.0500,1
34799824551584,09:39:59.824,8.0500,500
34801820962945,09:40:01.820,8.0200,70
34801820962945,09:40:01.820,8.0000,124
34820235813099,09:40:20.235,8.1200,30
34820235813099,09:40:20.235,8.1000,210
34820239434243,09:40:20.239,8.0700,100
34820239760411,09:40:20.239,8.0500,1
34820254388244,09:40:20.254,8.0100,100
34820254388244,09:40:20.254,8.0000,276
34820254388244,09:40:20.254,8.0000,100
34820254388244,09:40:20.254,8.0000,1000
34820254388244,09:40:20.254,8.0000,200
34820254388244,09:40:20.254,8.0000,300
34820254388244,09:40:20.254,8.0000,219
34820254388244,09:40:20.254,8.0000,80
34940546475557,09:42:20.546,7.9900,100
34963192980468,09:42:43.192,7.9600,300
34993547802143,09:43:13.547,7.9100,100
35046408066324,09:44:06.408,7.9700,100
35055654947558,09:44:15.654,7.9500,200
35094413138097,09:44:54.413,7.9300,100
35106506762721,09:45:06.506,7.9800,210
35106506826085,09:45:06.506,7.9900,100
35117286852459,09:45:17.286,8.0900,100
35160093537986,09:46:00.093,7.9000,1
35160095801195,09:46:00.095,7.8900,100
35160095801195,09:46:00.095,7.8800,500
35160095801195,09:46:00.095,7.8800,200
35160099486054,09:46:00.099,7.8600,800
35160115870136,09:46:00.115,7.8300,20
35160115870136,09:46:00.115,7.8300,80
35160119019869,09:46:00.119,7.8300,20
35160119019869,09:46:00.119,7.8000,20
35160119019869,09:46:00.119,7.7500,5
35208348713691,09:46:48.348,7.6200,86
35230664396601,09:47:10.664,7.8000,10
35308785042472,09:48:28.785,7.8400,1
35339175726281,09:48:59.175,7.8200,50
35409033952754,09:50:09.033,7.8000,200
35409034420210,09:50:09.034,7.8000,10
35427147895115,09:50:27.147,7.7700,3
35501194805276,09:51:41.194,7.8000,300
35588677901345,09:53:08.677,7.8000,100
35588678115918,09:53:08.678,7.7900,100
35597104034624,09:53:17.104,7.8000,200
35629406749834,09:53:49.406,7.7100,100
35648489645269,09:54:08.489,7.7100,200
35714437350601,09:55:14.437,7.5400,771
35714437418439,09:55:14.437,7.5200,200
35714467747330,09:55:14.467,7.4300,1
35714467747330,09:55:14.467,7.3700,100
35714564832673,09:55:14.564,7.2800,14
35768928294412,09:56:08.928,7.4500,293
35768928303965,09:56:08.928,7.4500,7
35811611445156,09:56:51.611,7.2200,5
35811611445156,09:56:51.611,7.2000,195
35811612155368,09:56:51.612,7.2000,5
35811612155368,09:56:51.612,7.1600,200
35811612788869,09:56:51.612,7.1100,1
35811612788869,09:56:51.612,7.1000,1
35811612788869,09:56:51.612,7.1000,61
35811613886447,09:56:51.613,7.1000,139
35811614386724,09:56:51.614,7.0800,61
35823680460484,09:57:03.680,7.2800,100
35823680498933,09:57:03.680,7.2800,100
35823792749477,09:57:03.792,7.2900,6
35861095523377,09:57:41.095,7.2500,50
35910652903074,09:58:30.652,7.1900,100
35910652919416,09:58:30.652,7.1900,100
35910652964555,09:58:30.652,7.2000,105
35910682122901,09:58:30.682,7.2000,100
35912458078984,09:58:32.458,7.1000,20
35912458078984,09:58:32.458,7.1000,1
35912458078984,09:58:32.458,7.1000,10
35912458078984,09:58:32.458,7.1000,34
35912458717087,09:58:32.458,7.0600,100
35912460851284,09:58:32.460,7.0500,1
35912466908707,09:58:32.466,7.0000,50
35912466908707,09:58:32.466,7.0000,20
35912466908707,09:58:32.466,7.0000,1000
35912466908707,09:58:32.466,7.0000,10
35912470556018,09:58:32.470,6.9800,1
35913384472667,09:58:33.384,7.1000,1
35924633217744,09:58:44.633,7.0500,2
35937510393802,09:58:57.510,7.0500,18
35941523340079,09:59:01.523,7.0400,100
35941577871514,09:59:01.577,7.0400,30
35941577871514,09:59:01.577,7.0500,70
35941583016055,09:59:01.583,7.0500,30
35963628127214,09:59:23.628,7.0300,1
35963635728540,09:59:23.635,6.9700,1
35963637928491,09:59:23.637,6.9100,1
35963637928491,09:59:23.637,6.9000,100
35963637928491,09:59:23.637,6.9000,1000
35963641155080,09:59:23.641,6.8700,100
35963641718510,09:59:23.641,6.8100,1
35963641718510,09:59:23.641,6.7500,72
35963642256927,09:59:23.642,6.7500,300
35963642256927,09:59:23.642,6.7500,100
35963648158662,09:59:23.648,6.7300,100
35984001168902,09:59:44.001,6.8000,30
36010648889196,10:00:10.648,6.8000,53
36025562319728,10:00:25.562,6.7100,200
36025562319728,10:00:25.562,6.7100,1000
36025569671069,10:00:25.569,6.6500,5
36025571165070,10:00:25.571,6.6000,140
36025572659653,10:00:25.572,6.5900,100
36025574158909,10:00:25.574,6.5700,100
36025574158909,10:00:25.574,6.5500,100
36025574158909,10:00:25.574,6.5300,100
36025574158909,10:00:25.574,6.5200,1028
36025577353679,10:00:25.577,6.5000,565
36025577353679,10:00:25.577,6.5000,12
36025578985807,10:00:25.578,6.4800,10
36025578985807,10:00:25.578,6.4800,100
36025580699751,10:00:25.580,6.4400,100
36025582626562,10:00:25.582,6.4300,100
36109668512262,10:01:49.668,6.7700,44
36122072157485,10:02:02.072,6.8000,100
36129441512410,10:02:09.441,6.6400,100
36129442023437,10:02:09.442,6.6300,100
36132604990504,10:02:12.604,6.7000,79
36145123127625,10:02:25.123,6.6200,100
36145177735205,10:02:25.177,6.6000,100
36171349034885,10:02:51.349,6.7600,50
36208390375873,10:03:28.390,6.7700,20
36273819239587,10:04:33.819,6.7900,500
36273819239587,10:04:33.819,6.8000,100
36273819239587,10:04:33.819,6.8000,200
36297729449881,10:04:57.729,6.8300,100
36297729682793,10:04:57.729,6.8300,100
36322020017240,10:05:22.020,6.8000,1
36322020017240,10:05:22.020,6.7800,99
36344207562210,10:05:44.207,6.8200,33
36344207562210,10:05:44.207,6.8000,40
36344207562210,10:05:44.207,6.7800,27
36360531536967,10:06:00.531,6.7500,27
36371038148394,10:06:11.038,6.7400,100
36371038725241,10:06:11.038,6.7400,30
36371049439069,10:06:11.049,6.7500,170
36372348089983,10:06:12.348,6.7500,3
36372348089983,10:06:12.348,6.7500,100
36372349151890,10:06:12.349,6.7500,100
36394880638294,10:06:34.880,6.9000,100
36395620392058,10:06:35.620,6.8500,100
36396314773236,10:06:36.314,6.9000,100
36396970711493,10:06:36.970,6.9000,100
36405494628895,10:06:45.494,6.9000,100
36405659302656,10:06:45.659,6.9000,100
36413659264755,10:06:53.659,6.9300,200
36424896838285,10:07:04.896,6.8200,200
36424896838285,10:07:04.896,6.8200,100
36427760219989,10:07:07.760,6.9200,15
36429242975591,10:07:09.242,6.8300,100
36431156806550,10:07:11.156,6.8000,1
36431156806550,10:07:11.156,6.7800,99
36431183221261,10:07:11.183,6.7600,100
36431183221261,10:07:11.183,6.7400,1
36431183221261,10:07:11.183,6.7200,100
36492158176552,10:08:12.158,6.8200,100
36531618598370,10:08:51.618,6.8700,100
36533395912578,10:08:53.395,6.8700,100
36550117646305,10:09:10.117,6.8800,100
36554067357237,10:09:14.067,6.8800,100
36559907247063,10:09:19.907,6.9500,100
36560747232395,10:09:20.747,6.9500,100
36561104608813,10:09:21.104,6.9600,300
36561104837530,10:09:21.104,6.9600,300
36562585942354,10:09:22.585,6.9600,100
36563065196199,10:09:23.065,6.9600,328
36563347311821,10:09:23.347,7.0000,100
36563627455023,10:09:23.627,7.0000,200
36565207628346,10:09:25.207,7.0200,92
36565207628346,10:09:25.207,7.0200,8
36568421757958,10:09:28.421,7.0200,100
36568421989511,10:09:28.421,7.0200,92
36620420024355,10:10:20.420,7.0500,100
36623905482275,10:10:23.905,7.0500,400
36623905482275,10:10:23.905,7.0800,200
36623915272628,10:10:23.915,7.0900,400
36646090385922,10:10:46.090,7.1600,100
36646090920220,10:10:46.090,7.1900,100
36646090920220,10:10:46.090,7.2000,50
36646101646926,10:10:46.101,7.2100,28
36684608397564,10:11:24.608,7.1800,211
36684608887127,10:11:24.608,7.1800,205
36684609384294,10:11:24.609,7.1800,84
36684609384294,10:11:24.609,7.2000,229
36684609891338,10:11:24.609,7.2000,87
36684613792266,10:11:24.613,7.2100,172
36684618507490,10:11:24.618,7.2700,2
36684619043267,10:11:24.619,7.2700,98
36698668732689,10:11:38.668,7.2400,4
36698668732689,10:11:38.668,7.1700,196
36721158497227,10:12:01.158,7.2300,2
36721158497227,10:12:01.158,7.2300,198
36721174883615,10:12:01.174,7.3000,100
36721174883615,10:12:01.174,7.3200,200
36721191194993,10:12:01.191,7.3000,100
36721206668491,10:12:01.206,7.3000,100
36721222990104,10:12:01.222,7.3000,100
36721239053636,10:12:01.239,7.3000,100
36721254917070,10:12:01.254,7.3200,100
36721270914476,10:12:01.270,7.3300,200
36721271148551,10:12:01.271,7.3300,6
36736481255501,10:12:16.481,7.4000,200
36739778513538,10:12:19.778,7.3900,200
36767007174555,10:12:47.007,7.3800,200
36768730180991,10:12:48.730,7.3800,100
36768730490129,10:12:48.730,7.4000,100
36788337683901,10:13:08.337,7.3900,10
36788378414595,10:13:08.378,7.3200,100
36792979881516,10:13:12.979,7.2700,100
36792979881516,10:13:12.979,7.2500,100
36829727199119,10:13:49.727,7.3800,200
36829737056145,10:13:49.737,7.4300,100
36866591496510,10:14:26.591,7.4000,100
36866592004846,10:14:26.592,7.4000,175
36866592495396,10:14:26.592,7.4000,125
36883762629383,10:14:43.762,7.4000,6
36895960306434,10:14:55.960,7.4100,44
36895979487605,10:14:55.979,7.4500,56
37035247189482,10:17:15.247,7.4000,6
37042401796387,10:17:22.401,7.4000,33
37043443677157,10:17:23.443,7.3900,100
37047760858025,10:17:27.760,7.3500,100
37089873824042,10:18:09.873,7.2500,228
37090752919027,10:18:10.752,7.2500,172
37098020541511,10:18:18.020,7.2100,100
37101961701102,10:18:21.961,7.2100,200
37101961701102,10:18:21.961,7.2100,28
37172430537593,10:19:32.430,7.1700,1
37176462156851,10:19:36.462,7.0900,1
37193768840273,10:19:53.768,7.1000,100
37221398219333,10:20:21.398,7.2000,100
37221400243697,10:20:21.400,7.2900,20
37221405910104,10:20:21.405,7.3200,100
37221656160312,10:20:21.656,7.3200,100
37224107141492,10:20:24.107,7.3200,100
37554357195840,10:25:54.357,7.4000,99
37554357463938,10:25:54.357,7.4000,91
38105007308420,10:35:05.007,7.3200,30
38105014991447,10:35:05.014,7.0900,1
38105014991447,10:35:05.014,7.0900,1
38105014991447,10:35:05.014,7.0000,300
38105014991447,10:35:05.014,7.0000,48
38793861827015,10:46:33.861,7.2400,5
38793882197459,10:46:33.882,7.2000,50
38793882197459,10:46:33.882,7.1000,150
38793903091334,10:46:33.903,7.1000,100
38824193240760,10:47:04.193,7.1000,50
38977992171496,10:49:37.992,7.0700,100
39188647050810,10:53:08.647,7.1700,100
39227396962196,10:53:47.396,7.1700,50
39245890528883,10:54:05.890,7.1000,100
39247340098758,10:54:07.340,7.0800,100
39247340103901,10:54:07.340,7.0800,400
39247340103901,10:54:07.340,7.0800,100
39247340103901,10:54:07.340,7.0800,8
39247340234237,10:54:07.340,7.0600,75
39247340237625,10:54:07.340,7.0500,142
39247341181278,10:54:07.341,7.0500,100
39247341181278,10:54:07.341,7.0400,50
39247341181278,10:54:07.341,7.0000,2
39247341181278,10:54:07.341,7.0000,348
39247341238095,10:54:07.341,7.0000,100
39247341345302,10:54:07.341,7.0000,52
39247341345302,10:54:07.341,7.0000,48
39247341709130,10:54:07.341,7.0000,22
39247341709130,10:54:07.341,7.0000,100
39247341709130,10:54:07.341,7.0000,101
39247342003498,10:54:07.342,7.0000,99
39247342003498,10:54:07.342,7.0000,1
39247342009440,10:54:07.342,7.0000,49
39247342009440,10:54:07.342,7.0000,1
39271794202501,10:54:31.794,6.9900,10
39302902082602,10:55:02.902,7.0000,100
39321628033555,10:55:21.628,6.9000,250
39321628033555,10:55:21.628,6.9000,300
39321651576882,10:55:21.651,6.8300,275
39348465468576,10:55:48.465,6.8200,1
39348465502677,10:55:48.465,6.8200,11
39418882077341,10:56:58.882,6.8200,25
39418882077341,10:56:58.882,6.8000,381
39418882112259,10:56:58.882,6.8000,19
39418882112259,10:56:58.882,6.8000,6
39418882112259,10:56:58.882,6.7600,35
39418882112259,10:56:58.882,6.7500,30
39418882112259,10:56:58.882,6.7500,940
39418883583134,10:56:58.883,6.7500,60
39418883583134,10:56:58.883,6.7100,1
39418883583134,10:56:58.883,6.7100,100
39418883583134,10:56:58.883,6.7000,300
39418883583134,10:56:58.883,6.7000,400
39418883583134,10:56:58.883,6.7000,100
39418883583134,10:56:58.883,6.7000,339
39418883630893,10:56:58.883,6.7000,61
39418883630893,10:56:58.883,6.7000,39
39418904459314,10:56:58.904,6.7000,61
39418904459314,10:56:58.904,6.7000,1
39418904459314,10:56:58.904,6.6700,2
39418904459314,10:56:58.904,6.6500,100
39418904946958,10:56:58.904,6.6000,236
39637086121997,11:00:37.086,6.6600,200
39637086121997,11:00:37.086,6.6500,100
39637086121997,11:00:37.086,6.6500,100
39637086121997,11:00:37.086,6.6500,100
39780539785215,11:03:00.539,6.7800,100
39780539785215,11:03:00.539,6.7800,100
39789971456232,11:03:09.971,6.7700,1
39803171071264,11:03:23.171,6.8200,1
39834018427531,11:03:54.018,6.7600,15
39834018427531,11:03:54.018,6.7400,15
39834018688425,11:03:54.018,6.7400,149
39834018701302,11:03:54.018,6.7400,11
40086940591426,11:08:06.940,6.8500,2
40154199241780,11:09:14.199,6.8550,50
40499394961967,11:14:59.394,6.8850,50
40508089244516,11:15:08.089,6.8600,3
40569838838390,11:16:09.838,6.8600,100
40654671615331,11:17:34.671,6.8000,100
40660666617222,11:17:40.666,6.8600,300
40660666626192,11:17:40.666,6.8600,256
40696584527464,11:18:16.584,6.9000,100
40711466295946,11:18:31.466,7.0000,100
40725178490717,11:18:45.178,7.0000,400
40805358907663,11:20:05.358,7.0000,100
40823577716228,11:20:23.577,7.0600,100
40825271230023,11:20:25.271,7.0600,100
40825271230023,11:20:25.271,7.0500,42
40977580320406,11:22:57.580,7.1000,100
41208316283534,11:26:48.316,7.1500,100
41208321556809,11:26:48.321,7.1700,200
41307570507093,11:28:27.570,7.2500,200
41334548562394,11:28:54.548,7.1000,100
41845527407931,11:37:25.527,7.0900,500
42047070060902,11:40:47.070,7.0800,100
42049050531278,11:40:49.050,7.0800,100
42390327358214,11:46:30.327,7.1000,18
42503047384090,11:48:23.047,7.0800,80
42713355880826,11:51:53.355,7.0700,16
42713356118595,11:51:53.356,7.0700,7
42754747110269,11:52:34.747,7.0900,58
42754747350446,11:52:34.747,7.0900,42
42828704134562,11:53:48.704,7.1000,241
42828704146489,11:53:48.704,7.1000,200
42828704150137,11:53:48.704,7.1000,247
42828704150137,11:53:48.704,7.1000,100
43318170291907,12:01:58.170,7.0800,80
43588793886880,12:06:28.793,7.1500,1
43710101565318,12:08:30.101,7.1400,7
44348076394884,12:19:08.076,7.0900,100
44863084803080,12:27:43.084,7.1000,100
44926719112018,12:28:46.719,7.0900,100
45318092201090,12:35:18.092,7.0800,100
45518878163485,12:38:38.878,7.1100,300
46443110772586,12:54:03.110,7.0100,50
46443110772586,12:54:03.110,7.0000,50
46957468894795,13:02:37.468,7.0300,100
47233123069009,13:07:13.123,7.0300,100
47274768303705,13:07:54.768,7.0300,75
47274785584892,13:07:54.785,7.0300,25
47747463163996,13:15:47.463,7.0500,300
47747463864577,13:15:47.463,7.0500,82
47747464561385,13:15:47.464,7.0500,118
47761618626810,13:16:01.618,7.0400,100
47761620203613,13:16:01.620,7.0400,100
47771307503067,13:16:11.307,7.0400,100
47816417323127,13:16:56.417,7.0600,100
47816427030740,13:16:56.427,7.0600,200
47816427030740,13:16:56.427,7.0900,100
47836369827416,13:17:16.369,7.0600,200
47836369827416,13:17:16.369,7.1000,200
47844730593059,13:17:24.730,7.0600,100
47844730593059,13:17:24.730,7.1000,400
47852414317258,13:17:32.414,7.0600,100
47853885760594,13:17:33.885,7.1000,100
47854254284165,13:17:34.254,7.1000,100
48075127170917,13:21:15.127,7.0500,200
48144166447021,13:22:24.166,7.1000,200
48144172781744,13:22:24.172,7.1000,100
48279330892007,13:24:39.330,7.0700,300
48285362227854,13:24:45.362,7.1000,8
48289785027865,13:24:49.785,7.1300,100
48312258717088,13:25:12.258,7.1800,100
48675350889538,13:31:15.350,7.1400,200
48675351195146,13:31:15.351,7.1500,172
48675357162655,13:31:15.357,7.1700,200
48675358658892,13:31:15.358,7.1500,100
48676267317652,13:31:16.267,7.1500,200
48676267351966,13:31:16.267,7.1500,528
48691053087276,13:31:31.053,7.1500,22
48695423717889,13:31:35.423,7.1000,100
49009187818287,13:36:49.187,7.0500,10
49009187818287,13:36:49.187,7.0500,100
49009187851940,13:36:49.187,7.0000,250
49009187851940,13:36:49.187,7.0000,300
49009187851940,13:36:49.187,7.0000,24
49009187851940,13:36:49.187,7.0000,300
49009187851940,13:36:49.187,7.0000,610
49009189366572,13:36:49.189,7.0000,1500
49019573898246,13:36:59.573,7.0000,466
49049262258341,13:37:29.262,7.0000,2424
49418157986555,13:43:38.157,6.9700,100
49883609097364,13:51:23.609,6.9400,77
50023167793872,13:53:43.167,6.9400,100
50023172109625,13:53:43.172,6.9400,23
50023218434302,13:53:43.218,6.9300,177
50106995049007,13:55:06.995,6.9350,200
50233630940173,13:57:13.630,6.9300,23
50233630940173,13:57:13.630,6.9200,77
50240522075080,13:57:20.522,6.9200,100
50339000622070,13:58:59.000,6.9200,23
50339000622070,13:58:59.000,6.9000,300
50339409427269,13:58:59.409,6.8600,44
50339409427269,13:58:59.409,6.8500,400
50375800849373,13:59:35.800,6.8000,400
50375800849373,13:59:35.800,6.8000,300
50393705143991,13:59:53.705,6.8500,100
50393705143991,13:59:53.705,6.8500,100
50836501532596,14:07:16.501,6.8700,200
50840146311788,14:07:20.146,6.8500,45
51471861373064,14:17:51.861,6.8500,5
52764037884099,14:39:24.037,6.8900,20
53433225043445,14:50:33.225,6.8200,100
53793652501505,14:56:33.652,6.8800,63
53793652534929,14:56:33.652,6.8800,37
53793653877012,14:56:33.653,6.8600,100
53819965482480,14:56:59.965,6.8100,100
53819965482480,14:56:59.965,6.8000,50
53819965482480,14:56:59.965,6.8000,494
53819965542235,14:56:59.965,6.8000,100
53819965542235,14:56:59.965,6.7800,300
53819965821215,14:56:59.965,6.8000,100
53819967073696,14:56:59.967,6.7900,30
53819967073696,14:56:59.967,6.7800,70
53819967360497,14:56:59.967,6.8000,24
53819967801540,14:56:59.967,6.8000,6
53819967801540,14:56:59.967,6.8000,10
53819968087242,14:56:59.968,6.7800,30
53820129565102,14:57:00.129,6.8300,100
53823799811036,14:57:03.799,6.8300,100
55068436037503,15:17:48.436,6.8300,100
55412603506308,15:23:32.603,6.8000,200
55412603506308,15:23:32.603,6.8000,100
55412603748127,15:23:32.603,6.8000,100
55412603748127,15:23:32.603,6.8000,100
55696920062181,15:28:16.920,6.8400,7
55849404868820,15:30:49.404,6.8150,1
55850453460918,15:30:50.453,6.8500,100
55850453460918,15:30:50.453,6.8500,100
55991888653346,15:33:11.888,6.8250,200
56076456866196,15:34:36.456,6.8050,100
56302431173570,15:38:22.431,6.8100,100
56302431417665,15:38:22.431,6.8000,100
56359889664343,15:39:19.889,6.8200,54
56699996421782,15:44:59.996,6.8300,36
57088526587208,15:51:28.526,6.8000,1
57088528285136,15:51:28.528,6.7900,100
57088529871615,15:51:28.529,6.7900,100
57128240177122,15:52:08.240,6.7500,10
57128240177122,15:52:08.240,6.7500,1
57128240177122,15:52:08.240,6.7500,44
57129609842207,15:52:09.609,6.7500,100
57354359958784,15:55:54.359,6.8000,100
57354359958784,15:55:54.359,6.8000,100
57555297087606,15:59:15.297,6.8200,100
57567933084082,15:59:27.933,6.8100,100
57573797306046,15:59:33.797,6.8100,50
57573797306046,15:59:33.797,6.8100,9
57575889273736,15:59:35.889,6.8200,25
57575889273736,15:59:35.889,6.8200,30
57591000597494,15:59:51.000,6.8000,24
57595089282686,15:59:55.089,6.8000,200
57600348671518,16:00:00.348,6.7500,214
57600348671518,16:00:00.348,6.7500,275
67674924874788,18:47:54.924,6.7600,47
