timestamp,time,price,volume
27010226849967,07:30:10.226,31.3200,20
27408982348307,07:36:48.982,31.0200,20
28257151061246,07:50:57.151,31.0500,875
28732710775822,07:58:52.710,31.1100,250
29244908554423,08:07:24.908,31.1100,363
34200921814885,09:30:00.921,0.0000,0
34267787057443,09:31:07.787,31.0600,200
34267787086751,09:31:07.787,31.0600,300
34267808276388,09:31:07.808,31.0600,100
34267808276388,09:31:07.808,31.0500,500
34275066961103,09:31:15.066,31.0400,29
34275076210051,09:31:15.076,31.0400,150
34275854203779,09:31:15.854,31.0400,100
34283542450862,09:31:23.542,31.0400,500
34314453904366,09:31:54.453,31.0400,500
34327423296730,09:32:07.423,31.0000,2
34327423296730,09:32:07.423,31.0000,1
34327505647595,09:32:07.505,31.0000,100
34344092666688,09:32:24.092,31.0100,400
34352161119141,09:32:32.161,30.9900,300
34352161119141,09:32:32.161,30.9900,400
34359066044038,09:32:39.066,31.0000,400
34371582974648,09:32:51.582,30.9900,302
34371582999544,09:32:51.582,30.9900,98
34374445723469,09:32:54.445,31.0000,400
34429862018525,09:33:49.862,31.0600,200
34430066170672,09:33:50.066,31.0600,200
34430066490208,09:33:50.066,31.0600,100
34430129307764,09:33:50.129,31.0600,100
34430129307764,09:33:50.129,31.0600,50
34430129334636,09:33:50.129,31.0600,350
34433260779076,09:33:53.260,31.0800,400
34445994203157,09:34:05.994,31.0600,400
34449666001347,09:34:09.666,31.0700,400
34468547587624,09:34:28.547,31.0800,400
34474013864616,09:34:34.013,31.0600,400
34490443807762,09:34:50.443,31.0500,1
34495414532423,09:34:55.414,31.0500,400
34495933784625,09:34:55.933,31.0600,150
34512330559588,09:35:12.330,31.0600,400
34516444886307,09:35:16.444,31.0600,150
34523528501944,09:35:23.528,31.0400,400
34523760757934,09:35:23.760,31.0400,60
34529951472540,09:35:29.951,31.0500,400
34535049561633,09:35:35.049,31.0600,400
34569737912996,09:36:09.737,31.0500,300
34572322073083,09:36:12.322,31.0500,300
34583284270521,09:36:23.284,31.0400,400
34586748691999,09:36:26.748,31.0300,1
34591126326166,09:36:31.126,31.0300,150
34591126366847,09:36:31.126,31.0300,150
34602245704263,09:36:42.245,31.0500,300
34603144432428,09:36:43.144,31.0600,300
34603144432428,09:36:43.144,31.0600,600
34605554176525,09:36:45.554,31.0700,150
34605554202340,09:36:45.554,31.0700,49
34616655088688,09:36:56.655,31.0800,150
34616655113001,09:36:56.655,31.0800,150
34647896557903,09:37:27.896,31.0600,150
34647896577278,09:37:27.896,31.0600,150
34658597815089,09:37:38.597,31.0800,205
34658597860268,09:37:38.597,31.0800,95
34661031523785,09:37:41.031,31.0800,180
34661031744893,09:37:41.031,31.0800,95
34661032730935,09:37:41.032,31.0800,100
34670180847159,09:37:50.180,31.1000,400
34676019185118,09:37:56.019,31.0900,800
34676019185118,09:37:56.019,31.0900,400
34676019185118,09:37:56.019,31.0900,300
34676853944466,09:37:56.853,31.0900,150
34676853969007,09:37:56.853,31.0900,150
34676853969007,09:37:56.853,31.0900,1000
34676854017997,09:37:56.854,31.0900,440
34677629212828,09:37:57.629,31.0800,300
34684475569641,09:38:04.475,31.0700,300
34701179385737,09:38:21.179,31.0600,100
34701179495030,09:38:21.179,31.0600,100
34704471053234,09:38:24.471,31.0600,300
34704471902894,09:38:24.471,31.0600,600
34709872889403,09:38:29.872,31.0600,300
34710093913616,09:38:30.093,31.0600,100
34710093913616,09:38:30.093,31.0600,100
34710093913616,09:38:30.093,31.0600,190
34711773573055,09:38:31.773,31.0600,80
34711773672855,09:38:31.773,31.0600,100
34711773936779,09:38:31.773,31.0600,100
34711773944929,09:38:31.773,31.0600,100
34714320832963,09:38:34.320,31.0600,517
34715536447811,09:38:35.536,31.0600,300
34715536447811,09:38:35.536,31.0600,90
34715536458354,09:38:35.536,31.0600,195
34720934690403,09:38:40.934,31.0600,381
34720964589934,09:38:40.964,31.0600,219
34720964589934,09:38:40.964,31.0600,171
34724044210119,09:38:44.044,31.0600,300
34728770559718,09:38:48.770,31.0600,100
34743153589757,09:39:03.153,31.0400,300
34743153589757,09:39:03.153,31.0400,100
34743800970457,09:39:03.800,31.0400,12
34743800995824,09:39:03.800,31.0400,88
34764166264768,09:39:24.166,31.0500,100
34764167312163,09:39:24.167,31.0500,129
34764170020212,09:39:24.170,31.0500,100
34764170056096,09:39:24.170,31.0500,71
34764170095242,09:39:24.170,31.0500,29
34781722688924,09:39:41.722,31.0500,3
34781722714864,09:39:41.722,31.0500,300
34785750073735,09:39:45.750,31.0400,100
34785750100224,09:39:45.750,31.0400,500
34785750916603,09:39:45.750,31.0400,100
34785751132786,09:39:45.751,31.0400,100
34785759785841,09:39:45.759,31.0400,200
34785759785841,09:39:45.759,31.0400,100
34785759785841,09:39:45.759,31.0400,100
34785759785841,09:39:45.759,31.0400,300
34792788302052,09:39:52.788,31.0400,300
34807642035054,09:40:07.642,31.0300,291
34807642063706,09:40:07.642,31.0300,9
34807648127210,09:40:07.648,31.0300,200
34807648127210,09:40:07.648,31.0300,300
34807648127210,09:40:07.648,31.0300,100
34815119515939,09:40:15.119,31.0300,100
34823000565674,09:40:23.000,31.0300,200
34823000565674,09:40:23.000,31.0300,300
34823000565674,09:40:23.000,31.0300,100
34823000810430,09:40:23.000,31.0300,271
34823000810430,09:40:23.000,31.0300,300
34823000810430,09:40:23.000,31.0300,29
34834239546283,09:40:34.239,31.0400,300
34868426937270,09:41:08.426,31.0600,200
34869037543409,09:41:09.037,31.0600,100
34869953320888,09:41:09.953,31.0600,100
34886589945310,09:41:26.589,31.0800,195
34886591187502,09:41:26.591,31.0800,390
34886592109380,09:41:26.592,31.0800,100
34886592807605,09:41:26.592,31.0800,100
34886594067081,09:41:26.594,31.0800,10
34886796645557,09:41:26.796,31.0800,300
34892943015550,09:41:32.943,31.0800,900
34904343148967,09:41:44.343,31.1000,300
34916217999826,09:41:56.217,31.0900,300
34921000308261,09:42:01.000,31.0800,300
34922299345817,09:42:02.299,31.0700,102
34922299372488,09:42:02.299,31.0700,198
34928650114602,09:42:08.650,31.0700,300
34931975927102,09:42:11.975,31.0800,300
34937887791163,09:42:17.887,31.0900,300
34937904639414,09:42:17.904,31.1000,300
34937904639414,09:42:17.904,31.1000,100
34945089021748,09:42:25.089,31.1000,300
34959632032539,09:42:39.632,31.0900,300
34969775431508,09:42:49.775,31.0800,300
34970918071942,09:42:50.918,31.0900,300
34987151098151,09:43:07.151,31.0800,300
35014091115268,09:43:34.091,31.0900,300
35025459474822,09:43:45.459,31.1000,100
35025459474822,09:43:45.459,31.1000,300
35025459474822,09:43:45.459,31.1000,300
35025459474822,09:43:45.459,31.1000,400
35025459501897,09:43:45.459,31.1000,700
35025459517101,09:43:45.459,31.1000,700
35025466115205,09:43:45.466,31.1000,300
35029894993816,09:43:49.894,31.0900,300
35045213646917,09:44:05.213,31.0900,100
35047802107431,09:44:07.802,31.1000,300
35047810170369,09:44:07.810,31.1100,88
35047810911034,09:44:07.810,31.1100,55
35048953586612,09:44:08.953,31.1100,200
35050077752929,09:44:10.077,31.1000,300
35051907688868,09:44:11.907,31.1000,200
35057982650116,09:44:17.982,31.1000,200
35067486664555,09:44:27.486,31.1100,118
35067486689834,09:44:27.486,31.1100,82
35074217413625,09:44:34.217,31.1100,300
35088145379180,09:44:48.145,31.1200,400
35100019289869,09:45:00.019,31.1100,200
35101973292596,09:45:01.973,31.1000,100
35101973292596,09:45:01.973,31.1000,200
35101973292596,09:45:01.973,31.1000,500
35101973292596,09:45:01.973,31.1000,400
35101981310625,09:45:01.981,31.1000,200
35101981310625,09:45:01.981,31.1000,100
35102466015256,09:45:02.466,31.1000,424
35102466040012,09:45:02.466,31.1000,76
35102466040012,09:45:02.466,31.1000,100
35102466058063,09:45:02.466,31.1000,100
35102917815700,09:45:02.917,31.1000,55
35102924692680,09:45:02.924,31.1000,45
35104626878605,09:45:04.626,31.1000,100
35106516193358,09:45:06.516,31.0900,200
35106516193358,09:45:06.516,31.0900,100
35106581366735,09:45:06.581,31.0900,95
35106581704058,09:45:06.581,31.0900,205
35106581704058,09:45:06.581,31.0900,200
35128384195457,09:45:28.384,31.1000,200
35155463066335,09:45:55.463,31.1100,400
35155463066335,09:45:55.463,31.1100,2
35155463096706,09:45:55.463,31.1100,198
35155463096706,09:45:55.463,31.1100,100
35164479597126,09:46:04.479,31.1100,402
35164479672924,09:46:04.479,31.1100,98
35164479672924,09:46:04.479,31.1100,100
35164479672924,09:46:04.479,31.1100,200
35164479672924,09:46:04.479,31.1100,202
35164479810462,09:46:04.479,31.1100,42
35167016580644,09:46:07.016,31.1100,200
35184595841474,09:46:24.595,31.1100,200
35187763208161,09:46:27.763,31.1100,140
35189651787329,09:46:29.651,31.1100,200
35195614239250,09:46:35.614,31.1100,200
35195614239250,09:46:35.614,31.1100,100
35199449241990,09:46:39.449,31.1000,200
35199449241990,09:46:39.449,31.1000,211
35201628684489,09:46:41.628,31.1000,150
35215141829972,09:46:55.141,31.1000,200
35216684771008,09:46:56.684,31.0900,200
35231976208420,09:47:11.976,31.0900,436
35234553050130,09:47:14.553,31.1000,300
35237528348777,09:47:17.528,31.1000,300
35242023605897,09:47:22.023,31.1000,45
35265217607916,09:47:45.217,31.1100,300
35318483175512,09:48:38.483,31.1400,300
35320870210556,09:48:40.870,31.1500,300
35326521173689,09:48:46.521,31.1500,24
35330634844147,09:48:50.634,31.1600,100
35330634844147,09:48:50.634,31.1600,1300
35330634844147,09:48:50.634,31.1600,700
35330645467500,09:48:50.645,31.1700,100
35333585654625,09:48:53.585,31.1700,100
35333585682795,09:48:53.585,31.1700,277
35333585696135,09:48:53.585,31.1700,123
35333585696135,09:48:53.585,31.1700,66
35333718758729,09:48:53.718,31.1700,256
35333718762796,09:48:53.718,31.1700,128
35333718766619,09:48:53.718,31.1700,116
35333718766619,09:48:53.718,31.1700,400
35333718766619,09:48:53.718,31.1700,384
35333718860565,09:48:53.718,31.1700,200
35333718861151,09:48:53.718,31.1700,900
35343476663526,09:49:03.476,31.1600,300
35350235124972,09:49:10.235,31.1500,300
35368951699377,09:49:28.951,31.1600,300
35373168807534,09:49:33.168,31.1600,300
35376846159397,09:49:36.846,31.1600,300
35412057250845,09:50:12.057,31.1600,57
35412057275522,09:50:12.057,31.1600,223
35412113086533,09:50:12.113,31.1600,20
35419469945663,09:50:19.469,31.1500,200
35419470038310,09:50:19.470,31.1500,200
35419470312771,09:50:19.470,31.1500,100
35455915934933,09:50:55.915,31.1600,300
35507770947367,09:51:47.770,31.1500,450
35643310145672,09:54:03.310,31.1400,200
35651584775265,09:54:11.584,31.1400,100
35662884092262,09:54:22.884,31.1300,5
35675195122560,09:54:35.195,31.1200,200
35711047014102,09:55:11.047,31.1100,300
35726749180826,09:55:26.749,31.1000,4
35726959191370,09:55:26.959,31.1000,1
35731966801181,09:55:31.966,31.1000,100
35731966854829,09:55:31.966,31.1000,150
35731967019593,09:55:31.967,31.1000,350
35748009866452,09:55:48.009,31.1100,200
35752379831139,09:55:52.379,31.1100,200
35780751470863,09:56:20.751,31.1400,150
35788816551101,09:56:28.816,31.1300,200
35801683710028,09:56:41.683,31.1400,900
35823978018919,09:57:03.978,31.1300,139
35862874990681,09:57:42.874,31.1200,200
35863386657338,09:57:43.386,31.1400,200
35881712406591,09:58:01.712,31.1500,200
35904780178390,09:58:24.780,31.1600,200
35947827258983,09:59:07.827,31.1600,200
35969802967203,09:59:29.802,31.1500,100
35979243348416,09:59:39.243,31.1600,200
36010785268024,10:00:10.785,31.1700,100
36010785268024,10:00:10.785,31.1700,7
36010785634240,10:00:10.785,31.1700,93
36010867228855,10:00:10.867,31.1800,100
36010868849547,10:00:10.868,31.1800,207
36021063322392,10:00:21.063,31.1700,100
36051213202628,10:00:51.213,31.1600,400
36068331229336,10:01:08.331,31.1600,100
36068331229336,10:01:08.331,31.1600,100
36112024235773,10:01:52.024,31.1600,100
36112024235773,10:01:52.024,31.1600,200
36112024857992,10:01:52.024,31.1600,300
36112024857992,10:01:52.024,31.1600,200
36112024857992,10:01:52.024,31.1600,100
36112024857992,10:01:52.024,31.1600,200
36117275312675,10:01:57.275,31.1600,50
36117275354204,10:01:57.275,31.1600,250
36134547148073,10:02:14.547,31.1600,200
36166649746005,10:02:46.649,31.1700,100
36166649746005,10:02:46.649,31.1700,300
36166687316751,10:02:46.687,31.1800,100
36166687316751,10:02:46.687,31.1800,300
36166698942722,10:02:46.698,31.1900,800
36166702341547,10:02:46.702,31.1900,100
36166702341547,10:02:46.702,31.1900,200
36166702341547,10:02:46.702,31.1900,100
36196069713941,10:03:16.069,31.2000,200
36287318246931,10:04:47.318,31.1600,200
36296220680045,10:04:56.220,31.1700,200
36337917450253,10:05:37.917,31.1600,150
36337917488093,10:05:37.917,31.1600,50
36360183247321,10:06:00.183,31.1500,100
36360183247321,10:06:00.183,31.1500,100
36376653901715,10:06:16.653,31.1500,200
36392815267189,10:06:32.815,31.1300,54
36392815893808,10:06:32.815,31.1300,100
36421486637027,10:07:01.486,31.1100,1
36435280941254,10:07:15.280,31.1100,200
36485632921674,10:08:05.632,31.1200,200
36490586230000,10:08:10.586,31.1100,70
36553570002464,10:09:13.570,31.1400,200
36590865676335,10:09:50.865,31.1300,200
36605647427551,10:10:05.647,31.1200,122
36605647549938,10:10:05.647,31.1200,150
36605647585599,10:10:05.647,31.1200,28
36657220137212,10:10:57.220,31.1300,100
36665219376731,10:11:05.219,31.1300,5
36692905132659,10:11:32.905,31.1100,100
36692905151844,10:11:32.905,31.1100,100
36696363994238,10:11:36.363,31.1100,100
36701910892529,10:11:41.910,31.1000,2
36708103519260,10:11:48.103,31.0900,500
36708688924993,10:11:48.688,31.0800,200
36708688924993,10:11:48.688,31.0800,3
36721846916642,10:12:01.846,31.0800,1
36757126295775,10:12:37.126,31.0800,200
36798764948301,10:13:18.764,31.0500,98
36842634886111,10:14:02.634,31.0800,200
36870813994844,10:14:30.813,31.0800,150
36966550500641,10:16:06.550,31.0700,300
36966550500641,10:16:06.550,31.0700,200
36967395456826,10:16:07.395,31.0800,300
37021404385803,10:17:01.404,31.0900,200
37057366266592,10:17:37.366,31.1000,1
37059979431011,10:17:39.979,31.1000,219
37087341618595,10:18:07.341,31.1100,478
37087341649362,10:18:07.341,31.1100,150
37087341777474,10:18:07.341,31.1100,200
37087341839789,10:18:07.341,31.1100,100
37087341851742,10:18:07.341,31.1100,4072
37093449086219,10:18:13.449,31.1400,200
37093449086219,10:18:13.449,31.1400,300
37093449086219,10:18:13.449,31.1400,100
37099730931683,10:18:19.730,31.1400,58
37099731125457,10:18:19.731,31.1400,294
37099731407598,10:18:19.731,31.1400,6
37121612609371,10:18:41.612,31.1500,58
37147707222239,10:19:07.707,31.1400,300
37173739754904,10:19:33.739,31.1200,21
37173739754904,10:19:33.739,31.1200,21
37173739754904,10:19:33.739,31.1200,100
37178016658764,10:19:38.016,31.1100,200
37178016658764,10:19:38.016,31.1100,300
37206438493670,10:20:06.438,31.1000,1
37206872644366,10:20:06.872,31.1000,200
37239398503680,10:20:39.398,31.0800,400
37298486432761,10:21:38.486,31.0900,1
37321181606639,10:22:01.181,31.0800,1
37322937028005,10:22:02.937,31.0800,17
37447150378023,10:24:07.150,31.0800,150
37476318767651,10:24:36.318,31.0800,150
37557459895685,10:25:57.459,31.0500,500
37557459895685,10:25:57.459,31.0500,5
37557459895685,10:25:57.459,31.0500,2
37607656124590,10:26:47.656,31.0500,200
37613466396521,10:26:53.466,31.0600,300
37613466396521,10:26:53.466,31.0600,200
37613466560910,10:26:53.466,31.0600,300
37613466560910,10:26:53.466,31.0600,100
37613466560910,10:26:53.466,31.0600,100
37631240656885,10:27:11.240,31.0600,100
37636860858462,10:27:16.860,31.0700,200
37695422160767,10:28:15.422,31.0700,248
37695422239369,10:28:15.422,31.0700,500
37695422278497,10:28:15.422,31.0700,52
37737093221455,10:28:57.093,31.0800,100
37742123489352,10:29:02.123,31.0700,190
37746090252933,10:29:06.090,31.0700,110
37746090252933,10:29:06.090,31.0700,100
37782817294621,10:29:42.817,31.0500,2
37782817294621,10:29:42.817,31.0500,300
37801790322964,10:30:01.790,31.0300,300
37872941272710,10:31:12.941,31.0300,1
37901445069031,10:31:41.445,31.0200,300
37906124058563,10:31:46.124,31.0200,200
37968860110794,10:32:48.860,31.0100,200
38174302769366,10:36:14.302,31.0300,64
38217304447238,10:36:57.304,31.0200,300
38217304447238,10:36:57.304,31.0200,3
38222009944641,10:37:02.009,31.0100,14
38222010589874,10:37:02.010,31.0100,186
38252477296712,10:37:32.477,31.0400,300
38282669236406,10:38:02.669,31.0800,200
38299637626887,10:38:19.637,31.0500,200
38340101437706,10:39:00.101,31.0300,58
38416214080475,10:40:16.214,31.0100,200
38504367840726,10:41:44.367,31.0200,200
38539197275637,10:42:19.197,31.0400,300
38539197275637,10:42:19.197,31.0400,79
38603592107234,10:43:23.592,31.0200,25
38614936419307,10:43:34.936,31.0200,300
38645794764063,10:44:05.794,31.0100,39
38657393756640,10:44:17.393,31.0000,11
38657393820084,10:44:17.393,31.0000,189
38657393820084,10:44:17.393,31.0000,100
38657393820084,10:44:17.393,31.0000,5
38657393820084,10:44:17.393,31.0000,200
38657393820084,10:44:17.393,31.0000,4
38657476441583,10:44:17.476,30.9900,100
38685704431592,10:44:45.704,30.9900,300
38696765107560,10:44:56.765,30.9700,300
38706089705356,10:45:06.089,30.9600,200
38707042431993,10:45:07.042,30.9500,11
38707042748752,10:45:07.042,30.9500,89
38751571708886,10:45:51.571,30.9700,300
38758149282688,10:45:58.149,30.9800,145
38842597638713,10:47:22.597,31.0100,79
38843658991125,10:47:23.658,31.0000,300
38843658991125,10:47:23.658,31.0000,200
38875591706622,10:47:55.591,31.0000,200
39234443077247,10:53:54.443,31.0600,100
39286910892623,10:54:46.910,31.0500,200
39370011737914,10:56:10.011,31.0300,100
39384378638716,10:56:24.378,31.0300,200
39420066183997,10:57:00.066,31.0400,100
39473198679135,10:57:53.198,31.0600,300
39484840317581,10:58:04.840,31.0500,200
39533593865046,10:58:53.593,31.0600,300
39533741390037,10:58:53.741,31.0600,291
39584308783081,10:59:44.308,31.0400,58
39608738669769,11:00:08.738,31.0000,3
39659815693929,11:00:59.815,31.0100,117
39662804881582,11:01:02.804,31.0000,3
39662943107569,11:01:02.943,30.9800,5
39663049443557,11:01:03.049,30.9700,200
39663201577154,11:01:03.201,30.9700,100
39663309857263,11:01:03.309,30.9700,19
39663309932528,11:01:03.309,30.9700,81
39663309932528,11:01:03.309,30.9700,103
39663310896341,11:01:03.310,30.9700,100
39663393801469,11:01:03.393,30.9600,100
39663460126882,11:01:03.460,30.9500,200
39663460126882,11:01:03.460,30.9500,100
39663464698458,11:01:03.464,30.9400,500
39663480293569,11:01:03.480,30.9300,381
39663480544932,11:01:03.480,30.9300,92
39663481259319,11:01:03.481,30.9300,27
39663481259319,11:01:03.481,30.9300,400
39663482440943,11:01:03.482,30.9300,100
39663877732503,11:01:03.877,30.9300,300
39664579007565,11:01:04.579,30.9200,300
39664579007565,11:01:04.579,30.9200,100
39664579111559,11:01:04.579,30.9200,300
39664579111559,11:01:04.579,30.9200,100
39664579111559,11:01:04.579,30.9200,200
39664582877684,11:01:04.582,30.9200,300
39664582877684,11:01:04.582,30.9200,200
39664582982254,11:01:04.582,30.9200,100
39664582988692,11:01:04.582,30.9200,200
39664614155003,11:01:04.614,30.9100,300
39664614155003,11:01:04.614,30.9100,300
39664614155003,11:01:04.614,30.9100,1300
39664614155003,11:01:04.614,30.9100,100
39664681200805,11:01:04.681,30.9100,100
39664734117472,11:01:04.734,30.9100,100
39666847946461,11:01:06.847,30.9200,200
39666851398966,11:01:06.851,30.9300,100
39667725759737,11:01:07.725,30.9500,244
39671058671384,11:01:11.058,30.9400,100
39671094289173,11:01:11.094,30.9400,200
39674319569551,11:01:14.319,30.9400,200
39674319569551,11:01:14.319,30.9400,300
39692507083479,11:01:32.507,30.9200,93
39726787785342,11:02:06.787,30.9000,200
39726791515523,11:02:06.791,30.8950,200
39740065035164,11:02:20.065,30.8900,300
39749349569403,11:02:29.349,30.8900,300
39760127796962,11:02:40.127,30.9000,100
39809219876637,11:03:29.219,30.9100,200
39809220282699,11:03:29.220,30.9100,400
39809220282699,11:03:29.220,30.9100,300
39809220282699,11:03:29.220,30.9100,200
39809220282699,11:03:29.220,30.9100,100
39809220282699,11:03:29.220,30.9100,100
39820144265254,11:03:40.144,30.9100,100
39820144265254,11:03:40.144,30.9100,300
39835064954098,11:03:55.064,30.9000,200
39842460952335,11:04:02.460,30.8900,200
39842464181677,11:04:02.464,30.8900,400
39842464181677,11:04:02.464,30.8900,300
39842464181677,11:04:02.464,30.8900,100
39842464181677,11:04:02.464,30.8900,200
39843602456962,11:04:03.602,30.8900,200
39873670025651,11:04:33.670,30.8900,200
39894006781269,11:04:54.006,30.9000,20
39894007476959,11:04:54.007,30.9000,150
40123214305286,11:08:43.214,30.9200,200
40190538414281,11:09:50.538,30.9000,19
40190538493140,11:09:50.538,30.9000,181
40225675082257,11:10:25.675,30.8800,10
40225675082257,11:10:25.675,30.8800,36
40225675982337,11:10:25.675,30.8800,159
40225676255337,11:10:25.676,30.8800,800
40225676836582,11:10:25.676,30.8800,5
40277021407175,11:11:17.021,30.8900,59
40383482965115,11:13:03.482,30.8900,182
40383483262445,11:13:03.483,30.8900,14
40463069467729,11:14:23.069,30.8800,300
40482625044077,11:14:42.625,30.8600,200
40486049568900,11:14:46.049,30.8600,200
40486049568900,11:14:46.049,30.8600,100
40487979827082,11:14:47.979,30.8600,300
40487979827082,11:14:47.979,30.8600,100
40518562353002,11:15:18.562,30.8600,195
40518562392297,11:15:18.562,30.8600,12
40518574029111,11:15:18.574,30.8600,93
40518574029111,11:15:18.574,30.8600,200
40531090218123,11:15:31.090,30.8600,300
40532011463980,11:15:32.011,30.8700,300
40535408705656,11:15:35.408,30.8800,200
40535581440123,11:15:35.581,30.8800,300
40546700537604,11:15:46.700,30.8700,300
40546700537604,11:15:46.700,30.8700,100
40603409055914,11:16:43.409,30.8800,300
40613092876462,11:16:53.092,30.8800,300
40618473403444,11:16:58.473,30.8900,300
40632095565073,11:17:12.095,30.8800,100
40659493276664,11:17:39.493,30.8700,300
40665619840597,11:17:45.619,30.8700,300
40665619840597,11:17:45.619,30.8700,100
40688486978194,11:18:08.486,30.8700,300
40749703750304,11:19:09.703,30.8500,250
40749703750304,11:19:09.703,30.8500,200
40749703750304,11:19:09.703,30.8500,100
40764112588029,11:19:24.112,30.8600,200
40764112588029,11:19:24.112,30.8600,250
40820563559091,11:20:20.563,30.8600,100
40820563559091,11:20:20.563,30.8600,300
40823786643316,11:20:23.786,30.8600,200
40847692158880,11:20:47.692,30.8700,28
40862063348713,11:21:02.063,30.8600,300
40876851209372,11:21:16.851,30.8600,300
40876851209372,11:21:16.851,30.8600,100
40876851445194,11:21:16.851,30.8600,300
40876851445194,11:21:16.851,30.8600,100
40876852525172,11:21:16.852,30.8600,500
40876852525172,11:21:16.852,30.8600,300
40876852882931,11:21:16.852,30.8600,100
40876852899170,11:21:16.852,30.8600,400
40876852899170,11:21:16.852,30.8600,300
40876852899170,11:21:16.852,30.8600,300
40876852899170,11:21:16.852,30.8600,200
40876852899170,11:21:16.852,30.8600,300
40876860750155,11:21:16.860,30.8600,400
40876860750155,11:21:16.860,30.8600,300
40937146656009,11:22:17.146,30.8700,300
40937146656009,11:22:17.146,30.8700,200
40970291561447,11:22:50.291,30.8700,200
41016542425602,11:23:36.542,30.8800,300
41042454533935,11:24:02.454,30.8600,300
41042454533935,11:24:02.454,30.8600,200
41042454533935,11:24:02.454,30.8600,100
41046811702922,11:24:06.811,30.8600,300
41046811702922,11:24:06.811,30.8600,100
41046811702922,11:24:06.811,30.8600,200
41057757826884,11:24:17.757,30.8500,300
41057757826884,11:24:17.757,30.8500,100
41057757826884,11:24:17.757,30.8500,3
41058702358198,11:24:18.702,30.8400,300
41058702358198,11:24:18.702,30.8400,100
41063846278209,11:24:23.846,30.8400,100
41063846278209,11:24:23.846,30.8400,300
41064231878727,11:24:24.231,30.8400,118
41064231901275,11:24:24.231,30.8400,82
41077492208079,11:24:37.492,30.8400,300
41087363029047,11:24:47.363,30.8400,300
41098407853875,11:24:58.407,30.8500,200
41098407853875,11:24:58.407,30.8500,300
41121470598827,11:25:21.470,30.8700,150
41170155105542,11:26:10.155,30.8900,300
41189099343601,11:26:29.099,30.9000,200
41189230180032,11:26:29.230,30.9000,229
41227781377920,11:27:07.781,30.8900,42
41227781608095,11:27:07.781,30.8900,258
41244256806146,11:27:24.256,30.8900,300
41256095124158,11:27:36.095,30.9000,200
41277511820236,11:27:57.511,30.9000,200
41324244217372,11:28:44.244,30.9100,300
41324244217372,11:28:44.244,30.9100,100
41343334737458,11:29:03.334,30.9200,200
41354033601223,11:29:14.033,30.9100,300
41362696323921,11:29:22.696,30.9100,200
41391673868097,11:29:51.673,30.9000,97
41403923878205,11:30:03.923,30.8900,200
41403923878205,11:30:03.923,30.8900,300
41403930140688,11:30:03.930,30.8900,200
41415247562001,11:30:15.247,30.9000,200
41415247562001,11:30:15.247,30.9000,300
41415247562001,11:30:15.247,30.9000,100
41444531645216,11:30:44.531,30.9200,300
41444531645216,11:30:44.531,30.9200,200
41454791766869,11:30:54.791,30.9100,200
41486927967060,11:31:26.927,30.9000,100
41543650259027,11:32:23.650,30.9100,300
41559699370957,11:32:39.699,30.9200,12
41578158850206,11:32:58.158,30.9200,288
41586872574746,11:33:06.872,30.9200,100
41586872574746,11:33:06.872,30.9200,300
41655456964786,11:34:15.456,30.9300,400
41698189203204,11:34:58.189,30.9000,100
41749298234940,11:35:49.298,30.9100,300
41755262885549,11:35:55.262,30.9100,300
41755262885549,11:35:55.262,30.9100,200
41755262885549,11:35:55.262,30.9100,100
41755262885549,11:35:55.262,30.9100,400
41755268268089,11:35:55.268,30.9100,100
41755269165693,11:35:55.269,30.9100,300
41755269165693,11:35:55.269,30.9100,200
41755269165693,11:35:55.269,30.9100,100
41765300643551,11:36:05.300,30.9100,300
41765300643551,11:36:05.300,30.9100,200
41773786327117,11:36:13.786,30.9200,200
41773786327117,11:36:13.786,30.9200,300
41787500601094,11:36:27.500,30.9300,300
41787500601094,11:36:27.500,30.9300,200
41871436192314,11:37:51.436,30.9400,200
41948656017050,11:39:08.656,30.9500,500
42003971992317,11:40:03.971,30.9300,200
42016584738311,11:40:16.584,30.9300,300
42019869302467,11:40:19.869,30.9200,300
42019869302467,11:40:19.869,30.9200,200
42021735942175,11:40:21.735,30.9100,300
42058035322151,11:40:58.035,30.9200,300
42089100386000,11:41:29.100,30.9200,300
42116957938312,11:41:56.957,30.9200,300
42125877245467,11:42:05.877,30.9200,300
42196125043059,11:43:16.125,30.9000,3
42211747710919,11:43:31.747,30.9100,300
42211747710919,11:43:31.747,30.9100,300
42219518898444,11:43:39.518,30.9000,300
42228064665487,11:43:48.064,30.9000,300
42250345502962,11:44:10.345,30.9000,300
42250345502962,11:44:10.345,30.9000,300
42250345502962,11:44:10.345,30.9000,100
42260875418434,11:44:20.875,30.9000,300
42270225229383,11:44:30.225,30.8900,28
42270225628727,11:44:30.225,30.8900,172
42277095301083,11:44:37.095,30.8900,300
42307769303395,11:45:07.769,30.8800,300
42316329791189,11:45:16.329,30.8800,100
42331786033986,11:45:31.786,30.8600,131
42333982821952,11:45:33.982,30.8700,200
42359768320914,11:45:59.768,30.8800,162
42378499583884,11:46:18.499,30.8700,106
42378499699536,11:46:18.499,30.8700,194
42427978030031,11:47:07.978,30.8700,300
42523457259082,11:48:43.457,30.8800,300
42523457259082,11:48:43.457,30.8800,300
42534569695566,11:48:54.569,30.8800,300
42595007022253,11:49:55.007,30.8800,300
42612925958250,11:50:12.925,30.8900,86
42612925985139,11:50:12.925,30.8900,214
42612925985139,11:50:12.925,30.8900,300
42616012254148,11:50:16.012,30.8900,300
42616012254148,11:50:16.012,30.8900,300
42616886096019,11:50:16.886,30.8900,300
42620355989356,11:50:20.355,30.8900,400
42638357383993,11:50:38.357,30.8900,300
42729239386024,11:52:09.239,30.8900,300
42729239386024,11:52:09.239,30.8900,300
42749528874124,11:52:29.528,30.8900,17
42749700182529,11:52:29.700,30.8900,283
42749700182529,11:52:29.700,30.8900,300
42766796633463,11:52:46.796,30.8800,300
42766796633463,11:52:46.796,30.8800,100
42793496142203,11:53:13.496,30.8700,134
42793496170768,11:53:13.496,30.8700,266
42794702366871,11:53:14.702,30.8700,300
42835388380205,11:53:55.388,30.8500,100
42835388380205,11:53:55.388,30.8500,100
42836468532157,11:53:56.468,30.8500,300
42842588765861,11:54:02.588,30.8600,300
42862635081886,11:54:22.635,30.8600,300
42966044819539,11:56:06.044,30.8700,300
42966044819539,11:56:06.044,30.8700,300
43022439952554,11:57:02.439,30.8700,300
43111045452107,11:58:31.045,30.8500,300
43155105493950,11:59:15.105,30.8500,300
43198669769499,11:59:58.669,30.8400,3
43204893429732,12:00:04.893,30.8300,100
43224390319907,12:00:24.390,30.8300,138
43251004231797,12:00:51.004,30.8300,300
43294432105558,12:01:34.432,30.8300,300
43301084697655,12:01:41.084,30.8300,300
43320255397270,12:02:00.255,30.8200,3900
43326101499917,12:02:06.101,30.8200,300
43326101499917,12:02:06.101,30.8200,300
43338779086876,12:02:18.779,30.8100,100
43338779086876,12:02:18.779,30.8100,45
43338779164746,12:02:18.779,30.8100,200
43338779191744,12:02:18.779,30.8100,55
43339730425779,12:02:19.730,30.8000,300
43339769791867,12:02:19.769,30.7900,100
43361551154083,12:02:41.551,30.7800,300
43378985024136,12:02:58.985,30.7800,300
43405897972493,12:03:25.897,30.7800,184
43405898491492,12:03:25.898,30.7800,116
43405898986120,12:03:25.898,30.7800,272
43405899010593,12:03:25.899,30.7800,28
43405899010593,12:03:25.899,30.7800,300
43412439510021,12:03:32.439,30.7800,300
43414158282836,12:03:34.158,30.7700,300
43414158282836,12:03:34.158,30.7700,100
43414986368575,12:03:34.986,30.7700,300
43414986368575,12:03:34.986,30.7700,300
43501274119406,12:05:01.274,30.7700,300
43555230985838,12:05:55.230,30.7800,300
43719010932604,12:08:39.010,30.8000,300
43797837904692,12:09:57.837,30.8000,300
43860183496743,12:11:00.183,30.7800,115
43860184407661,12:11:00.184,30.7800,65
43860226999525,12:11:00.226,30.7800,5820
43879772696266,12:11:19.772,30.7800,300
43905129318393,12:11:45.129,30.7800,300
43961632413537,12:12:41.632,30.7900,300
44060778071512,12:14:20.778,30.7800,100
44066241777956,12:14:26.241,30.7800,300
44095468598657,12:14:55.468,30.7700,300
44095468598657,12:14:55.468,30.7700,3
44098687006480,12:14:58.687,30.7700,16
44142439803266,12:15:42.439,30.7700,300
44162930403441,12:16:02.930,30.7700,97
44171724012401,12:16:11.724,30.7700,300
44171724012401,12:16:11.724,30.7700,300
44171724012401,12:16:11.724,30.7700,100
44171724558019,12:16:11.724,30.7700,100
44171724603947,12:16:11.724,30.7700,400
44171724603947,12:16:11.724,30.7700,300
44171724603947,12:16:11.724,30.7700,300
44171724603947,12:16:11.724,30.7700,100
44171724603947,12:16:11.724,30.7700,100
44171724603947,12:16:11.724,30.7700,300
44171728149427,12:16:11.728,30.7700,83
44171730075892,12:16:11.730,30.7700,17
44171730075892,12:16:11.730,30.7700,100
44258254922791,12:17:38.254,30.7500,100
44304487160137,12:18:24.487,30.7400,2
44310328673535,12:18:30.328,30.7400,300
44310328673535,12:18:30.328,30.7400,300
44346666503441,12:19:06.666,30.7700,300
44346666503441,12:19:06.666,30.7700,300
44369039833208,12:19:29.039,30.7600,300
44369039833208,12:19:29.039,30.7600,300
44377361482230,12:19:37.361,30.7500,300
44384267201963,12:19:44.267,30.7500,300
44394681734584,12:19:54.681,30.7600,300
44466943036308,12:21:06.943,30.7500,100
44536800214575,12:22:16.800,30.7500,300
44547754723413,12:22:27.754,30.7500,300
44547754723413,12:22:27.754,30.7500,300
44547754723413,12:22:27.754,30.7500,100
44547926267800,12:22:27.926,30.7500,300
44547926267800,12:22:27.926,30.7500,600
44547926267800,12:22:27.926,30.7500,300
44553911225217,12:22:33.911,30.7600,300
44605579140860,12:23:25.579,30.7900,300
44656514991464,12:24:16.514,30.8000,33
44656515017787,12:24:16.515,30.8000,267
44656515017787,12:24:16.515,30.8000,182
44681999575524,12:24:41.999,30.7950,3
44689063858874,12:24:49.063,30.8000,100
44689064176319,12:24:49.064,30.8000,142
44689064652717,12:24:49.064,30.8000,158
44689064652717,12:24:49.064,30.8000,164
44689064699218,12:24:49.064,30.8000,136
44700953095258,12:25:00.953,30.8100,300
44700953095258,12:25:00.953,30.8100,6
44700953122124,12:25:00.953,30.8100,128
44701030301201,12:25:01.030,30.8100,300
44706711017565,12:25:06.711,30.8000,100
44706711017565,12:25:06.711,30.8000,36
44706711017565,12:25:06.711,30.8000,300
44722781709774,12:25:22.781,30.8000,300
44722781709774,12:25:22.781,30.8000,300
44722781709774,12:25:22.781,30.8000,100
44734110794376,12:25:34.110,30.8000,300
44738168118681,12:25:38.168,30.8000,300
44767704601372,12:26:07.704,30.8000,300
44876072625556,12:27:56.072,30.8100,100
44882581183007,12:28:02.581,30.8000,300
45003172102057,12:30:03.172,30.8100,300
45003172102057,12:30:03.172,30.8100,100
45006489987718,12:30:06.489,30.8100,131
45034175908989,12:30:34.175,30.8000,300
45047913117707,12:30:47.913,30.8100,300
45048656656955,12:30:48.656,30.8100,300
45048656656955,12:30:48.656,30.8100,300
45108831792799,12:31:48.831,30.8100,300
45147661819705,12:32:27.661,30.8400,300
45147661819705,12:32:27.661,30.8400,300
45205847806311,12:33:25.847,30.8400,103
45205847843850,12:33:25.847,30.8400,94
45205847875272,12:33:25.847,30.8400,103
45215720719441,12:33:35.720,30.8500,300
45215720719441,12:33:35.720,30.8500,300
45225359316932,12:33:45.359,30.8500,300
45225359316932,12:33:45.359,30.8500,100
45324663511300,12:35:24.663,30.8600,108
45347161328422,12:35:47.161,30.8600,300
45420695590190,12:37:00.695,30.8800,300
45479030809349,12:37:59.030,30.8700,300
45480615663810,12:38:00.615,30.8700,300
45558907358808,12:39:18.907,30.8700,300
45607548868436,12:40:07.548,30.8500,300
45620521361699,12:40:20.521,30.8500,100
45620521363395,12:40:20.521,30.8500,200
45629726980532,12:40:29.726,30.8500,300
45631701763644,12:40:31.701,30.8600,300
45707459435588,12:41:47.459,30.8600,198
45708541500010,12:41:48.541,30.8600,102
45724932010975,12:42:04.932,30.8800,300
45725525978881,12:42:05.525,30.8900,300
45829969142753,12:43:49.969,30.9000,1500
45843970964697,12:44:03.970,30.9100,90
45843980461555,12:44:03.980,30.9100,100
45849402636694,12:44:09.402,30.9100,100
45907515816580,12:45:07.515,30.9000,300
45928347349257,12:45:28.347,30.8900,300
46019873621049,12:46:59.873,30.9100,143
46019873648121,12:46:59.873,30.9100,21
46019873673956,12:46:59.873,30.9100,5
46032172650608,12:47:12.172,30.9000,300
46060091066044,12:47:40.091,30.8900,300
46130414982414,12:48:50.414,30.8900,300
46130414982414,12:48:50.414,30.8900,300
46130414982414,12:48:50.414,30.8900,100
46217439449167,12:50:17.439,30.8700,300
46217439449167,12:50:17.439,30.8700,300
46227975094018,12:50:27.975,30.8700,200
46230004946190,12:50:30.004,30.8700,5
46230005143813,12:50:30.005,30.8700,300
46308439837324,12:51:48.439,30.8700,300
46308439837324,12:51:48.439,30.8700,100
46308439837324,12:51:48.439,30.8700,300
46308439837324,12:51:48.439,30.8700,200
46308440222716,12:51:48.440,30.8700,200
46308440250382,12:51:48.440,30.8700,100
46308440250382,12:51:48.440,30.8700,300
46308440250382,12:51:48.440,30.8700,300
46308440250382,12:51:48.440,30.8700,300
46331950964833,12:52:11.950,30.8700,400
46444649490263,12:54:04.649,30.8700,66
46531120438699,12:55:31.120,30.9000,300
46535019143486,12:55:35.019,30.9100,300
46555206166515,12:55:55.206,30.9100,130
46687863517356,12:58:07.863,30.9000,300
46687863517356,12:58:07.863,30.9000,300
46687863517356,12:58:07.863,30.9000,100
46689875110099,12:58:09.875,30.9000,150
46998395816119,13:03:18.395,30.9000,300
47014670484687,13:03:34.670,30.9000,100
47109049434256,13:05:09.049,30.9000,300
47109049434256,13:05:09.049,30.9000,300
47109049434256,13:05:09.049,30.9000,100
47109061491855,13:05:09.061,30.9000,100
47116624379508,13:05:16.624,30.8900,300
47116624379508,13:05:16.624,30.8900,100
47207620044635,13:06:47.620,30.8900,300
47207620044635,13:06:47.620,30.8900,200
47302771324731,13:08:22.771,30.9000,300
47302771324731,13:08:22.771,30.9000,300
47366292149830,13:09:26.292,30.8800,300
47430007930488,13:10:30.007,30.8900,300
47436326018392,13:10:36.326,30.8900,300
47461677520863,13:11:01.677,30.8900,300
47521775745690,13:12:01.775,30.8900,300
47591171848415,13:13:11.171,30.9000,300
47614464457252,13:13:34.464,30.9100,300
47691777327330,13:14:51.777,30.9200,120
47875005713112,13:17:55.005,30.9400,300
47977970005021,13:19:37.970,30.9600,100
47978106711232,13:19:38.106,30.9600,100
48102665407589,13:21:42.665,30.9800,200
48106587339233,13:21:46.587,30.9800,90
48132106987902,13:22:12.106,30.9800,210
48169486734972,13:22:49.486,30.9900,3
48291847394232,13:24:51.847,30.9900,300
48291847394232,13:24:51.847,30.9900,100
48420766488568,13:27:00.766,30.9800,300
48555155291733,13:29:15.155,30.9900,100
48616827533650,13:30:16.827,31.0000,300
48632533330802,13:30:32.533,30.9900,300
48659551581345,13:30:59.551,30.9800,300
48720035501391,13:32:00.035,30.9900,100
48821388252711,13:33:41.388,30.9900,300
48905962439815,13:35:05.962,31.0000,118
48905962510203,13:35:05.962,31.0000,100
48977084497576,13:36:17.084,31.0000,300
49013767888134,13:36:53.767,30.9900,100
49372019426309,13:42:52.019,30.9900,9
49372019455731,13:42:52.019,30.9900,15
49372035712790,13:42:52.035,30.9900,276
49388512358614,13:43:08.512,30.9900,300
49457712652999,13:44:17.712,31.0000,200
49509615881921,13:45:09.615,31.0300,300
49509850444613,13:45:09.850,31.0400,300
49512137276906,13:45:12.137,31.0400,300
49512137276906,13:45:12.137,31.0400,200
49514109932572,13:45:14.109,31.0500,500
49514109932572,13:45:14.109,31.0500,300
49519856555160,13:45:19.856,31.0500,100
49568947459553,13:46:08.947,31.0500,300
49568947459553,13:46:08.947,31.0500,200
49630887070652,13:47:10.887,31.0700,300
49665975748039,13:47:45.975,31.0900,200
49689737237323,13:48:09.737,31.1100,200
49695729198903,13:48:15.729,31.1100,200
49702218589376,13:48:22.218,31.1100,2
49713624069366,13:48:33.624,31.1200,300
49724943112343,13:48:44.943,31.1400,200
49807345511955,13:50:07.345,31.1400,100
49817879957608,13:50:17.879,31.1400,182
49898580630353,13:51:38.580,31.1100,100
49898580630353,13:51:38.580,31.1100,200
49898580630353,13:51:38.580,31.1100,300
49961807027739,13:52:41.807,31.1100,200
49997925613612,13:53:17.925,31.0900,200
49997926258253,13:53:17.926,31.0900,400
49997926258253,13:53:17.926,31.0900,100
49997926258253,13:53:17.926,31.0900,400
49997926258253,13:53:17.926,31.0900,200
49997926258253,13:53:17.926,31.0900,100
50008604416616,13:53:28.604,31.0800,100
50013225783716,13:53:33.225,31.0800,200
50013226351043,13:53:33.226,31.0800,400
50013226351043,13:53:33.226,31.0800,100
50013226351043,13:53:33.226,31.0800,200
50013226351043,13:53:33.226,31.0800,200
50013226351043,13:53:33.226,31.0800,300
50013226351043,13:53:33.226,31.0800,200
50013226351043,13:53:33.226,31.0800,200
50013226351043,13:53:33.226,31.0800,100
50013231430315,13:53:33.231,31.0800,200
50013231430315,13:53:33.231,31.0800,200
50038888244486,13:53:58.888,31.0700,300
50038888244486,13:53:58.888,31.0700,200
50055925621290,13:54:15.925,31.0700,144
50058143351734,13:54:18.143,31.0600,200
50073638387444,13:54:33.638,31.0600,300
50073638387444,13:54:33.638,31.0600,200
50073638387444,13:54:33.638,31.0600,300
50121908084328,13:55:21.908,31.0800,300
50121908084328,13:55:21.908,31.0800,1000
50129274759039,13:55:29.274,31.0900,300
50141410257922,13:55:41.410,31.0900,14
50141410791605,13:55:41.410,31.0900,86
50141410791605,13:55:41.410,31.0900,14
50141411887903,13:55:41.411,31.0900,37
50141412028489,13:55:41.412,31.0900,49
50154995270065,13:55:54.995,31.0900,800
50154999725101,13:55:54.999,31.1000,200
50155019495833,13:55:55.019,31.1000,200
50155019621737,13:55:55.019,31.1000,200
50155020138880,13:55:55.020,31.1000,100
50155020241367,13:55:55.020,31.1000,256
50155020312883,13:55:55.020,31.1000,44
50155020726361,13:55:55.020,31.1000,100
50155021115700,13:55:55.021,31.1000,100
50155021200586,13:55:55.021,31.1000,100
50160975880104,13:56:00.975,31.1000,100
50160975941809,13:56:00.975,31.1000,100
50220088879510,13:57:00.088,31.0800,200
50220088879510,13:57:00.088,31.0800,300
50253187616568,13:57:33.187,31.0700,600
50253187616568,13:57:33.187,31.0700,300
50253187616568,13:57:33.187,31.0700,200
50253187616568,13:57:33.187,31.0700,100
50255850925719,13:57:35.850,31.0700,200
50255850925719,13:57:35.850,31.0700,100
50298325491677,13:58:18.325,31.0700,100
50328080506810,13:58:48.080,31.0600,200
50338000878094,13:58:58.000,31.0900,200
50338000878094,13:58:58.000,31.0900,200
50338000878094,13:58:58.000,31.0900,67
50387307161802,13:59:47.307,31.0700,100
50401835813857,14:00:01.835,31.0600,100
50402686343589,14:00:02.686,31.0800,100
50402686343589,14:00:02.686,31.0800,300
50402686620142,14:00:02.686,31.0800,200
50402686620142,14:00:02.686,31.0800,300
50402686778943,14:00:02.686,31.0800,200
50402687928212,14:00:02.687,31.0800,100
50402689624836,14:00:02.689,31.0900,200
50402695993441,14:00:02.695,31.0900,600
50402696154423,14:00:02.696,31.0900,100
50402696154423,14:00:02.696,31.1000,28
50402696448017,14:00:02.696,31.1000,124
50402697665971,14:00:02.697,31.1000,48
50402697665971,14:00:02.697,31.1000,100
50402698011158,14:00:02.698,31.1000,100
50402698063095,14:00:02.698,31.1000,600
50402698392365,14:00:02.698,31.1000,100
50402700189839,14:00:02.700,31.0900,72
50402700208488,14:00:02.700,31.0800,100
50402701106160,14:00:02.701,31.0700,100
50402701106160,14:00:02.701,31.0600,100
50402701106160,14:00:02.701,31.0500,100
50402701106160,14:00:02.701,31.0500,100
50402701231909,14:00:02.701,31.0500,200
50402701231909,14:00:02.701,31.0500,200
50402702953863,14:00:02.702,31.0400,200
50402704344802,14:00:02.704,31.0600,200
50402704835626,14:00:02.704,31.0400,300
50402706424589,14:00:02.706,31.0300,600
50402706424589,14:00:02.706,31.0300,300
50402708961797,14:00:02.708,31.0300,28
50402710886898,14:00:02.710,31.0500,100
50402710886898,14:00:02.710,31.0600,100
50402713248700,14:00:02.713,31.0400,100
50402713583157,14:00:02.713,31.0700,100
50402713663936,14:00:02.713,31.0700,100
50402713858041,14:00:02.713,31.0700,100
50402714583525,14:00:02.714,31.0500,100
50402714644165,14:00:02.714,31.0800,100
50402714817268,14:00:02.714,31.0800,300
50402716253960,14:00:02.716,31.1000,200
50402716579863,14:00:02.716,31.1000,300
50402716964075,14:00:02.716,31.0800,200
50402716964075,14:00:02.716,31.0800,200
50402717750399,14:00:02.717,31.1100,200
50402717750399,14:00:02.717,31.1100,200
50402717798589,14:00:02.717,31.1100,200
50402718077988,14:00:02.718,31.1100,100
50402718639122,14:00:02.718,31.1100,100
50402719894406,14:00:02.719,31.0700,100
50402720136400,14:00:02.720,31.0700,100
50402723560694,14:00:02.723,31.1100,300
50402723815384,14:00:02.723,31.1100,100
50402730152628,14:00:02.730,31.0700,100
50402730300792,14:00:02.730,31.0700,100
50402731776751,14:00:02.731,31.0700,200
50402732986308,14:00:02.732,31.0800,143
50402733020599,14:00:02.733,31.0800,57
50402734737087,14:00:02.734,31.0700,100
50402737298472,14:00:02.737,31.0800,100
50402742075280,14:00:02.742,31.0700,100
50402742676082,14:00:02.742,31.0700,100
50402742676082,14:00:02.742,31.0600,200
50402752620324,14:00:02.752,31.0600,100
50402757450988,14:00:02.757,31.0500,200
50402788836248,14:00:02.788,31.0800,200
50402814058592,14:00:02.814,31.0800,100
50402814322678,14:00:02.814,31.0700,100
50402815714718,14:00:02.815,31.0600,100
50403121928762,14:00:03.121,31.0700,200
50403121928762,14:00:03.121,31.0700,100
50403122201981,14:00:03.122,31.0700,300
50403124283880,14:00:03.124,31.0700,200
50403140897609,14:00:03.140,31.0400,100
50403152584703,14:00:03.152,31.0500,100
50403199149678,14:00:03.199,31.0200,300
50403201268547,14:00:03.201,31.0200,100
50403201268547,14:00:03.201,31.0200,100
50403201268547,14:00:03.201,31.0200,100
50405718753795,14:00:05.718,31.0100,300
50405721297779,14:00:05.721,31.0200,100
50405722710443,14:00:05.722,31.0200,100
50405722959736,14:00:05.722,31.0100,100
50405722959736,14:00:05.722,31.0100,100
50405723480924,14:00:05.723,31.0100,400
50406726585695,14:00:06.726,30.9800,100
50406728141658,14:00:06.728,30.9800,200
50407690576958,14:00:07.690,30.9700,2000
50408644024491,14:00:08.644,30.9300,100
50408644073107,14:00:08.644,30.9300,100
50408644198047,14:00:08.644,30.9300,100
50408644394669,14:00:08.644,30.9300,100
50408990507039,14:00:08.990,30.9200,100
50408990992717,14:00:08.990,30.9200,300
50408995544236,14:00:08.995,30.9200,78
50408995756632,14:00:08.995,30.9200,22
50408995756632,14:00:08.995,30.9200,78
50408995985939,14:00:08.995,30.9200,22
50408998787392,14:00:08.998,30.8900,78
50409014964367,14:00:09.014,30.9200,78
50409014964367,14:00:09.014,30.9200,22
50409043867934,14:00:09.043,30.9400,200
50409463969011,14:00:09.463,30.8700,100
50409464106363,14:00:09.464,30.8700,300
50409464240641,14:00:09.464,30.8700,100
50409464295744,14:00:09.464,30.8700,100
50409963017359,14:00:09.963,30.8500,300
50409963017359,14:00:09.963,30.8500,100
50409963541589,14:00:09.963,30.8500,100
50413009223601,14:00:13.009,30.8300,100
50413012237450,14:00:13.012,30.8200,100
50413016509000,14:00:13.016,30.8100,100
50413053094189,14:00:13.053,30.7800,100
50413053459928,14:00:13.053,30.7800,100
50413054405597,14:00:13.054,30.7700,100
50413055385376,14:00:13.055,30.7700,100
50413055908544,14:00:13.055,30.7700,100
50413056305146,14:00:13.056,30.7700,100
50413602470906,14:00:13.602,30.7600,2
50413602470906,14:00:13.602,30.7600,98
50414573844017,14:00:14.573,30.7400,300
50414573954375,14:00:14.573,30.7500,100
50414574034817,14:00:14.574,30.7500,100
50414574120313,14:00:14.574,30.7500,100
50414574175594,14:00:14.574,30.7500,100
50414620556899,14:00:14.620,30.7400,100
50414620556899,14:00:14.620,30.7400,100
50414620595198,14:00:14.620,30.7400,100
50414620946614,14:00:14.620,30.7400,100
50414620946614,14:00:14.620,30.7400,100
50414621198874,14:00:14.621,30.7500,100
50414645777283,14:00:14.645,30.7400,100
50414645809749,14:00:14.645,30.7400,100
50414646025386,14:00:14.646,30.7400,100
50414646108458,14:00:14.646,30.7400,100
50414647889974,14:00:14.647,30.7500,100
50414647935027,14:00:14.647,30.7400,100
50414647987717,14:00:14.647,30.7400,100
50414664463389,14:00:14.664,30.7500,100
50414913235604,14:00:14.913,30.7600,31
50414925470322,14:00:14.925,30.7600,43
50414944700487,14:00:14.944,30.7600,26
50415564901393,14:00:15.564,30.8000,100
50415566517805,14:00:15.566,30.8000,100
50416818969237,14:00:16.818,30.8000,100
50416818969237,14:00:16.818,30.8000,300
50416819249324,14:00:16.819,30.8000,100
50416820023846,14:00:16.820,30.8000,100
50416821464583,14:00:16.821,30.8100,100
50416822317666,14:00:16.822,30.8100,100
50416822317666,14:00:16.822,30.8200,100
50416822317666,14:00:16.822,30.8200,100
50416822691260,14:00:16.822,30.8000,100
50416823258796,14:00:16.823,30.8000,500
50416828366505,14:00:16.828,30.8000,100
50416828366505,14:00:16.828,30.8000,100
50416828366505,14:00:16.828,30.8000,100
50416828448814,14:00:16.828,30.8000,300
50416828630101,14:00:16.828,30.8000,100
50416828630101,14:00:16.828,30.8000,100
50416829549437,14:00:16.829,30.8000,100
50416829751202,14:00:16.829,30.8000,100
50416858274767,14:00:16.858,30.8000,300
50416882493024,14:00:16.882,30.7900,300
50416882549313,14:00:16.882,30.7900,300
50416883317906,14:00:16.883,30.7900,300
50416883577945,14:00:16.883,30.7900,300
50416884176622,14:00:16.884,30.7800,100
50417589334559,14:00:17.589,30.8200,100
50417589712068,14:00:17.589,30.8200,300
50417589994661,14:00:17.589,30.8200,100
50417590119610,14:00:17.590,30.8200,100
50417624785857,14:00:17.624,30.8200,100
50417624785857,14:00:17.624,30.8300,100
50417662859168,14:00:17.662,30.8300,100
50417764877758,14:00:17.764,30.8200,200
50417769945180,14:00:17.769,30.8200,200
50419265294854,14:00:19.265,30.8000,100
50419265498853,14:00:19.265,30.8000,100
50419265758107,14:00:19.265,30.8000,100
50419265796749,14:00:19.265,30.8000,100
50419266004375,14:00:19.266,30.8000,100
50419266213503,14:00:19.266,30.8000,100
50419270479207,14:00:19.270,30.8000,100
50419271388556,14:00:19.271,30.8000,100
50419282549791,14:00:19.282,30.8000,200
50419531897307,14:00:19.531,30.8000,100
50419531897307,14:00:19.531,30.8000,200
50419531897307,14:00:19.531,30.8000,100
50419532179082,14:00:19.532,30.8000,100
50419745592540,14:00:19.745,30.7900,100
50419746155110,14:00:19.746,30.7900,100
50423321314644,14:00:23.321,30.8200,100
50423322194803,14:00:23.322,30.8300,100
50423323403950,14:00:23.323,30.8400,200
50423328402323,14:00:23.328,30.8500,144
50423328769056,14:00:23.328,30.8500,156
50423360276213,14:00:23.360,30.8400,100
50423858025753,14:00:23.858,30.8800,100
50423858342990,14:00:23.858,30.8800,300
50423859867336,14:00:23.859,30.8800,100
50423864968008,14:00:23.864,30.8800,100
50423865009368,14:00:23.865,30.8800,100
50423897645812,14:00:23.897,30.8700,100
50423922946424,14:00:23.922,30.8700,100
50423964630951,14:00:23.964,30.8700,100
50423964630951,14:00:23.964,30.8700,100
50427464146766,14:00:27.464,30.8400,100
50427470970473,14:00:27.470,30.8400,100
50427470970473,14:00:27.470,30.8400,100
50427471030506,14:00:27.471,30.8400,300
50427471063620,14:00:27.471,30.8400,100
50427471262899,14:00:27.471,30.8400,100
50427471468580,14:00:27.471,30.8400,100
50427471722565,14:00:27.471,30.8400,100
50427472253234,14:00:27.472,30.8400,100
50427473316894,14:00:27.473,30.8400,100
50428376525707,14:00:28.376,30.8500,100
50428376707843,14:00:28.376,30.8500,100
50428376891380,14:00:28.376,30.8500,100
50428380645160,14:00:28.380,30.8600,100
50428453275769,14:00:28.453,30.8500,100
50439655876242,14:00:39.655,30.8700,100
50439832580613,14:00:39.832,30.8700,100
50439832678365,14:00:39.832,30.8700,300
50439832778615,14:00:39.832,30.8700,100
50439832778615,14:00:39.832,30.8700,100
50439832778615,14:00:39.832,30.8700,100
50439832778615,14:00:39.832,30.8700,100
50439832849989,14:00:39.832,30.8700,100
50440307571166,14:00:40.307,30.8700,15
50440522884195,14:00:40.522,30.8700,100
50440522884195,14:00:40.522,30.8700,100
50442130740618,14:00:42.130,30.8400,200
50442131269360,14:00:42.131,30.8400,600
50442131848759,14:00:42.131,30.8400,94
50442131897249,14:00:42.131,30.8400,6
50442131966593,14:00:42.131,30.8300,200
50442133982436,14:00:42.133,30.8400,13
50442134471082,14:00:42.134,30.8400,87
50442134471082,14:00:42.134,30.8400,113
50442135001624,14:00:42.135,30.8400,87
50443619135151,14:00:43.619,30.8500,100
50443619135151,14:00:43.619,30.8500,100
50444863128941,14:00:44.863,30.8600,100
50444863202675,14:00:44.863,30.8600,100
50446507755280,14:00:46.507,30.9000,100
50446509439478,14:00:46.509,30.9100,100
50446510598274,14:00:46.510,30.9200,200
50446538762250,14:00:46.538,30.9200,100
50446539403037,14:00:46.539,30.9200,100
50446543908149,14:00:46.543,30.9200,132
50448605501487,14:00:48.605,30.9400,100
50451046602216,14:00:51.046,30.8800,200
50451046602216,14:00:51.046,30.8800,100
50451047880515,14:00:51.047,30.8700,100
50451048338216,14:00:51.048,30.8700,100
50451052730878,14:00:51.052,30.8600,100
50451055318139,14:00:51.055,30.8600,100
50457627909291,14:00:57.627,30.8500,100
50457627909291,14:00:57.627,30.8500,200
50466703358088,14:01:06.703,30.8100,400
50466704035861,14:01:06.704,30.8100,100
50466704376803,14:01:06.704,30.8200,100
50466704414288,14:01:06.704,30.8300,100
50466704550072,14:01:06.704,30.8400,78
50466704613081,14:01:06.704,30.8400,100
50466705817414,14:01:06.705,30.8200,100
50466705981994,14:01:06.705,30.8200,100
50466706879905,14:01:06.706,30.8300,100
50466707201559,14:01:06.707,30.8400,22
50466707632828,14:01:06.707,30.8300,100
50466708687353,14:01:06.708,30.8300,200
50466709727295,14:01:06.709,30.8300,78
50466710506592,14:01:06.710,30.8300,100
50466714756229,14:01:06.714,30.8300,22
50466714756229,14:01:06.714,30.8300,100
50466717874678,14:01:06.717,30.8400,100
50466717951438,14:01:06.717,30.8400,100
50466718189215,14:01:06.718,30.8400,100
50466719177057,14:01:06.719,30.8400,100
50466719454565,14:01:06.719,30.8400,100
50466719553379,14:01:06.719,30.8400,115
50466719622068,14:01:06.719,30.8400,85
50466723187013,14:01:06.723,30.8500,100
50466828167364,14:01:06.828,30.8500,150
50466828209673,14:01:06.828,30.8500,50
50471389897019,14:01:11.389,30.9100,100
50471393856320,14:01:11.393,30.9200,100
50471406516153,14:01:11.406,30.9200,100
50471406516153,14:01:11.406,30.9200,100
50471954082194,14:01:11.954,30.8900,200
50471954082194,14:01:11.954,30.8900,100
50471955795534,14:01:11.955,30.8800,200
50471958738709,14:01:11.958,30.8700,26
50471959815002,14:01:11.959,30.8700,174
50471971501560,14:01:11.971,30.8400,100
50471971932792,14:01:11.971,30.8400,100
50471972237152,14:01:11.972,30.8400,100
50471972377071,14:01:11.972,30.8400,100
50471973663245,14:01:11.973,30.8500,100
50471981835837,14:01:11.981,30.8500,100
50472211749252,14:01:12.211,30.8500,100
50499375073052,14:01:39.375,30.8600,1500
50503770874397,14:01:43.770,30.8600,100
50503771132454,14:01:43.771,30.8600,135
50503771300678,14:01:43.771,30.8600,100
50506908883940,14:01:46.908,30.8500,100
50506910314979,14:01:46.910,30.8500,100
50510961432049,14:01:50.961,30.8600,200
50510961432049,14:01:50.961,30.8600,100
50514478631126,14:01:54.478,30.8800,100
50518920907341,14:01:58.920,30.8800,100
50535838515604,14:02:15.838,30.9100,100
50537826318209,14:02:17.826,30.9400,100
50537826318209,14:02:17.826,30.9400,200
50537827168425,14:02:17.827,30.9500,200
50537827421498,14:02:17.827,30.9400,100
50537839315935,14:02:17.839,30.9600,100
50537840346825,14:02:17.840,30.9600,100
50537843551209,14:02:17.843,30.9600,269
50538935627830,14:02:18.935,30.9300,200
50538936349284,14:02:18.936,30.9300,100
50538937051787,14:02:18.937,30.9300,100
50538937051787,14:02:18.937,30.9300,100
50538937051787,14:02:18.937,30.9300,100
50539033274649,14:02:19.033,30.9200,100
50540297398077,14:02:20.297,30.9100,100
50576396714261,14:02:56.396,30.8900,100
50576397552252,14:02:56.397,30.8800,100
50603770431832,14:03:23.770,30.8200,400
50608820393297,14:03:28.820,30.8100,100
50608820393297,14:03:28.820,30.8100,100
50609555389855,14:03:29.555,30.8000,100
50613166746736,14:03:33.166,30.8000,15
50613166816672,14:03:33.166,30.8000,28
50613166886584,14:03:33.166,30.8000,299
50613166902821,14:03:33.166,30.8000,230
50613167022566,14:03:33.167,30.8000,1185
50613167031574,14:03:33.167,30.8000,171
50613167048261,14:03:33.167,30.8000,100
50613167090933,14:03:33.167,30.8000,150
50613167104346,14:03:33.167,30.8000,142
50613167121073,14:03:33.167,30.8000,100
50613167303801,14:03:33.167,30.8000,200
50613167318828,14:03:33.167,30.8000,150
50613167365546,14:03:33.167,30.8000,100
50613167503847,14:03:33.167,30.8000,130
50613168865977,14:03:33.168,30.7900,100
50613282333803,14:03:33.282,30.7900,100
50615353229645,14:03:35.353,30.7800,100
50615353350358,14:03:35.353,30.7800,100
50643125847315,14:04:03.125,30.7700,100
50643135079300,14:04:03.135,30.7800,200
50643135079300,14:04:03.135,30.7800,100
50643152942967,14:04:03.152,30.7800,100
50643152942967,14:04:03.152,30.7800,108
50643170647725,14:04:03.170,30.7800,100
50643188370053,14:04:03.188,30.7800,100
50643188370053,14:04:03.188,30.7800,46
50643204409351,14:04:03.204,30.7800,100
50643206215883,14:04:03.206,30.7800,100
50643206215883,14:04:03.206,30.7800,100
50643206215883,14:04:03.206,30.7800,100
50643239766021,14:04:03.239,30.7800,200
50643241660581,14:04:03.241,30.7800,200
50643241660581,14:04:03.241,30.7800,100
50643241660581,14:04:03.241,30.7800,100
50643259540181,14:04:03.259,30.7800,100
50643277341438,14:04:03.277,30.7800,100
50662998251101,14:04:22.998,30.7300,15
50665906377277,14:04:25.906,30.7200,100
50666129310223,14:04:26.129,30.7200,100
50678072824934,14:04:38.072,30.7300,300
50686053723328,14:04:46.053,30.7200,20
50691365257793,14:04:51.365,30.7000,100
50691365257793,14:04:51.365,30.7000,200
50691544684086,14:04:51.544,30.7000,100
50691565718193,14:04:51.565,30.7000,100
50691621252208,14:04:51.621,30.7000,100
50697211762327,14:04:57.211,30.7100,100
50698942678570,14:04:58.942,30.7100,200
50711784109080,14:05:11.784,30.6700,100
50712409034370,14:05:12.409,30.6700,100
50724670019584,14:05:24.670,30.7000,100
50735292946744,14:05:35.292,30.7200,100
50735293012057,14:05:35.293,30.7200,100
50759236309454,14:05:59.236,30.7400,100
50761446769729,14:06:01.446,30.7300,793
50761446934055,14:06:01.446,30.7300,207
50802790823406,14:06:42.790,30.7400,100
50802790823406,14:06:42.790,30.7400,100
50802791153274,14:06:42.791,30.7400,200
50816238668097,14:06:56.238,30.7400,100
50826210080139,14:07:06.210,30.7200,100
50839315429691,14:07:19.315,30.7400,100
50840482911492,14:07:20.482,30.7400,100
50878893451235,14:07:58.893,30.7900,1800
50918405762231,14:08:38.405,30.7500,200
50928067936150,14:08:48.067,30.7500,143
50928068576925,14:08:48.068,30.7500,70
50928070149209,14:08:48.070,30.7500,57
50963647208247,14:09:23.647,30.7300,100
50996637740192,14:09:56.637,30.7600,200
50996638036681,14:09:56.638,30.7600,200
50996647711057,14:09:56.647,30.7600,100
50996647711057,14:09:56.647,30.7600,100
50996647711057,14:09:56.647,30.7700,200
51007043231587,14:10:07.043,30.7600,100
51018713617471,14:10:18.713,30.7600,200
51029237074785,14:10:29.237,30.7700,200
51040646658098,14:10:40.646,30.7600,200
51059266694559,14:10:59.266,30.7500,300
51059266694559,14:10:59.266,30.7500,200
51059266694559,14:10:59.266,30.7500,100
51065318107668,14:11:05.318,30.7100,100
51080711369891,14:11:20.711,30.7200,300
51080711369891,14:11:20.711,30.7200,200
51080711369891,14:11:20.711,30.7200,100
51080711369891,14:11:20.711,30.7200,200
51080722979491,14:11:20.722,30.7100,100
51089121357975,14:11:29.121,30.6900,100
51109381547571,14:11:49.381,30.6900,200
51140077788970,14:12:20.077,30.6900,54
51181569924604,14:13:01.569,30.6600,100
51212717375183,14:13:32.717,30.6800,91
51212717409237,14:13:32.717,30.6800,9
51214293209328,14:13:34.293,30.6700,100
51215907770412,14:13:35.907,30.6600,100
51251397724009,14:14:11.397,30.6500,116
51251397743903,14:14:11.397,30.6500,84
51284126088621,14:14:44.126,30.6300,100
51294908250919,14:14:54.908,30.6300,100
51294908250919,14:14:54.908,30.6300,100
51300159511561,14:15:00.159,30.6300,100
51300162374780,14:15:00.162,30.6400,100
51300162374780,14:15:00.162,30.6400,200
51300178138607,14:15:00.178,30.6600,100
51300178138607,14:15:00.178,30.6600,200
51300178138607,14:15:00.178,30.6600,75
51300178903450,14:15:00.178,30.6600,189
51300179091968,14:15:00.179,30.6600,236
51300182695384,14:15:00.182,30.6500,300
51300182695384,14:15:00.182,30.6500,300
51300182695384,14:15:00.182,30.6500,300
51300182695384,14:15:00.182,30.6400,200
51300182695384,14:15:00.182,30.6400,200
51300201461030,14:15:00.201,30.6700,100
51300201461030,14:15:00.201,30.6700,500
51300214466441,14:15:00.214,30.6800,100
51300214466441,14:15:00.214,30.6800,100
51300214466441,14:15:00.214,30.6800,500
51300235870366,14:15:00.235,30.6900,200
51300235870366,14:15:00.235,30.6900,100
51300235870366,14:15:00.235,30.6900,500
51300235870366,14:15:00.235,30.6900,100
51300239652969,14:15:00.239,30.6900,200
51302856454724,14:15:02.856,30.6700,300
51302856454724,14:15:02.856,30.6700,100
51302856568813,14:15:02.856,30.6700,300
51306577459000,14:15:06.577,30.6600,100
51306577459000,14:15:06.577,30.6600,100
51306580099957,14:15:06.580,30.6600,200
51306580099957,14:15:06.580,30.6600,100
51307010257020,14:15:07.010,30.6700,100
51308591234609,14:15:08.591,30.6700,100
51308592641828,14:15:08.592,30.6600,100
51308599929952,14:15:08.599,30.6500,100
51308603463097,14:15:08.603,30.6500,100
51308603463097,14:15:08.603,30.6500,568
51308603463097,14:15:08.603,30.6500,300
51308604866774,14:15:08.604,30.6500,100
51309552768940,14:15:09.552,30.6500,100
51400189423950,14:16:40.189,30.6700,100
51400192526744,14:16:40.192,30.6600,100
51400203511882,14:16:40.203,30.6500,100
51404723544838,14:16:44.723,30.6500,7
51404723573160,14:16:44.723,30.6500,93
51405815707739,14:16:45.815,30.6600,100
51405823413215,14:16:45.823,30.6600,100
51410478805713,14:16:50.478,30.6500,100
51410478805713,14:16:50.478,30.6500,100
51427005049551,14:17:07.005,30.6500,300
51427016411237,14:17:07.016,30.6500,100
51427459987012,14:17:07.459,30.6500,100
51427459987012,14:17:07.459,30.6500,100
51427855045475,14:17:07.855,30.6400,200
51429652990752,14:17:09.652,30.6300,200
51429689170195,14:17:09.689,30.6200,15
51429689170195,14:17:09.689,30.6200,85
51429944723806,14:17:09.944,30.6200,100
51429944743568,14:17:09.944,30.6200,97
51429944744212,14:17:09.944,30.6200,100
51429944788765,14:17:09.944,30.6200,3
51429944913085,14:17:09.944,30.6200,100
51433359113254,14:17:13.359,30.6400,100
51434223100135,14:17:14.223,30.6500,100
51474355294675,14:17:54.355,30.6800,300
51474355294675,14:17:54.355,30.6800,100
51474357445631,14:17:54.357,30.6900,100
51474357445631,14:17:54.357,30.6900,42
51474357958937,14:17:54.357,30.6900,61
51474357982352,14:17:54.357,30.6900,54
51491008470778,14:18:11.008,30.6600,100
51499305973577,14:18:19.305,30.6600,100
51549403246228,14:19:09.403,30.6600,100
51573475806507,14:19:33.475,30.6500,100
51583910867681,14:19:43.910,30.6400,100
51583910867681,14:19:43.910,30.6400,300
51583910867681,14:19:43.910,30.6400,100
51594332075050,14:19:54.332,30.6500,300
51594332075050,14:19:54.332,30.6500,100
51594332075050,14:19:54.332,30.6500,100
51596423611023,14:19:56.423,30.6500,100
51598918408476,14:19:58.918,30.6500,100
51598918408476,14:19:58.918,30.6500,100
51618333995559,14:20:18.333,30.6400,7
51618334150848,14:20:18.334,30.6400,93
51618334150848,14:20:18.334,30.6400,7
51618335262017,14:20:18.335,30.6400,200
51624442442035,14:20:24.442,30.6600,300
51624442442035,14:20:24.442,30.6600,100
51624442442035,14:20:24.442,30.6600,200
51634584363235,14:20:34.584,30.6600,43
51634584388159,14:20:34.584,30.6600,57
51635664438179,14:20:35.664,30.6700,100
51635664438179,14:20:35.664,30.6700,200
51640675420174,14:20:40.675,30.6700,300
51640675420174,14:20:40.675,30.6700,100
51653984834258,14:20:53.984,30.6500,100
51653994503606,14:20:53.994,30.6400,300
51654263159904,14:20:54.263,30.6300,100
51658594942018,14:20:58.594,30.6200,200
51661236326582,14:21:01.236,30.6100,300
51661236326582,14:21:01.236,30.6100,100
51661236326582,14:21:01.236,30.6100,100
51661240983023,14:21:01.240,30.6100,100
51661252929303,14:21:01.252,30.6000,1
51661252929303,14:21:01.252,30.6000,100
51661252929303,14:21:01.252,30.6000,300
51661252929303,14:21:01.252,30.6000,100
51661255884724,14:21:01.255,30.6000,300
51661255884724,14:21:01.255,30.6000,100
51661280038346,14:21:01.280,30.6000,75
51661280082412,14:21:01.280,30.6000,25
51661280082412,14:21:01.280,30.6000,175
51661280119218,14:21:01.280,30.6000,25
51715254380480,14:21:55.254,30.5400,150
51737017586653,14:22:17.017,30.5300,100
51737017586653,14:22:17.017,30.5300,100
51737025034688,14:22:17.025,30.5300,200
51737025034688,14:22:17.025,30.5300,30
51759075504846,14:22:39.075,30.5400,100
51759075504846,14:22:39.075,30.5400,100
51759075504846,14:22:39.075,30.5400,200
51759076527939,14:22:39.076,30.5400,100
51759085187302,14:22:39.085,30.5300,100
51759092336361,14:22:39.092,30.5300,100
51759092336361,14:22:39.092,30.5300,100
51759238390067,14:22:39.238,30.5200,100
51780958280023,14:23:00.958,30.5400,100
51783731596556,14:23:03.731,30.5400,100
51792724687923,14:23:12.724,30.5400,32
51792724713790,14:23:12.724,30.5400,68
51792724713790,14:23:12.724,30.5400,100
51799318332446,14:23:19.318,30.5400,8
51803798400932,14:23:23.798,30.5200,100
51803798400932,14:23:23.798,30.5200,100
51804038000050,14:23:24.038,30.5100,35
51804038028500,14:23:24.038,30.5100,65
51806969164458,14:23:26.969,30.5200,100
51806969164458,14:23:26.969,30.5200,100
51806978338435,14:23:26.978,30.5300,100
51848877152131,14:24:08.877,30.5300,100
51848877177840,14:24:08.877,30.5300,200
51960965494531,14:26:00.965,30.5600,100
52000066723862,14:26:40.066,30.5800,100
52042423131866,14:27:22.423,30.6100,100
52042423131866,14:27:22.423,30.6100,16
52042423158991,14:27:22.423,30.6100,384
52053634865640,14:27:33.634,30.6200,100
52083557029861,14:28:03.557,30.6300,100
52128108840690,14:28:48.108,30.6300,100
52202243801676,14:30:02.243,30.6400,100
52204777485674,14:30:04.777,30.6700,100
52206976310813,14:30:06.976,30.6600,26
52206976893987,14:30:06.976,30.6600,74
52212035258459,14:30:12.035,30.6500,58
52212035346238,14:30:12.035,30.6500,42
52306809798518,14:31:46.809,30.6600,100
52335754628866,14:32:15.754,30.6800,100
52405540806268,14:33:25.540,30.6900,100
52408431766884,14:33:28.431,30.6800,50
52430589325156,14:33:50.589,30.6600,100
52442643408671,14:34:02.643,30.6500,100
52463418098465,14:34:23.418,30.6400,160
52463419410922,14:34:23.419,30.6400,270
52463419694325,14:34:23.419,30.6400,390
52463420883325,14:34:23.420,30.6400,501
52463420912007,14:34:23.420,30.6400,179
52496844929490,14:34:56.844,30.6200,86
52499202088789,14:34:59.202,30.6200,100
52499202322544,14:34:59.202,30.6200,645
52499202362992,14:34:59.202,30.6200,40
52499202366819,14:34:59.202,30.6200,214
52579317991256,14:36:19.317,30.6800,300
52579325888704,14:36:19.325,30.6900,100
52579325888704,14:36:19.325,30.6900,117
52579326751247,14:36:19.326,30.6900,67
52579326835550,14:36:19.326,30.6900,140
52585855007831,14:36:25.855,30.7000,27
52589442569294,14:36:29.442,30.6900,100
52611016123360,14:36:51.016,30.6800,100
52627346173816,14:37:07.346,30.6900,100
52631472530840,14:37:11.472,30.7100,100
52733816287629,14:38:53.816,30.6200,100
52734157098312,14:38:54.157,30.6200,100
52734157098312,14:38:54.157,30.6200,100
52750068391771,14:39:10.068,30.6300,100
52765447976508,14:39:25.447,30.6700,100
52869415431982,14:41:09.415,30.6700,100
52939052263581,14:42:19.052,30.6500,3
52992239736703,14:43:12.239,30.6900,100
53189261355217,14:46:29.261,30.5900,280
53189262044478,14:46:29.262,30.5900,150
53189262179654,14:46:29.262,30.5900,60
53189263349770,14:46:29.263,30.5900,210
53199656964971,14:46:39.656,30.5900,100
53199656964971,14:46:39.656,30.5900,100
53335830402782,14:48:55.830,30.5500,19
53335830446385,14:48:55.830,30.5500,100
53335982546148,14:48:55.982,30.5500,81
53404204349417,14:50:04.204,30.5600,100
53409541685576,14:50:09.541,30.5700,200
53409541685576,14:50:09.541,30.5700,100
53470329354422,14:51:10.329,30.6000,100
53470329354422,14:51:10.329,30.6000,200
53470334447088,14:51:10.334,30.6000,600
53470334447088,14:51:10.334,30.6000,100
53470334447088,14:51:10.334,30.6000,100
53470334447088,14:51:10.334,30.6000,100
53509456757778,14:51:49.456,30.5900,200
53511103120049,14:51:51.103,30.5800,200
53536183442173,14:52:16.183,30.5400,143
53536183820221,14:52:16.183,30.5400,150
53536189044376,14:52:16.189,30.5400,207
53536189044376,14:52:16.189,30.5400,292
53536189148403,14:52:16.189,30.5400,58
53538885481960,14:52:18.885,30.5300,100
53538885481960,14:52:18.885,30.5300,200
53538885481960,14:52:18.885,30.5300,2
53538888048147,14:52:18.888,30.5300,268
53541999543885,14:52:21.999,30.5200,15
53542000247845,14:52:22.000,30.5100,15
53542007999604,14:52:22.007,30.5100,85
53542007999604,14:52:22.007,30.5100,100
53542019386003,14:52:22.019,30.5000,3
53542019386003,14:52:22.019,30.5000,360
53542019386003,14:52:22.019,30.5000,100
53542020091852,14:52:22.020,30.5000,100
53542139150479,14:52:22.139,30.5000,400
53555959049962,14:52:35.959,30.4900,100
53555959118859,14:52:35.959,30.4900,100
53561076939497,14:52:41.076,30.4800,195
53587619589498,14:53:07.619,30.4500,100
53587619732379,14:53:07.619,30.4500,100
53587623060020,14:53:07.623,30.4500,161
53587623109651,14:53:07.623,30.4500,100
53587623304278,14:53:07.623,30.4500,237
53587623335549,14:53:07.623,30.4500,102
53599840279853,14:53:19.840,30.4400,100
53600024758654,14:53:20.024,30.4400,100
53603049333868,14:53:23.049,30.4500,300
53607907178425,14:53:27.907,30.4500,77
53607907249091,14:53:27.907,30.4500,23
53612040638999,14:53:32.040,30.4500,97
53612040665005,14:53:32.040,30.4500,3
53616839887034,14:53:36.839,30.4500,100
53622930351519,14:53:42.930,30.4400,200
53622930351519,14:53:42.930,30.4400,100
53622967294705,14:53:42.967,30.4400,100
53622967294705,14:53:42.967,30.4400,200
53639836076688,14:53:59.836,30.4300,100
53647386916247,14:54:07.386,30.4300,200
53689253664902,14:54:49.253,30.4200,100
53689253664902,14:54:49.253,30.4200,200
53689271330938,14:54:49.271,30.4200,100
53689271330938,14:54:49.271,30.4200,200
53728304007062,14:55:28.304,30.4200,200
53789698959695,14:56:29.698,30.4400,100
53789699107894,14:56:29.699,30.4400,100
53789702479106,14:56:29.702,30.4300,200
53789702479106,14:56:29.702,30.4300,300
53799298251331,14:56:39.298,30.4100,100
53799298251331,14:56:39.298,30.4100,20
53799298794147,14:56:39.298,30.4100,80
53800938031120,14:56:40.938,30.4000,74
53800938336139,14:56:40.938,30.4000,26
53800938336139,14:56:40.938,30.4000,184
53800938510993,14:56:40.938,30.4000,66
53802047630239,14:56:42.047,30.3900,100
53804124559081,14:56:44.124,30.4000,100
53804578075674,14:56:44.578,30.4000,300
53804578075674,14:56:44.578,30.4000,100
53804578075674,14:56:44.578,30.4000,200
53804579042596,14:56:44.579,30.4000,300
53804579993545,14:56:44.579,30.4000,100
53804579993545,14:56:44.579,30.4000,200
53804586629836,14:56:44.586,30.3900,200
53804586629836,14:56:44.586,30.3900,200
53804589231864,14:56:44.589,30.3900,100
53804589231864,14:56:44.589,30.3900,100
53804589236513,14:56:44.589,30.3900,100
53804589236513,14:56:44.589,30.3900,48
53804589758419,14:56:44.589,30.3900,152
53809590304621,14:56:49.590,30.4000,200
53816115383857,14:56:56.115,30.4000,200
53863641868571,14:57:43.641,30.4100,100
53882456333700,14:58:02.456,30.4000,100
53892200332931,14:58:12.200,30.4000,100
53932026794511,14:58:52.026,30.3900,1
53962636228280,14:59:22.636,30.3800,100
54053902993497,15:00:53.902,30.3900,100
54200795645016,15:03:20.795,30.4500,100
54232128871373,15:03:52.128,30.4700,200
54257186770762,15:04:17.186,30.4900,100
54261584578305,15:04:21.584,30.4800,300
54306458078862,15:05:06.458,30.5000,334
54306458272036,15:05:06.458,30.5000,367
54320341861502,15:05:20.341,30.5000,100
54333287274799,15:05:33.287,30.5100,300
54333297676951,15:05:33.297,30.5200,15
54333297676951,15:05:33.297,30.5200,200
54348991407602,15:05:48.991,30.5300,97
54348993784455,15:05:48.993,30.5300,150
54348993826661,15:05:48.993,30.5300,100
54352645753088,15:05:52.645,30.5300,1653
54369128612649,15:06:09.128,30.5400,100
54404737066208,15:06:44.737,30.5100,200
54404737104849,15:06:44.737,30.5100,100
54404737450266,15:06:44.737,30.5100,115
54404737683148,15:06:44.737,30.5100,85
54404738503551,15:06:44.738,30.5100,20
54404738503551,15:06:44.738,30.5100,80
54424289754354,15:07:04.289,30.5300,100
54424290056173,15:07:04.290,30.5300,100
54424290081944,15:07:04.290,30.5300,100
54424290430472,15:07:04.290,30.5300,100
54449853220900,15:07:29.853,30.5300,100
54449853323202,15:07:29.853,30.5300,100
54449853361251,15:07:29.853,30.5300,100
54449853380673,15:07:29.853,30.5300,100
54450048787300,15:07:30.048,30.5400,100
54473865285988,15:07:53.865,30.5400,100
54499807307568,15:08:19.807,30.5300,100
54530132383198,15:08:50.132,30.5400,100
54530132383198,15:08:50.132,30.5400,100
54545651465137,15:09:05.651,30.5500,3000
54591051126894,15:09:51.051,30.5700,249
54648684613622,15:10:48.684,30.6300,100
54699789822985,15:11:39.789,30.6500,100
54727107837777,15:12:07.107,30.6400,100
54811545145479,15:13:31.545,30.6000,200
54811553569591,15:13:31.553,30.5900,200
54821664453838,15:13:41.664,30.6000,100
54829285451313,15:13:49.285,30.6000,100
54850637588801,15:14:10.637,30.6100,100
54992540316118,15:16:32.540,30.5900,300
54999112846506,15:16:39.112,30.6000,100
55015102959354,15:16:55.102,30.5900,100
55052010630655,15:17:32.010,30.6100,300
55058396363460,15:17:38.396,30.6200,300
55270138117368,15:21:10.138,30.5700,300
55270138117368,15:21:10.138,30.5700,100
55270141913331,15:21:10.141,30.5700,100
55270142098914,15:21:10.142,30.5700,100
55270142238870,15:21:10.142,30.5700,300
55270142238870,15:21:10.142,30.5700,166
55270142869595,15:21:10.142,30.5700,134
55270142869595,15:21:10.142,30.5700,66
55279483081432,15:21:19.483,30.5800,100
55303703326980,15:21:43.703,30.6100,300
55382250107221,15:23:02.250,30.6200,300
55382250107221,15:23:02.250,30.6200,200
55382250107221,15:23:02.250,30.6200,100
55382264927268,15:23:02.264,30.6300,74
55382266396899,15:23:02.266,30.6300,126
55382266396899,15:23:02.266,30.6300,15
55447326531904,15:24:07.326,30.6600,5
55458234366470,15:24:18.234,30.6400,200
55517713391663,15:25:17.713,30.6500,108
55528264472081,15:25:28.264,30.6600,155
55528264472081,15:25:28.264,30.6600,1000
55657358653603,15:27:37.358,30.6400,200
55657358653603,15:27:37.358,30.6400,100
55660306043625,15:27:40.306,30.6400,100
55660306076764,15:27:40.306,30.6400,100
55660306092380,15:27:40.306,30.6400,100
55673116650767,15:27:53.116,30.6300,200
55673125839055,15:27:53.125,30.6200,200
55673125839055,15:27:53.125,30.6200,100
55673126525400,15:27:53.126,30.6200,300
55674302617049,15:27:54.302,30.6200,300
55676960667195,15:27:56.960,30.6100,300
55676960667195,15:27:56.960,30.6100,100
55679754323189,15:27:59.754,30.6100,300
55741925121514,15:29:01.925,30.6000,300
55752184626822,15:29:12.184,30.6100,100
55762594268379,15:29:22.594,30.6300,300
55768711313248,15:29:28.711,30.6300,100
55796552842825,15:29:56.552,30.6400,300
55800682710849,15:30:00.682,30.6500,300
55803498725643,15:30:03.498,30.6600,300
55811171159165,15:30:11.171,30.6700,400
55833014423273,15:30:33.014,30.6600,300
55875884696541,15:31:15.884,30.6300,100
55886358540493,15:31:26.358,30.6300,100
55974921862903,15:32:54.921,30.6500,100
55974921862903,15:32:54.921,30.6500,200
56046085175570,15:34:06.085,30.6900,300
56099567087676,15:34:59.567,30.7100,100
56099567087676,15:34:59.567,30.7100,300
56099567087676,15:34:59.567,30.7100,200
56102103071593,15:35:02.103,30.7000,3
56119327196076,15:35:19.327,30.6900,100
56125114602296,15:35:25.114,30.6800,300
56132467372286,15:35:32.467,30.6700,300
56133608288112,15:35:33.608,30.6600,300
56135812271057,15:35:35.812,30.6500,300
56149307715073,15:35:49.307,30.6500,100
56149508960191,15:35:49.508,30.6500,100
56196154033101,15:36:36.154,30.6800,500
56315997308436,15:38:35.997,30.6700,100
56315997308436,15:38:35.997,30.6700,300
56315997308436,15:38:35.997,30.6700,100
56323480600985,15:38:43.480,30.6600,100
56323480600985,15:38:43.480,30.6600,300
56398174025308,15:39:58.174,30.6800,51
56398174092322,15:39:58.174,30.6800,249
56399316817302,15:39:59.316,30.6800,100
56463179729545,15:41:03.179,30.7000,295
56480461117145,15:41:20.461,30.7000,300
56480469339110,15:41:20.469,30.7100,200
56480491065345,15:41:20.491,30.7200,100
56480491065345,15:41:20.491,30.7200,152
56483405755572,15:41:23.405,30.7200,148
56483405755572,15:41:23.405,30.7200,100
56486723137520,15:41:26.723,30.7200,200
56493674113809,15:41:33.674,30.7200,100
56498823099124,15:41:38.823,30.7300,300
56498823099124,15:41:38.823,30.7300,100
56498823099124,15:41:38.823,30.7300,2400
56503908618461,15:41:43.908,30.7400,300
56507355433168,15:41:47.355,30.7300,100
56519332978000,15:41:59.332,30.7200,300
56561501706069,15:42:41.501,30.7100,300
56566040763090,15:42:46.040,30.7100,300
56581802832424,15:43:01.802,30.6900,300
56583885877784,15:43:03.885,30.6900,300
56590121759086,15:43:10.121,30.6900,18
56590121829893,15:43:10.121,30.6900,200
56613022135570,15:43:33.022,30.6900,100
56625155022343,15:43:45.155,30.6800,100
56627361023522,15:43:47.361,30.6800,200
56645019339547,15:44:05.019,30.6800,100
56652566606857,15:44:12.566,30.6900,300
56652566606857,15:44:12.566,30.6900,100
56671443389027,15:44:31.443,30.6900,100
56701709257156,15:45:01.709,30.6900,100
56701710903011,15:45:01.710,30.6900,600
56702211629234,15:45:02.211,30.6800,200
56702211629234,15:45:02.211,30.6800,100
56702290048763,15:45:02.290,30.6700,101
56705570091497,15:45:05.570,30.6700,300
56705570091497,15:45:05.570,30.6700,100
56736153715398,15:45:36.153,30.6400,300
56737393147156,15:45:37.393,30.6300,100
56758774497345,15:45:58.774,30.6100,31
56764953596030,15:46:04.953,30.6200,64
56767711982205,15:46:07.711,30.6200,235
56767712066191,15:46:07.712,30.6200,65
56786282173672,15:46:26.282,30.6300,200
56786282199083,15:46:26.282,30.6300,100
56834026835265,15:47:14.026,30.6200,100
56855210792884,15:47:35.210,30.6300,7
56877273749692,15:47:57.273,30.6200,32
56915358258892,15:48:35.358,30.6400,100
57027649340618,15:50:27.649,30.6300,300
57063530257345,15:51:03.530,30.6400,300
57066887882382,15:51:06.887,30.6500,136
57068297559534,15:51:08.297,30.6500,100
57068298796613,15:51:08.298,30.6500,200
57068298796613,15:51:08.298,30.6500,100
57076009435806,15:51:16.009,30.6400,400
57076009460504,15:51:16.009,30.6400,100
57076009855305,15:51:16.009,30.6400,66
57076010003846,15:51:16.010,30.6400,150
57126054304669,15:52:06.054,30.6700,300
57126055662552,15:52:06.055,30.6700,131
57145068619257,15:52:25.068,30.6900,300
57225858666656,15:53:45.858,30.7300,100
57225858894020,15:53:45.858,30.7300,200
57235613584534,15:53:55.613,30.7200,200
57270717334329,15:54:30.717,30.6900,200
57273838334054,15:54:33.838,30.6900,100
57300036233130,15:55:00.036,30.7000,200
57300126574095,15:55:00.126,30.6800,300
57300933883457,15:55:00.933,30.6800,400
57300933883457,15:55:00.933,30.6800,100
57300933883457,15:55:00.933,30.6800,300
57300937362496,15:55:00.937,30.6800,1032
57300940936392,15:55:00.940,30.6700,200
57300940936392,15:55:00.940,30.6700,300
57300941782767,15:55:00.941,30.6700,100
57300943342263,15:55:00.943,30.6700,200
57300943342263,15:55:00.943,30.6700,200
57303707002844,15:55:03.707,30.6700,100
57310117779456,15:55:10.117,30.6600,100
57310117779456,15:55:10.117,30.6600,300
57310117779456,15:55:10.117,30.6600,2600
57344011941571,15:55:44.011,30.6300,128
57345009641550,15:55:45.009,30.6200,100
57361261776619,15:56:01.261,30.6200,214
57368769913774,15:56:08.769,30.6200,200
57371386742974,15:56:11.386,30.6100,100
57371386742974,15:56:11.386,30.6100,200
57397382376022,15:56:37.382,30.6100,53
57408387244172,15:56:48.387,30.6100,200
57419997339514,15:56:59.997,30.6200,95
57419997380075,15:56:59.997,30.6200,5
57447149244519,15:57:27.149,30.6500,100
57451960631208,15:57:31.960,30.6500,300
57451960631208,15:57:31.960,30.6500,300
57451960631208,15:57:31.960,30.6500,100
57483425826144,15:58:03.425,30.6700,100
57508820467911,15:58:28.820,30.6500,100
57529230875961,15:58:49.230,30.6300,100
57560216519882,15:59:20.216,30.6400,100
57560216519882,15:59:20.216,30.6400,300
57562148793896,15:59:22.148,30.6400,6
57565150204718,15:59:25.150,30.6400,6
57565150251419,15:59:25.150,30.6400,94
57581150104122,15:59:41.150,30.6400,6
57590045721111,15:59:50.045,30.6600,41
57600210771267,16:00:00.210,0.0000,0
59869533101998,16:37:49.533,30.6300,100
60182907222145,16:43:02.907,30.5900,160
