timestamp,time,price,volume
28649901571249,07:57:29.901,53.8300,48
31277758002752,08:41:17.758,53.9100,300
32496133981854,09:01:36.133,53.8000,400
32580010896971,09:03:00.010,53.8300,417
33491385082584,09:18:11.385,53.7700,27
34200222263523,09:30:00.222,0.0000,0
34201096599719,09:30:01.096,53.7100,121
34201096599719,09:30:01.096,53.7100,79
34204185157847,09:30:04.185,53.7200,104
34204185157847,09:30:04.185,53.7200,94
34204185157847,09:30:04.185,53.7200,94
34204187874233,09:30:04.187,53.7100,94
34204187874233,09:30:04.187,53.7100,104
34206282955401,09:30:06.282,53.7100,54
34207055763452,09:30:07.055,53.7100,30
34207055763452,09:30:07.055,53.7100,79
34207055763452,09:30:07.055,53.7100,82
34207055763452,09:30:07.055,53.7100,10
34210607345467,09:30:10.607,53.7000,15
34210607345467,09:30:10.607,53.7000,48
34210608134816,09:30:10.608,53.7000,46
34210608134816,09:30:10.608,53.7000,94
34210608134816,09:30:10.608,53.7000,12
34210608134816,09:30:10.608,53.7000,22
34210608136764,09:30:10.608,53.7000,76
34210608136764,09:30:10.608,53.7000,28
34210711218280,09:30:10.711,53.7100,500
34210711218280,09:30:10.711,53.7100,200
34212081575848,09:30:12.081,53.7200,100
34214366450874,09:30:14.366,53.7200,1541
34214366450874,09:30:14.366,53.7200,433
34214366450874,09:30:14.366,53.7200,500
34214366450874,09:30:14.366,53.7200,282
34215668559883,09:30:15.668,53.7300,2703
34216508362930,09:30:16.508,53.7400,740
34216508362930,09:30:16.508,53.7400,350
34216508362930,09:30:16.508,53.7400,188
34216508362930,09:30:16.508,53.7400,451
34216508362930,09:30:16.508,53.7400,664
34216508362930,09:30:16.508,53.7400,343
34216569152684,09:30:16.569,53.7600,400
34216569152684,09:30:16.569,53.7600,400
34216569152684,09:30:16.569,53.7600,400
34220269496202,09:30:20.269,53.7300,22
34220269496202,09:30:20.269,53.7300,75
34221052528533,09:30:21.052,53.7100,100
34221052528533,09:30:21.052,53.7200,500
34221052528533,09:30:21.052,53.7200,531
34221052528533,09:30:21.052,53.7200,200
34221052528533,09:30:21.052,53.7200,1823
34225005848533,09:30:25.005,53.7200,500
34225005848533,09:30:25.005,53.7200,1032
34225005848533,09:30:25.005,53.7200,537
34225005848533,09:30:25.005,53.7200,250
34225005848533,09:30:25.005,53.7200,416
34228619116330,09:30:28.619,53.7100,98
34228619116330,09:30:28.619,53.7100,94
34228619116330,09:30:28.619,53.7100,93
34229551452817,09:30:29.551,53.7100,100
34234662372346,09:30:34.662,53.7000,500
34235725212093,09:30:35.725,53.7100,400
34236909285882,09:30:36.909,53.7000,500
34241006173548,09:30:41.006,53.7100,2195
34241006173548,09:30:41.006,53.7100,500
34247743431902,09:30:47.743,53.7200,100
34247743431902,09:30:47.743,53.7300,500
34247743431902,09:30:47.743,53.7300,300
34247743431902,09:30:47.743,53.7300,313
34247743431902,09:30:47.743,53.7300,247
34247743431902,09:30:47.743,53.7300,382
34247743431902,09:30:47.743,53.7300,505
34247743431902,09:30:47.743,53.7300,116
34247746888958,09:30:47.746,53.7400,400
34251915715118,09:30:51.915,53.7300,100
34251923484807,09:30:51.923,53.7100,98
34251923484807,09:30:51.923,53.7100,21
34257200783743,09:30:57.200,53.7400,1156
34257200783743,09:30:57.200,53.7400,500
34257200783743,09:30:57.200,53.7400,580
34257200783743,09:30:57.200,53.7400,248
34257200783743,09:30:57.200,53.7400,500
34261261905489,09:31:01.261,53.7500,30
34263367430548,09:31:03.367,53.7300,1
34278710123236,09:31:18.710,53.7200,25
34278710123236,09:31:18.710,53.7200,94
34278710123236,09:31:18.710,53.7200,81
34278710229658,09:31:18.710,53.7200,13
34278710229658,09:31:18.710,53.7200,94
34278711712600,09:31:18.711,53.7200,500
34283684686075,09:31:23.684,53.7300,80
34283684686075,09:31:23.684,53.7300,85
34283684686075,09:31:23.684,53.7300,9
34283684686075,09:31:23.684,53.7300,14
34283684686075,09:31:23.684,53.7300,12
34283684787455,09:31:23.684,53.7300,82
34283684787455,09:31:23.684,53.7300,97
34283684787455,09:31:23.684,53.7300,16
34344607805439,09:32:24.607,53.7400,200
34353313487374,09:32:33.313,53.7600,57
34353371945564,09:32:33.371,53.7500,36
34358371039491,09:32:38.371,53.7300,41
34358371039491,09:32:38.371,53.7300,42
34358371039491,09:32:38.371,53.7300,100
34363479781595,09:32:43.479,53.7200,42
34363479781595,09:32:43.479,53.7200,41
34363479781595,09:32:43.479,53.7200,94
34363479781595,09:32:43.479,53.7200,94
34369185284335,09:32:49.185,53.7200,10
34369185284335,09:32:49.185,53.7200,41
34369185284335,09:32:49.185,53.7200,18
34369185284335,09:32:49.185,53.7200,96
34369185284335,09:32:49.185,53.7200,21
34369187662474,09:32:49.187,53.7100,41
34369187662474,09:32:49.187,53.7100,59
34387710386554,09:33:07.710,53.7100,94
34387710386554,09:33:07.710,53.7100,6
34387710598814,09:33:07.710,53.7100,88
34387710598814,09:33:07.710,53.7100,12
34392699265946,09:33:12.699,53.7000,22
34392699265946,09:33:12.699,53.7000,72
34428817544057,09:33:48.817,53.7000,100
34428817544057,09:33:48.817,53.7000,100
34464532079434,09:34:24.532,53.6900,88
34464532079434,09:34:24.532,53.6900,100
34464532079434,09:34:24.532,53.6900,8
34482099764687,09:34:42.099,53.6900,20
34482099827970,09:34:42.099,53.6900,152
34511684822111,09:35:11.684,53.7050,194
34513029708728,09:35:13.029,53.7050,100
34516098866001,09:35:16.098,53.7000,100
34516098866001,09:35:16.098,53.7000,94
34520428300728,09:35:20.428,53.7000,100
34527675567739,09:35:27.675,53.7100,100
34527675567739,09:35:27.675,53.7100,100
34527675567739,09:35:27.675,53.7100,203
34530550301476,09:35:30.550,53.7100,140
34530550824254,09:35:30.550,53.7100,60
34532404251707,09:35:32.404,53.7000,100
34532404251707,09:35:32.404,53.7000,11
34532404393014,09:35:32.404,53.6900,111
34533464771213,09:35:33.464,53.6900,94
34533464771213,09:35:33.464,53.6900,94
34533464771213,09:35:33.464,53.6900,12
34533465003571,09:35:33.465,53.6900,23
34533466931734,09:35:33.466,53.6900,59
34533466931734,09:35:33.466,53.6900,94
34535713895598,09:35:35.713,53.7000,519
34536761134587,09:35:36.761,53.7000,94
34536761134587,09:35:36.761,53.7000,100
34550717991854,09:35:50.717,53.7000,70
34558102136258,09:35:58.102,53.7000,95
34558149937347,09:35:58.149,53.6900,95
34558152252947,09:35:58.152,53.7000,100
34558152252947,09:35:58.152,53.7000,100
34558213489105,09:35:58.213,53.7000,500
34565528423745,09:36:05.528,53.7000,94
34566708812037,09:36:06.708,53.7000,13
34566708812037,09:36:06.708,53.7000,87
34577037701735,09:36:17.037,53.7000,94
34577109445254,09:36:17.109,53.7000,500
34577109445254,09:36:17.109,53.7000,387
34577109445254,09:36:17.109,53.7000,213
34577117813416,09:36:17.117,53.7100,100
34577507578088,09:36:17.507,53.7000,100
34583487561853,09:36:23.487,53.7000,100
34583487561853,09:36:23.487,53.7000,100
34583487561853,09:36:23.487,53.7000,53
34583487561853,09:36:23.487,53.7000,6
34587928704793,09:36:27.928,53.7000,206
34587928704793,09:36:27.928,53.7000,250
34587928704793,09:36:27.928,53.7000,344
34590900514972,09:36:30.900,53.7000,100
34590900514972,09:36:30.900,53.7000,100
34593997494873,09:36:33.997,53.7000,1066
34603778627495,09:36:43.778,53.7000,8
34604846802031,09:36:44.846,53.7000,92
34604846802031,09:36:44.846,53.7000,95
34604846802031,09:36:44.846,53.7000,94
34604846802031,09:36:44.846,53.7000,94
34604846802031,09:36:44.846,53.7000,25
34616515778853,09:36:56.515,53.7000,500
34616515778853,09:36:56.515,53.7000,474
34616522410413,09:36:56.522,53.7000,100
34616522423743,09:36:56.522,53.7000,100
34633934501561,09:37:13.934,53.7100,64
34633934505452,09:37:13.934,53.7100,339
34633934640435,09:37:13.934,53.7100,97
34642932354991,09:37:22.932,53.7100,75
34642932354991,09:37:22.932,53.7100,125
34643187388420,09:37:23.187,53.7050,100
34650144793045,09:37:30.144,53.7000,100
34650751050547,09:37:30.751,53.7000,94
34651640626939,09:37:31.640,53.6900,94
34655611537534,09:37:35.611,53.6800,3
34656403622254,09:37:36.403,53.6800,97
34656403622254,09:37:36.403,53.6800,3
34657228318582,09:37:37.228,53.6800,97
34657228318582,09:37:37.228,53.6800,100
34657228318582,09:37:37.228,53.6800,3
34657228463262,09:37:37.228,53.6800,97
34670371255572,09:37:50.371,53.6900,95
34670371255572,09:37:50.371,53.6900,94
34670371255572,09:37:50.371,53.6900,94
34670371255572,09:37:50.371,53.6900,100
34670372091232,09:37:50.372,53.6800,95
34670372091232,09:37:50.372,53.6800,100
34670372091232,09:37:50.372,53.6800,5
34670380431538,09:37:50.380,53.6700,100
34672736396369,09:37:52.736,53.6900,86
34672736424000,09:37:52.736,53.6900,14
34673334225196,09:37:53.334,53.6900,94
34678950109071,09:37:58.950,53.7000,93
34678950109071,09:37:58.950,53.7000,92
34678950109071,09:37:58.950,53.7000,176
34692651171082,09:38:12.651,53.7100,100
34692651171082,09:38:12.651,53.7100,500
34712363332462,09:38:32.363,53.7100,100
34718848988179,09:38:38.848,53.7100,6
34719946001608,09:38:39.946,53.7200,100
34719946784510,09:38:39.946,53.7200,94
34719947519449,09:38:39.947,53.7200,6
34735238279207,09:38:55.238,53.7200,40
34735238293424,09:38:55.238,53.7200,60
34741191953078,09:39:01.191,53.7300,100
34741894435864,09:39:01.894,53.7300,100
34742137299910,09:39:02.137,53.7300,100
34745325018014,09:39:05.325,53.7300,100
34745325047344,09:39:05.325,53.7300,36
34745325437541,09:39:05.325,53.7300,100
34745326097817,09:39:05.326,53.7300,20
34746379647655,09:39:06.379,53.7200,100
34749350143601,09:39:09.350,53.7200,100
34750460356828,09:39:10.460,53.7200,100
34750460448912,09:39:10.460,53.7200,94
34761196426556,09:39:21.196,53.7000,100
34761196591396,09:39:21.196,53.7000,100
34761212974732,09:39:21.212,53.7000,100
34788401169107,09:39:48.401,53.7200,100
34790510405570,09:39:50.510,53.7200,94
34790512065653,09:39:50.512,53.7200,38
34790513154039,09:39:50.513,53.7200,4
34801501452725,09:40:01.501,53.7200,30
34806744676143,09:40:06.744,53.7200,100
34806744676143,09:40:06.744,53.7200,64
34806744676143,09:40:06.744,53.7200,30
34806744676143,09:40:06.744,53.7200,100
34806744992996,09:40:06.744,53.7200,100
34807061263342,09:40:07.061,53.7200,100
34809889286696,09:40:09.889,53.7100,100
34818966671128,09:40:18.966,53.7050,86
34821447617065,09:40:21.447,53.7100,94
34821447822464,09:40:21.447,53.7100,94
34821448983034,09:40:21.448,53.7100,100
34821701877806,09:40:21.701,53.7100,100
34821701877806,09:40:21.701,53.7100,100
34821701877806,09:40:21.701,53.7100,10
34821702297024,09:40:21.702,53.7100,100
34825510055848,09:40:25.510,53.7150,100
34831933810856,09:40:31.933,53.7200,100
34833727280556,09:40:33.727,53.7200,100
34833727280556,09:40:33.727,53.7200,100
34833727280556,09:40:33.727,53.7200,95
34833727280556,09:40:33.727,53.7200,96
34833727280556,09:40:33.727,53.7200,9
34834310371771,09:40:34.310,53.7200,85
34836520907962,09:40:36.520,53.7100,100
34836520907962,09:40:36.520,53.7100,18
34839440207152,09:40:39.440,53.7100,100
34839440207152,09:40:39.440,53.7100,100
34839443120318,09:40:39.443,53.7100,35
34839443535788,09:40:39.443,53.7100,30
34854053665163,09:40:54.053,53.7100,100
34859267604903,09:40:59.267,53.7100,100
34859267604903,09:40:59.267,53.7100,62
34859267604903,09:40:59.267,53.7100,18
34859267604903,09:40:59.267,53.7100,100
34859267604903,09:40:59.267,53.7100,100
34861307725023,09:41:01.307,53.7100,100
34868263801195,09:41:08.263,53.7100,100
34868486293668,09:41:08.486,53.7100,94
34880223944661,09:41:20.223,53.7000,100
34880224357770,09:41:20.224,53.7000,100
34880224979536,09:41:20.224,53.7000,100
34881092997416,09:41:21.092,53.7000,100
34881092997416,09:41:21.092,53.7000,200
34882327882906,09:41:22.327,53.7000,100
34883459257806,09:41:23.459,53.7000,100
34893009033216,09:41:33.009,53.6800,100
34903216107966,09:41:43.216,53.6800,94
34913447480488,09:41:53.447,53.6900,100
34913538006673,09:41:53.538,53.6900,100
34913538006673,09:41:53.538,53.6900,100
34930332099519,09:42:10.332,53.7000,100
34930332099519,09:42:10.332,53.7000,200
34930332099519,09:42:10.332,53.7000,1774
34930332099519,09:42:10.332,53.7000,500
34930332099519,09:42:10.332,53.7000,780
34937807411968,09:42:17.807,53.7000,100
34937821275837,09:42:17.821,53.7000,100
34937821275837,09:42:17.821,53.7000,100
34937825480363,09:42:17.825,53.7000,100
34939424651547,09:42:19.424,53.7000,100
34939424651547,09:42:19.424,53.7000,100
34943709323606,09:42:23.709,53.7000,200
34943962841880,09:42:23.962,53.7000,100
34945221125001,09:42:25.221,53.7000,100
34945484094215,09:42:25.484,53.7000,100
34946925034958,09:42:26.925,53.7000,100
34950611417732,09:42:30.611,53.7100,100
34950611845266,09:42:30.611,53.7000,100
34950612302631,09:42:30.612,53.7000,100
34950612302631,09:42:30.612,53.7000,100
34962783020226,09:42:42.783,53.7100,50
34965481781704,09:42:45.481,53.7100,55
34966184553056,09:42:46.184,53.7100,100
34980773447054,09:43:00.773,53.7100,100
34980773447054,09:43:00.773,53.7100,15
34988290733152,09:43:08.290,53.7100,100
34989104382606,09:43:09.104,53.7100,2
34993234641022,09:43:13.234,53.7200,100
34993801264460,09:43:13.801,53.7200,100
34993801264460,09:43:13.801,53.7200,100
34998083235640,09:43:18.083,53.7200,100
34999708084120,09:43:19.708,53.7300,100
34999708084120,09:43:19.708,53.7300,100
34999708084120,09:43:19.708,53.7300,394
34999711060947,09:43:19.711,53.7500,100
34999711060947,09:43:19.711,53.7500,400
34999711060947,09:43:19.711,53.7500,400
34999715491049,09:43:19.715,53.7500,100
34999715936895,09:43:19.715,53.7500,100
34999717433059,09:43:19.717,53.7600,37
34999717433059,09:43:19.717,53.7600,93
34999717433059,09:43:19.717,53.7600,400
34999717433059,09:43:19.717,53.7600,400
34999717433059,09:43:19.717,53.7600,400
34999717433059,09:43:19.717,53.7600,100
34999717433059,09:43:19.717,53.7600,100
34999718598299,09:43:19.718,53.7650,100
34999718598299,09:43:19.718,53.7700,93
34999718598299,09:43:19.718,53.7700,100
34999718598299,09:43:19.718,53.7700,37
34999718598299,09:43:19.718,53.7700,100
34999718598299,09:43:19.718,53.7700,100
34999718598299,09:43:19.718,53.7700,400
34999718598299,09:43:19.718,53.7700,100
34999718598299,09:43:19.718,53.7700,400
34999719393130,09:43:19.719,53.7650,100
34999719829498,09:43:19.719,53.7650,200
34999719829498,09:43:19.719,53.7650,100
34999719829498,09:43:19.719,53.7700,330
34999770449768,09:43:19.770,53.7600,100
34999770449768,09:43:19.770,53.7600,100
34999770605164,09:43:19.770,53.7600,100
34999770605164,09:43:19.770,53.7500,100
34999772010389,09:43:19.772,53.7500,100
34999772010389,09:43:19.772,53.7500,94
34999799510827,09:43:19.799,53.7500,6
34999799510827,09:43:19.799,53.7500,100
34999799605967,09:43:19.799,53.7500,100
34999828681843,09:43:19.828,53.7500,600
34999853502331,09:43:19.853,53.7500,100
34999853502331,09:43:19.853,53.7500,6
35000813212592,09:43:20.813,53.7400,100
35000813212592,09:43:20.813,53.7400,200
35003132468364,09:43:23.132,53.7300,100
35003132468364,09:43:23.132,53.7300,100
35005287632816,09:43:25.287,53.7300,94
35005287632816,09:43:25.287,53.7300,6
35007939135522,09:43:27.939,53.7300,100
35011977623127,09:43:31.977,53.7300,100
35021970252750,09:43:41.970,53.7100,100
35021970252750,09:43:41.970,53.7100,100
35029425439382,09:43:49.425,53.7100,28
35029519059502,09:43:49.519,53.7300,100
35029519059502,09:43:49.519,53.7300,100
35030017256261,09:43:50.017,53.7300,95
35031138272784,09:43:51.138,53.7300,66
35033068841286,09:43:53.068,53.7300,100
35035028485793,09:43:55.028,53.7400,13
35054520936141,09:44:14.520,53.7100,100
35054520936141,09:44:14.520,53.7100,92
35106064376029,09:45:06.064,53.7050,100
35112669577411,09:45:12.669,53.7100,94
35117167053114,09:45:17.167,53.7100,100
35128323819873,09:45:28.323,53.7200,63
35129341885561,09:45:29.341,53.7100,40
35141518380626,09:45:41.518,53.7000,94
35141518380626,09:45:41.518,53.7000,100
35141518380626,09:45:41.518,53.7000,400
35147506821689,09:45:47.506,53.7000,67
35147506821689,09:45:47.506,53.7000,100
35147506821689,09:45:47.506,53.7000,33
35184961666800,09:46:24.961,53.7000,100
35184961666800,09:46:24.961,53.7000,100
35186791775618,09:46:26.791,53.7000,13
35186791848099,09:46:26.791,53.7000,8
35186791870489,09:46:26.791,53.7000,44
35186791881430,09:46:26.791,53.7000,13
35186792285610,09:46:26.792,53.7000,9
35186792317929,09:46:26.792,53.7000,4
35186792349551,09:46:26.792,53.7000,5
35186792626043,09:46:26.792,53.7000,4
35213234618357,09:46:53.234,53.7000,100
35227318972723,09:47:07.318,53.7000,100
35231731235547,09:47:11.731,53.7000,100
35231731235547,09:47:11.731,53.7000,79
35231731235547,09:47:11.731,53.7000,200
35231731235547,09:47:11.731,53.7000,100
35231731680138,09:47:11.731,53.6900,100
35231732289441,09:47:11.732,53.6900,63
35231732289441,09:47:11.732,53.6900,37
35231732347857,09:47:11.732,53.6900,63
35231732856598,09:47:11.732,53.6900,100
35237931269888,09:47:17.931,53.6900,15
35258419336886,09:47:38.419,53.6700,95
35275632974615,09:47:55.632,53.6600,100
35275633828470,09:47:55.633,53.6500,100
35278304079106,09:47:58.304,53.6600,100
35278304079106,09:47:58.304,53.6600,100
35278304079106,09:47:58.304,53.6600,100
35281928046049,09:48:01.928,53.6600,100
35281928046049,09:48:01.928,53.6600,100
35291987139882,09:48:11.987,53.6500,100
35291987139882,09:48:11.987,53.6500,100
35291987641084,09:48:11.987,53.6500,100
35295705779306,09:48:15.705,53.6600,37
35296453808015,09:48:16.453,53.6600,100
35303401393580,09:48:23.401,53.6600,100
35305330032094,09:48:25.330,53.6800,100
35307640419688,09:48:27.640,53.6800,100
35307640419688,09:48:27.640,53.6800,94
35307662249251,09:48:27.662,53.6800,11
35307662264641,09:48:27.662,53.6800,89
35307662264641,09:48:27.662,53.6800,100
35317563687883,09:48:37.563,53.6800,100
35317563807657,09:48:37.563,53.6700,100
35317564199471,09:48:37.564,53.6700,100
35331886140640,09:48:51.886,53.6600,100
35331886140640,09:48:51.886,53.6600,94
35331886140640,09:48:51.886,53.6600,6
35350240234233,09:49:10.240,53.6800,36
35350385771598,09:49:10.385,53.6800,79
35350385771598,09:49:10.385,53.6800,100
35350385771598,09:49:10.385,53.6800,100
35351448546917,09:49:11.448,53.6700,100
35351448613715,09:49:11.448,53.6700,100
35373891658874,09:49:33.891,53.6800,94
35373891658874,09:49:33.891,53.6800,6
35390054010884,09:49:50.054,53.6800,415
35390286514481,09:49:50.286,53.6800,100
35390286514481,09:49:50.286,53.6800,100
35393642165539,09:49:53.642,53.6800,72
35393642165539,09:49:53.642,53.6800,33
35393642165539,09:49:53.642,53.6800,9
35402489255160,09:50:02.489,53.6900,1000
35402489255160,09:50:02.489,53.6900,500
35402489255160,09:50:02.489,53.6900,64
35408327641522,09:50:08.327,53.7000,79
35408327641522,09:50:08.327,53.7000,95
35408327641522,09:50:08.327,53.7000,94
35408327641522,09:50:08.327,53.7000,94
35408359153150,09:50:08.359,53.7000,100
35408359153150,09:50:08.359,53.7000,500
35411604199081,09:50:11.604,53.7000,100
35411604199081,09:50:11.604,53.7000,15
35422178291640,09:50:22.178,53.7100,100
35422178291640,09:50:22.178,53.7100,134
35435956653869,09:50:35.956,53.7100,100
35435956653869,09:50:35.956,53.7100,100
35435956653869,09:50:35.956,53.7100,300
35435957072456,09:50:35.957,53.7000,100
35435957471991,09:50:35.957,53.7000,100
35435979689555,09:50:35.979,53.7000,69
35467717235799,09:51:07.717,53.7300,94
35476965479299,09:51:16.965,53.7500,100
35483698846393,09:51:23.698,53.7500,200
35503156361602,09:51:43.156,53.7300,100
35505236091812,09:51:45.236,53.7150,62
35506293423499,09:51:46.293,53.7250,16
35512168101264,09:51:52.168,53.7300,100
35512168101264,09:51:52.168,53.7300,199
35516327979769,09:51:56.327,53.7300,100
35516327979769,09:51:56.327,53.7300,100
35525764847212,09:52:05.764,53.7400,100
35533761593321,09:52:13.761,53.7400,100
35533761593321,09:52:13.761,53.7400,79
35539518007880,09:52:19.518,53.7300,34
35539518020508,09:52:19.518,53.7300,66
35539831083560,09:52:19.831,53.7300,100
35545074100991,09:52:25.074,53.7100,100
35584331814213,09:53:04.331,53.7200,100
35584331814213,09:53:04.331,53.7200,100
35588323971065,09:53:08.323,53.7100,100
35594186779589,09:53:14.186,53.7000,62
35602913242647,09:53:22.913,53.6900,95
35602913600144,09:53:22.913,53.6900,95
35612517921612,09:53:32.517,53.6900,20
35612517942756,09:53:32.517,53.6900,80
35616633397255,09:53:36.633,53.6900,100
35616719564768,09:53:36.719,53.6800,100
35645532216539,09:54:05.532,53.7100,94
35645532216539,09:54:05.532,53.7100,6
35645532289293,09:54:05.532,53.7100,94
35699112598112,09:54:59.112,53.7000,100
35709677431920,09:55:09.677,53.7100,94
35709677431920,09:55:09.677,53.7100,6
35709677610112,09:55:09.677,53.7100,57
35709677610112,09:55:09.677,53.7100,63
35710635159475,09:55:10.635,53.7100,100
35724769550049,09:55:24.769,53.7100,100
35724769988191,09:55:24.769,53.7000,100
35730617131651,09:55:30.617,53.7050,42
35733130341274,09:55:33.130,53.7000,100
35733130341274,09:55:33.130,53.7000,100
35733130341274,09:55:33.130,53.7000,100
35735268465257,09:55:35.268,53.7000,100
35755731320010,09:55:55.731,53.6900,100
35766685826039,09:56:06.685,53.6800,100
35769740908474,09:56:09.740,53.6800,100
35769741759561,09:56:09.741,53.6700,100
35771993552398,09:56:11.993,53.6700,100
35793861724783,09:56:33.861,53.6700,94
35817567418205,09:56:57.567,53.6700,100
35819966618906,09:56:59.966,53.6900,99
35819966649537,09:56:59.966,53.6900,1
35822355123359,09:57:02.355,53.6900,82
35822355575174,09:57:02.355,53.6800,100
35827322854247,09:57:07.322,53.6900,100
35834562397865,09:57:14.562,53.6900,100
35840558669451,09:57:20.558,53.6900,100
35840559584447,09:57:20.559,53.6850,100
35863153120292,09:57:43.153,53.7000,100
35885309461053,09:58:05.309,53.6900,94
35885309461053,09:58:05.309,53.6900,100
35885309461053,09:58:05.309,53.6900,6
35887871974233,09:58:07.871,53.6900,74
35887873100392,09:58:07.873,53.6900,10
35894318142228,09:58:14.318,53.6800,100
35940226425085,09:59:00.226,53.6700,100
35940226621400,09:59:00.226,53.6700,100
35940431269465,09:59:00.431,53.6700,100
35951546428388,09:59:11.546,53.6700,100
35958106554117,09:59:18.106,53.6700,100
36010769331937,10:00:10.769,53.7000,100
36015484579732,10:00:15.484,53.7000,200
36019382938310,10:00:19.382,53.7000,100
36019496022485,10:00:19.496,53.7000,73
36031905220655,10:00:31.905,53.7000,100
36031905220655,10:00:31.905,53.7000,100
36044750408344,10:00:44.750,53.6900,100
36055506425287,10:00:55.506,53.6700,100
36055506425287,10:00:55.506,53.6700,100
36055507231194,10:00:55.507,53.6600,100
36056991218423,10:00:56.991,53.6600,100
36072871793370,10:01:12.871,53.6700,100
36078528047410,10:01:18.528,53.6800,100
36080346627665,10:01:20.346,53.6700,100
36080346935199,10:01:20.346,53.6700,100
36094778212444,10:01:34.778,53.6700,100
36096461637235,10:01:36.461,53.6700,100
36106501915915,10:01:46.501,53.6800,100
36128968524766,10:02:08.968,53.6700,100
36129872994839,10:02:09.872,53.6700,36
36129873880696,10:02:09.873,53.6700,64
36147334994293,10:02:27.334,53.6600,100
36161692417796,10:02:41.692,53.6500,2
36166722782672,10:02:46.722,53.6300,100
36166743669917,10:02:46.743,53.6200,100
36188570276448,10:03:08.570,53.6300,3
36191421033060,10:03:11.421,53.6100,30
36223411038239,10:03:43.411,53.6300,100
36223411038239,10:03:43.411,53.6300,100
36224692699437,10:03:44.692,53.6300,95
36224692777237,10:03:44.692,53.6300,5
36233109478810,10:03:53.109,53.6200,100
36251064593071,10:04:11.064,53.6350,75
36253549590737,10:04:13.549,53.6400,100
36267836137682,10:04:27.836,53.6200,100
36285942177615,10:04:45.942,53.6100,34
36285942207013,10:04:45.942,53.6100,66
36307600399580,10:05:07.600,53.6100,68
36307600511863,10:05:07.600,53.6100,432
36308090935189,10:05:08.090,53.6100,100
36310088438819,10:05:10.088,53.6100,5
36310088438819,10:05:10.088,53.6100,100
36312002822401,10:05:12.002,53.6000,100
36312002822401,10:05:12.002,53.6000,100
36319482416944,10:05:19.482,53.6150,23
36323235612558,10:05:23.235,53.6200,402
36324068645336,10:05:24.068,53.6200,100
36324228711963,10:05:24.228,53.6100,100
36324414946052,10:05:24.414,53.6100,100
36324414946052,10:05:24.414,53.6100,100
36324414946052,10:05:24.414,53.6100,100
36324415068957,10:05:24.415,53.6100,100
36324415398318,10:05:24.415,53.6000,100
36324761536857,10:05:24.761,53.6100,100
36324761536857,10:05:24.761,53.6100,100
36327756272861,10:05:27.756,53.6000,100
36344349076990,10:05:44.349,53.6100,61
36344350239276,10:05:44.350,53.6100,39
36344365646351,10:05:44.365,53.6100,100
36352974098489,10:05:52.974,53.6100,100
36352974157771,10:05:52.974,53.6100,20
36371950439774,10:06:11.950,53.6200,100
36371950515895,10:06:11.950,53.6200,60
36371950563887,10:06:11.950,53.6200,40
36384124680199,10:06:24.124,53.6300,16
36391176482820,10:06:31.176,53.6300,200
36391176482820,10:06:31.176,53.6300,100
36399057886326,10:06:39.057,53.6200,100
36399057886326,10:06:39.057,53.6200,100
36405815251325,10:06:45.815,53.6300,100
36423416876871,10:07:03.416,53.6200,90
36423416937696,10:07:03.416,53.6200,20
36423417689765,10:07:03.417,53.6100,100
36431140767461,10:07:11.140,53.6100,100
36437350879062,10:07:17.350,53.5800,100
36439425985506,10:07:19.425,53.5700,100
36439426070666,10:07:19.426,53.5700,100
36439426151438,10:07:19.426,53.5700,100
36440460820488,10:07:20.460,53.5700,100
36460470731267,10:07:40.470,53.5700,100
36484355808715,10:08:04.355,53.6000,100
36487066198693,10:08:07.066,53.6100,100
36496189755728,10:08:16.189,53.6200,100
36520268785571,10:08:40.268,53.6200,100
36520268785571,10:08:40.268,53.6200,100
36520602020412,10:08:40.602,53.6100,100
36520602390738,10:08:40.602,53.6100,100
36546733647518,10:09:06.733,53.6300,100
36546733647518,10:09:06.733,53.6300,100
36546733836982,10:09:06.733,53.6300,100
36548688912751,10:09:08.688,53.6400,8
36571091474824,10:09:31.091,53.6200,100
36571093178141,10:09:31.093,53.6200,100
36572141050866,10:09:32.141,53.6200,100
36572141050866,10:09:32.141,53.6200,100
36600676184227,10:10:00.676,53.6400,6
36600676201838,10:10:00.676,53.6400,86
36600676201838,10:10:00.676,53.6400,100
36600676206838,10:10:00.676,53.6400,102
36603841649946,10:10:03.841,53.6500,90
36603841723032,10:10:03.841,53.6500,10
36603842146099,10:10:03.842,53.6500,90
36603842220982,10:10:03.842,53.6500,10
36621340688896,10:10:21.340,53.6400,100
36621341058418,10:10:21.341,53.6400,100
36621341135195,10:10:21.341,53.6400,100
36621341209767,10:10:21.341,53.6400,100
36621341288078,10:10:21.341,53.6400,100
36621341385850,10:10:21.341,53.6400,100
36628231313871,10:10:28.231,53.6300,100
36628231343100,10:10:28.231,53.6300,100
36636505896400,10:10:36.505,53.6300,100
36636506526695,10:10:36.506,53.6300,100
36640222676450,10:10:40.222,53.6200,100
36642831076704,10:10:42.831,53.6200,100
36644633833349,10:10:44.633,53.6200,100
36649853015052,10:10:49.853,53.6150,100
36663598958629,10:11:03.598,53.6100,100
36668145676847,10:11:08.145,53.6100,100
36668145676847,10:11:08.145,53.6100,268
36676571883755,10:11:16.571,53.6100,100
36676572095826,10:11:16.572,53.6100,1
36676572126770,10:11:16.572,53.6100,100
36679972213455,10:11:19.972,53.6050,100
36685397390204,10:11:25.397,53.6000,100
36685397390204,10:11:25.397,53.6000,100
36703840654761,10:11:43.840,53.6200,92
36703841797286,10:11:43.841,53.6200,8
36708691103594,10:11:48.691,53.6300,100
36708694257515,10:11:48.694,53.6300,51
36708694320919,10:11:48.694,53.6300,49
36708694886653,10:11:48.694,53.6300,49
36708695277632,10:11:48.695,53.6300,2
36708695292780,10:11:48.695,53.6300,26
36708797984828,10:11:48.797,53.6300,23
36708797984828,10:11:48.797,53.6300,20
36708798080925,10:11:48.798,53.6300,43
36712379912301,10:11:52.379,53.6300,100
36727935196553,10:12:07.935,53.6300,100
36727935424365,10:12:07.935,53.6300,100
36743098067908,10:12:23.098,53.6400,100
36743098067908,10:12:23.098,53.6400,100
36743098542623,10:12:23.098,53.6300,100
36802249704642,10:13:22.249,53.6300,100
36828671320250,10:13:48.671,53.6300,100
36840374141455,10:14:00.374,53.6100,100
36841266783685,10:14:01.266,53.6100,100
36842743417416,10:14:02.743,53.6100,20
36853955191231,10:14:13.955,53.6100,100
36853955191231,10:14:13.955,53.6100,100
36853955316598,10:14:13.955,53.6100,21
36853955341664,10:14:13.955,53.6100,59
36855877565392,10:14:15.877,53.6100,39
36876205081891,10:14:36.205,53.6000,6
36876205112415,10:14:36.205,53.6000,94
36876205189705,10:14:36.205,53.6000,100
36876205513359,10:14:36.205,53.6000,100
36876339420813,10:14:36.339,53.6000,100
36882383518941,10:14:42.383,53.6100,100
36918942346318,10:15:18.942,53.5900,44
36920128530817,10:15:20.128,53.5900,100
36920129024986,10:15:20.129,53.5800,100
36920129191011,10:15:20.129,53.5800,100
36937909113626,10:15:37.909,53.5700,100
36956942260997,10:15:56.942,53.5800,90
36973432300693,10:16:13.432,53.5700,10
36973432369348,10:16:13.432,53.5700,10
36973432415023,10:16:13.432,53.5700,10
36973432727656,10:16:13.432,53.5700,10
36973432796048,10:16:13.432,53.5700,10
36973433679417,10:16:13.433,53.5700,10
36976521397392,10:16:16.521,53.5800,100
36976521397392,10:16:16.521,53.5800,166
36980670593052,10:16:20.670,53.5800,100
37005451626541,10:16:45.451,53.5700,30
37005451888804,10:16:45.451,53.5700,30
37005451983416,10:16:45.451,53.5700,30
37005452441396,10:16:45.452,53.5700,18
37005452476110,10:16:45.452,53.5700,12
37005452509240,10:16:45.452,53.5700,6
37005452542378,10:16:45.452,53.5700,6
37008740359860,10:16:48.740,53.5700,6
37008740359860,10:16:48.740,53.5700,100
37017931769779,10:16:57.931,53.5600,100
37017931769779,10:16:57.931,53.5600,100
37017931769779,10:16:57.931,53.5600,100
37017931769779,10:16:57.931,53.5600,200
37017931769779,10:16:57.931,53.5600,94
37017931883768,10:16:57.931,53.5600,20
37017932467679,10:16:57.932,53.5500,100
37017932467679,10:16:57.932,53.5500,100
37017932467679,10:16:57.932,53.5400,100
37017932467679,10:16:57.932,53.5400,100
37017933494404,10:16:57.933,53.5450,100
37018014333400,10:16:58.014,53.5500,100
37025572438004,10:17:05.572,53.5600,100
37027910089207,10:17:07.910,53.5600,100
37031442638099,10:17:11.442,53.5600,100
37037349560997,10:17:17.349,53.5600,100
37059067966104,10:17:39.067,53.5600,100
37066915532728,10:17:46.915,53.5500,100
37066915532728,10:17:46.915,53.5500,100
37066915630913,10:17:46.915,53.5500,20
37066916846018,10:17:46.916,53.5300,100
37080318299239,10:18:00.318,53.5400,100
37091951076108,10:18:11.951,53.5200,100
37105759045656,10:18:25.759,53.5200,100
37107628821702,10:18:27.628,53.5100,100
37119539172001,10:18:39.539,53.5200,100
37130384201715,10:18:50.384,53.5200,100
37130384230031,10:18:50.384,53.5200,4
37149789922564,10:19:09.789,53.5200,38
37149789951119,10:19:09.789,53.5200,78
37149851366342,10:19:09.851,53.5200,20
37155936628627,10:19:15.936,53.5100,98
37155936658753,10:19:15.936,53.5100,2
37176661474923,10:19:36.661,53.5300,100
37206499542650,10:20:06.499,53.5200,100
37206499547985,10:20:06.499,53.5200,8
37206499644192,10:20:06.499,53.5200,92
37206705208609,10:20:06.705,53.5400,6
37210466216663,10:20:10.466,53.5300,100
37210466216663,10:20:10.466,53.5300,100
37210466248095,10:20:10.466,53.5300,11
37210508876057,10:20:10.508,53.5200,100
37210579818633,10:20:10.579,53.5200,100
37221439939143,10:20:21.439,53.5400,52
37221439939143,10:20:21.439,53.5400,100
37225803565595,10:20:25.803,53.5400,100
37238875341401,10:20:38.875,53.5400,100
37238875341401,10:20:38.875,53.5400,100
37240413511507,10:20:40.413,53.5300,100
37241092799940,10:20:41.092,53.5300,6
37244722156789,10:20:44.722,53.5300,94
37244722156789,10:20:44.722,53.5300,95
37244722156789,10:20:44.722,53.5300,95
37244722156789,10:20:44.722,53.5300,100
37244722156789,10:20:44.722,53.5300,23
37244722156789,10:20:44.722,53.5300,100
37244722156789,10:20:44.722,53.5300,100
37247220479624,10:20:47.220,53.5300,42
37247220493557,10:20:47.220,53.5300,58
37264242672509,10:21:04.242,53.5400,100
37264242672509,10:21:04.242,53.5400,85
37264242672509,10:21:04.242,53.5400,100
37264242672509,10:21:04.242,53.5400,95
37264242672509,10:21:04.242,53.5400,20
37264242705248,10:21:04.242,53.5400,80
37269962754668,10:21:09.962,53.5300,100
37279435145345,10:21:19.435,53.5200,174
37297353272797,10:21:37.353,53.5200,100
37305953686877,10:21:45.953,53.5200,100
37306977569891,10:21:46.977,53.5300,100
37348323229101,10:22:28.323,53.5400,100
37348323260672,10:22:28.323,53.5400,100
37354085614322,10:22:34.085,53.5500,71
37354085694354,10:22:34.085,53.5500,29
37361379663236,10:22:41.379,53.5500,100
37373869351530,10:22:53.869,53.5400,92
37373869359211,10:22:53.869,53.5400,8
37373869359211,10:22:53.869,53.5400,100
37386551006166,10:23:06.551,53.5400,100
37386551006166,10:23:06.551,53.5400,21
37396818524949,10:23:16.818,53.5300,100
37396818524949,10:23:16.818,53.5300,100
37396818524949,10:23:16.818,53.5300,100
37396818524949,10:23:16.818,53.5300,100
37396818981605,10:23:16.818,53.5200,100
37396819264044,10:23:16.819,53.5200,100
37396820264285,10:23:16.820,53.5200,20
37396825787326,10:23:16.825,53.5200,12
37435385430894,10:23:55.385,53.5200,74
37435385974507,10:23:55.385,53.5200,26
37447384041449,10:24:07.384,53.5200,100
37468633490378,10:24:28.633,53.5100,140
37468634021523,10:24:28.634,53.5100,60
37476528831204,10:24:36.528,53.5100,20
37476529455501,10:24:36.529,53.5000,20
37490745445949,10:24:50.745,53.5100,74
37493301803968,10:24:53.301,53.5100,126
37511681388375,10:25:11.681,53.5200,100
37511681388375,10:25:11.681,53.5200,100
37514828196217,10:25:14.828,53.5200,100
37524210008176,10:25:24.210,53.5100,100
37532519838293,10:25:32.519,53.5300,100
37532519838293,10:25:32.519,53.5300,100
37532520207301,10:25:32.520,53.5300,100
37537976822034,10:25:37.976,53.5300,100
37537976905018,10:25:37.976,53.5300,100
37537976979511,10:25:37.976,53.5300,100
37537977056951,10:25:37.977,53.5300,100
37537977137323,10:25:37.977,53.5300,100
37537977215790,10:25:37.977,53.5300,100
37545285246465,10:25:45.285,53.5400,91
37545285271745,10:25:45.285,53.5400,9
37557533547800,10:25:57.533,53.5400,100
37572893636630,10:26:12.893,53.5400,90
37572893636630,10:26:12.893,53.5400,100
37621440453551,10:27:01.440,53.5500,6
37621440468782,10:27:01.440,53.5500,94
37621440722027,10:27:01.440,53.5500,94
37621440896166,10:27:01.440,53.5500,3
37622479885957,10:27:02.479,53.5500,100
37622479885957,10:27:02.479,53.5500,100
37639308421696,10:27:19.308,53.5500,12
37639308445381,10:27:19.308,53.5500,88
37746958222845,10:29:06.958,53.5700,74
37746958234455,10:29:06.958,53.5700,26
37758131043728,10:29:18.131,53.5800,100
37789980014874,10:29:49.980,53.5900,300
37793816361327,10:29:53.816,53.5800,100
37800082608349,10:30:00.082,53.6000,58
37800082632078,10:30:00.082,53.6000,42
37800087880080,10:30:00.087,53.6000,95
37800088791396,10:30:00.088,53.6000,5
37800137238145,10:30:00.137,53.6100,90
37817043814918,10:30:17.043,53.6300,48
37842410314314,10:30:42.410,53.6600,100
37867678378111,10:31:07.678,53.6700,5
37891944857805,10:31:31.944,53.7000,100
37891949737951,10:31:31.949,53.7000,100
37891949913442,10:31:31.949,53.7000,100
37891949920632,10:31:31.949,53.7000,100
37891950279952,10:31:31.950,53.7100,100
37891950279952,10:31:31.950,53.7100,100
37891950569105,10:31:31.950,53.7100,100
37892001423929,10:31:32.001,53.7400,37
37892001423929,10:31:32.001,53.7400,63
37906353680977,10:31:46.353,53.6900,26
37906353680977,10:31:46.353,53.6900,74
37921265807251,10:32:01.265,53.6800,55
37921265837373,10:32:01.265,53.6800,45
37979460204174,10:32:59.460,53.6900,100
37991008042030,10:33:11.008,53.6900,1
37993090760137,10:33:13.090,53.6900,98
37993090760137,10:33:13.090,53.6900,1
37993090760137,10:33:13.090,53.6900,96
37993090772319,10:33:13.090,53.6900,4
37996917642318,10:33:16.917,53.7000,17
37996920654331,10:33:16.920,53.6950,102
37996921643908,10:33:16.921,53.6950,98
38040362783500,10:34:00.362,53.7100,1
38047999212445,10:34:07.999,53.7000,11
38048000192736,10:34:08.000,53.7000,89
38054800533524,10:34:14.800,53.6900,34
38091424732155,10:34:51.424,53.6800,186
38091424745957,10:34:51.424,53.6800,14
38125331220463,10:35:25.331,53.6800,46
38125331220463,10:35:25.331,53.6800,100
38125331649032,10:35:25.331,53.6800,20
38151329207821,10:35:51.329,53.6600,6
38151329207821,10:35:51.329,53.6600,88
38192441363090,10:36:32.441,53.6550,100
38192441463432,10:36:32.441,53.6600,100
38224582406949,10:37:04.582,53.6800,100
38255329415521,10:37:35.329,53.6600,45
38255329415521,10:37:35.329,53.6600,41
38255329415521,10:37:35.329,53.6600,17
38255329415521,10:37:35.329,53.6600,2
38255329429466,10:37:35.329,53.6600,9
38320582626400,10:38:40.582,53.6600,100
38358122456527,10:39:18.122,53.6500,200
38365361455207,10:39:25.361,53.6400,28
38365361480371,10:39:25.361,53.6400,72
38394671388410,10:39:54.671,53.6600,90
38394671404582,10:39:54.671,53.6600,110
38410130358253,10:40:10.130,53.6600,100
38410130358253,10:40:10.130,53.6600,100
38413447296747,10:40:13.447,53.6600,90
38413447314283,10:40:13.447,53.6600,10
38426489528943,10:40:26.489,53.6700,10
38443231594865,10:40:43.231,53.6800,44
38464842580922,10:41:04.842,53.6900,5
38471307287246,10:41:11.307,53.6800,100
38471307287246,10:41:11.307,53.6800,100
38492280113691,10:41:32.280,53.6800,100
38492280113691,10:41:32.280,53.6800,32
38492280127583,10:41:32.280,53.6800,68
38492280132200,10:41:32.280,53.6800,68
38492280151691,10:41:32.280,53.6800,68
38492280203206,10:41:32.280,53.6800,64
38513344000220,10:41:53.344,53.6800,1
38513344099866,10:41:53.344,53.6800,1
38513344269306,10:41:53.344,53.6800,1
38513344375047,10:41:53.344,53.6800,1
38513344461865,10:41:53.344,53.6800,1
38513344778292,10:41:53.344,53.6800,1
38520213004038,10:42:00.213,53.6800,94
38520213004038,10:42:00.213,53.6800,53
38520213008005,10:42:00.213,53.6800,47
38539485103880,10:42:19.485,53.6800,100
38558029535994,10:42:38.029,53.6700,100
38588521098476,10:43:08.521,53.6700,100
38588660035951,10:43:08.660,53.6700,100
38617261150718,10:43:37.261,53.6800,33
38617261532043,10:43:37.261,53.6800,33
38641495939078,10:44:01.495,53.6800,34
38650156555501,10:44:10.156,53.7000,48
38650157190994,10:44:10.157,53.7000,100
38657471543075,10:44:17.471,53.7100,100
38667946263401,10:44:27.946,53.7200,100
38683049760213,10:44:43.049,53.7100,100
38717749472109,10:45:17.749,53.7100,100
38795447360576,10:46:35.447,53.7200,21
38795447390222,10:46:35.447,53.7200,79
38795448765689,10:46:35.448,53.7200,82
38807588272258,10:46:47.588,53.7250,6
38808753840625,10:46:48.753,53.7200,100
38808753854627,10:46:48.753,53.7200,56
38810159218959,10:46:50.159,53.7250,48
38811290377966,10:46:51.290,53.7200,44
38840961488193,10:47:20.961,53.7100,47
38840961503500,10:47:20.961,53.7100,153
38851732926266,10:47:31.732,53.7100,5
38888704298739,10:48:08.704,53.7000,100
38925122455420,10:48:45.122,53.7200,100
38925122455420,10:48:45.122,53.7200,100
38925122455420,10:48:45.122,53.7200,100
38950518131373,10:49:10.518,53.7000,67
39007936398538,10:50:07.936,53.6900,100
39007936569827,10:50:07.936,53.6900,100
39007936569827,10:50:07.936,53.6900,100
39007936569827,10:50:07.936,53.6900,100
39035161770984,10:50:35.161,53.6800,100
39046977412653,10:50:46.977,53.6700,70
39046977427201,10:50:46.977,53.6700,30
39051975571881,10:50:51.975,53.6700,100
39051975571881,10:50:51.975,53.6700,100
39060151485909,10:51:00.151,53.6800,100
39060151485909,10:51:00.151,53.6800,100
39060151622878,10:51:00.151,53.6800,100
39060180040330,10:51:00.180,53.6800,100
39076640030202,10:51:16.640,53.6800,52
39109846776452,10:51:49.846,53.6800,100
39160438498768,10:52:40.438,53.7000,100
39160438498768,10:52:40.438,53.7000,4
39160438504799,10:52:40.438,53.7000,10
39160438515572,10:52:40.438,53.7000,86
39160438521592,10:52:40.438,53.7000,96
39160438693886,10:52:40.438,53.7000,100
39160438693886,10:52:40.438,53.7000,100
39160438693886,10:52:40.438,53.7000,4
39165887351109,10:52:45.887,53.6900,100
39165887353603,10:52:45.887,53.6900,7
39165887522832,10:52:45.887,53.6900,100
39165887522832,10:52:45.887,53.6900,100
39165887522832,10:52:45.887,53.6900,93
39179853942024,10:52:59.853,53.6700,100
39179853942024,10:52:59.853,53.6700,90
39209197938786,10:53:29.197,53.6600,95
39209197940600,10:53:29.197,53.6600,30
39209197941983,10:53:29.197,53.6600,56
39210695175851,10:53:30.695,53.6600,19
39210695175851,10:53:30.695,53.6600,61
39210695206743,10:53:30.695,53.6600,4
39210695711377,10:53:30.695,53.6600,100
39210695935803,10:53:30.695,53.6600,35
39240536350964,10:54:00.536,53.6500,200
39240536350964,10:54:00.536,53.6500,200
39240536411579,10:54:00.536,53.6500,200
39252638863293,10:54:12.638,53.6600,100
39252638863293,10:54:12.638,53.6600,5
39252638863293,10:54:12.638,53.6600,100
39252638863293,10:54:12.638,53.6600,100
39252638863293,10:54:12.638,53.6600,100
39252638863293,10:54:12.638,53.6600,588
39252638863293,10:54:12.638,53.6600,500
39252638863293,10:54:12.638,53.6600,376
39252638863293,10:54:12.638,53.6600,131
39252638985657,10:54:12.638,53.6600,100
39252639213307,10:54:12.639,53.6600,69
39252649113496,10:54:12.649,53.6700,100
39253663456261,10:54:13.663,53.6700,100
39253663485080,10:54:13.663,53.6700,100
39266577925103,10:54:26.577,53.6700,100
39278345744058,10:54:38.345,53.6800,100
39279050341130,10:54:39.050,53.6850,100
39279050341130,10:54:39.050,53.6900,100
39279050341130,10:54:39.050,53.6900,100
39279050341130,10:54:39.050,53.6900,408
39279050341130,10:54:39.050,53.6900,100
39279050341130,10:54:39.050,53.6900,500
39279050341130,10:54:39.050,53.6900,250
39279050341130,10:54:39.050,53.6900,242
39279592424255,10:54:39.592,53.6900,100
39279592424255,10:54:39.592,53.6900,200
39297230310601,10:54:57.230,53.7100,100
39311418222992,10:55:11.418,53.7100,100
39311418545775,10:55:11.418,53.7100,100
39315381425345,10:55:15.381,53.7300,500
39315381425345,10:55:15.381,53.7300,248
39315381425345,10:55:15.381,53.7300,100
39315381425345,10:55:15.381,53.7300,100
39315381425345,10:55:15.381,53.7300,52
39317234423816,10:55:17.234,53.7300,100
39317234423816,10:55:17.234,53.7300,100
39317234529723,10:55:17.234,53.7300,100
39317234929805,10:55:17.234,53.7300,62
39317235050525,10:55:17.235,53.7300,38
39317235396249,10:55:17.235,53.7250,100
39317631548822,10:55:17.631,53.7300,74
39317632506966,10:55:17.632,53.7300,21
39317632576413,10:55:17.632,53.7300,21
39317632665004,10:55:17.632,53.7300,21
39317632930521,10:55:17.632,53.7300,21
39317633459822,10:55:17.633,53.7300,16
39317633459822,10:55:17.633,53.7300,5
39317633528370,10:55:17.633,53.7300,21
39317633591424,10:55:17.633,53.7300,21
39317633651649,10:55:17.633,53.7300,21
39318300336354,10:55:18.300,53.7300,100
39334159114060,10:55:34.159,53.7400,100
39334159114060,10:55:34.159,53.7400,264
39334159114060,10:55:34.159,53.7400,500
39334159114060,10:55:34.159,53.7400,100
39334159114060,10:55:34.159,53.7400,166
39334159114060,10:55:34.159,53.7400,230
39334159114060,10:55:34.159,53.7400,209
39334159114060,10:55:34.159,53.7400,100
39334159114060,10:55:34.159,53.7400,100
39334166407048,10:55:34.166,53.7450,100
39334167434635,10:55:34.167,53.7400,100
39334167434635,10:55:34.167,53.7400,100
39334179285351,10:55:34.179,53.7400,100
39334179285351,10:55:34.179,53.7400,100
39334179622910,10:55:34.179,53.7400,100
39334179622910,10:55:34.179,53.7400,100
39338319190803,10:55:38.319,53.7350,100
39338319190803,10:55:38.319,53.7400,100
39339400363251,10:55:39.400,53.7300,256
39339400376468,10:55:39.400,53.7300,129
39339400394326,10:55:39.400,53.7300,115
39339400394326,10:55:39.400,53.7300,100
39339400394326,10:55:39.400,53.7300,129
39339400405911,10:55:39.400,53.7300,344
39339400604404,10:55:39.400,53.7300,27
39358303470519,10:55:58.303,53.7200,88
39358303470519,10:55:58.303,53.7200,12
39393176046010,10:56:33.176,53.7300,100
39393176046010,10:56:33.176,53.7300,100
39393176046010,10:56:33.176,53.7300,200
39406422748354,10:56:46.422,53.7200,21
39406423126516,10:56:46.423,53.7200,100
39419680382224,10:56:59.680,53.7300,100
39419680470150,10:56:59.680,53.7300,100
39419680721524,10:56:59.680,53.7300,100
39419680756017,10:56:59.680,53.7300,100
39420065621461,10:57:00.065,53.7400,100
39420065629201,10:57:00.065,53.7400,99
39420065669515,10:57:00.065,53.7400,1
39420065669515,10:57:00.065,53.7400,7
39420065669515,10:57:00.065,53.7400,39
39420065736632,10:57:00.065,53.7400,61
39430268496997,10:57:10.268,53.7400,100
39430268496997,10:57:10.268,53.7400,12
39430268911134,10:57:10.268,53.7400,188
39430268911134,10:57:10.268,53.7400,104
39430268985662,10:57:10.268,53.7400,496
39430269080839,10:57:10.269,53.7400,103
39430269110493,10:57:10.269,53.7400,97
39430269110493,10:57:10.269,53.7400,3
39440047816833,10:57:20.047,53.7300,100
39456514683120,10:57:36.514,53.7400,100
39460747566609,10:57:40.747,53.7400,100
39460747566609,10:57:40.747,53.7400,100
39460747566609,10:57:40.747,53.7400,500
39460747566609,10:57:40.747,53.7400,100
39466683234544,10:57:46.683,53.7400,100
39466683234544,10:57:46.683,53.7400,100
39466683234544,10:57:46.683,53.7400,200
39466683306373,10:57:46.683,53.7400,300
39466683346698,10:57:46.683,53.7400,200
39466683796302,10:57:46.683,53.7300,100
39470673474297,10:57:50.673,53.7400,100
39470883215134,10:57:50.883,53.7400,100
39471757601715,10:57:51.757,53.7400,98
39471757601715,10:57:51.757,53.7400,100
39478296029904,10:57:58.296,53.7300,100
39497389000240,10:58:17.389,53.7500,100
39497389000240,10:58:17.389,53.7500,100
39497389000240,10:58:17.389,53.7500,100
39497389048569,10:58:17.389,53.7500,248
39497389137807,10:58:17.389,53.7500,100
39497389137807,10:58:17.389,53.7500,152
39505254937387,10:58:25.254,53.7500,100
39505254937387,10:58:25.254,53.7500,100
39505254937387,10:58:25.254,53.7500,100
39513064295931,10:58:33.064,53.7400,100
39513064295931,10:58:33.064,53.7400,100
39519511185759,10:58:39.511,53.7400,200
39519511290774,10:58:39.511,53.7400,100
39519511361381,10:58:39.511,53.7400,200
39521518669255,10:58:41.518,53.7400,200
39525917170255,10:58:45.917,53.7400,100
39525917170255,10:58:45.917,53.7400,100
39526070181611,10:58:46.070,53.7400,100
39534167429944,10:58:54.167,53.7400,200
39534167456819,10:58:54.167,53.7400,187
39534167659244,10:58:54.167,53.7400,13
39539929771975,10:58:59.929,53.7500,100
39539929771975,10:58:59.929,53.7500,100
39539929771975,10:58:59.929,53.7500,500
39539929771975,10:58:59.929,53.7500,100
39539929771975,10:58:59.929,53.7500,200
39541341979417,10:59:01.341,53.7500,100
39543436557057,10:59:03.436,53.7500,200
39543436557057,10:59:03.436,53.7500,100
39543436712677,10:59:03.436,53.7500,83
39543436898336,10:59:03.436,53.7500,17
39543436898336,10:59:03.436,53.7500,100
39543437320264,10:59:03.437,53.7500,100
39543438336535,10:59:03.438,53.7500,100
39543438434144,10:59:03.438,53.7500,100
39548793863391,10:59:08.793,53.7500,100
39548793863391,10:59:08.793,53.7500,748
39548793952237,10:59:08.793,53.7500,52
39548794187639,10:59:08.794,53.7500,200
39549274142458,10:59:09.274,53.7500,64
39549274172984,10:59:09.274,53.7500,36
39565459285174,10:59:25.459,53.7400,100
39565459285174,10:59:25.459,53.7400,100
39566742314300,10:59:26.742,53.7400,53
39566742314300,10:59:26.742,53.7400,100
39566742314300,10:59:26.742,53.7400,200
39581284874523,10:59:41.284,53.7400,100
39581284874523,10:59:41.284,53.7400,100
39581284875384,10:59:41.284,53.7400,200
39581284879335,10:59:41.284,53.7400,93
39581284983302,10:59:41.284,53.7400,100
39581284987557,10:59:41.284,53.7400,7
39587496482848,10:59:47.496,53.7400,100
39587496482848,10:59:47.496,53.7400,100
39587496482848,10:59:47.496,53.7400,100
39587496482848,10:59:47.496,53.7400,100
39587497149368,10:59:47.497,53.7400,100
39595675073959,10:59:55.675,53.7400,100
39600010919924,11:00:00.010,53.7400,99
39600010919924,11:00:00.010,53.7400,1
39600010919924,11:00:00.010,53.7400,200
39601013607238,11:00:01.013,53.7500,100
39601234208392,11:00:01.234,53.7500,200
39601234208392,11:00:01.234,53.7500,200
39601234208392,11:00:01.234,53.7500,200
39608739593431,11:00:08.739,53.7600,500
39608820253840,11:00:08.820,53.7600,100
39610150603493,11:00:10.150,53.7500,900
39610151025706,11:00:10.151,53.7400,100
39610151025706,11:00:10.151,53.7400,100
39610151516055,11:00:10.151,53.7400,100
39610151516055,11:00:10.151,53.7400,100
39610151791845,11:00:10.151,53.7400,100
39610475380150,11:00:10.475,53.7400,153
39618399015080,11:00:18.399,53.7500,100
39625200458614,11:00:25.200,53.7500,100
39633892658307,11:00:33.892,53.7400,100
39633892658307,11:00:33.892,53.7400,100
39633892658307,11:00:33.892,53.7400,100
39633892658307,11:00:33.892,53.7400,100
39636185446282,11:00:36.185,53.7400,100
39636185446282,11:00:36.185,53.7400,200
39636185446282,11:00:36.185,53.7400,100
39636185446282,11:00:36.185,53.7400,100
39645060839160,11:00:45.060,53.7300,100
39645060928774,11:00:45.060,53.7300,100
39662869515149,11:01:02.869,53.7300,100
39662869541144,11:01:02.869,53.7300,100
39662869541144,11:01:02.869,53.7300,200
39662869541144,11:01:02.869,53.7300,100
39662869588604,11:01:02.869,53.7300,100
39663055493120,11:01:03.055,53.7400,100
39663466246101,11:01:03.466,53.7500,200
39663596255183,11:01:03.596,53.7600,100
39666905262151,11:01:06.905,53.7500,5
39667472564629,11:01:07.472,53.7500,100
39671054484422,11:01:11.054,53.7500,37
39671055750041,11:01:11.055,53.7500,5
39671057459885,11:01:11.057,53.7500,58
39671057459885,11:01:11.057,53.7500,100
39680797681186,11:01:20.797,53.7400,100
39704601824936,11:01:44.601,53.7400,100
39704601855580,11:01:44.601,53.7400,100
39718403346534,11:01:58.403,53.7500,100
39722468579247,11:02:02.468,53.7500,100
39722468664259,11:02:02.468,53.7500,100
39727818577576,11:02:07.818,53.7550,100
39727818577576,11:02:07.818,53.7500,300
39739979514114,11:02:19.979,53.7500,300
39739979514114,11:02:19.979,53.7500,100
39739979514114,11:02:19.979,53.7500,100
39742529085828,11:02:22.529,53.7500,78
39742529103216,11:02:22.529,53.7500,22
39742590986910,11:02:22.590,53.7600,100
39781283802135,11:03:01.283,53.7700,100
39792252382570,11:03:12.252,53.7700,100
39792252382570,11:03:12.252,53.7700,100
39792252621583,11:03:12.252,53.7700,100
39792252621583,11:03:12.252,53.7700,100
39792252621583,11:03:12.252,53.7700,100
39792252718811,11:03:12.252,53.7700,100
39792252718811,11:03:12.252,53.7700,100
39799329426474,11:03:19.329,53.7700,44
39801039191451,11:03:21.039,53.7600,100
39805917762773,11:03:25.917,53.7500,100
39807917020473,11:03:27.917,53.7600,100
39807917020473,11:03:27.917,53.7600,100
39807917020473,11:03:27.917,53.7600,254
39858878178459,11:04:18.878,53.7700,100
39858878200610,11:04:18.878,53.7700,100
39858878405369,11:04:18.878,53.7700,200
39858878411785,11:04:18.878,53.7700,200
39859326013485,11:04:19.326,53.7700,200
39860722006834,11:04:20.722,53.7650,100
39860722006834,11:04:20.722,53.7650,100
39886849739226,11:04:46.849,53.7800,100
39888892681877,11:04:48.892,53.7800,56
39911339356491,11:05:11.339,53.8000,100
39911339356491,11:05:11.339,53.8000,100
39911339356491,11:05:11.339,53.8000,100
39921595209342,11:05:21.595,53.8000,21
39921595209342,11:05:21.595,53.8000,79
39921595238956,11:05:21.595,53.8000,21
39935202018590,11:05:35.202,53.8000,100
39935202018590,11:05:35.202,53.8000,100
39935202018590,11:05:35.202,53.8000,100
39935202018590,11:05:35.202,53.8000,500
39935202018590,11:05:35.202,53.8000,326
39935202018590,11:05:35.202,53.8000,169
39935202018590,11:05:35.202,53.8000,253
39935202018590,11:05:35.202,53.8000,152
39935202346106,11:05:35.202,53.8000,100
39935202546184,11:05:35.202,53.8000,100
39935202870402,11:05:35.202,53.8000,48
39936876829101,11:05:36.876,53.8000,23
39938123049421,11:05:38.123,53.8000,100
39949683385639,11:05:49.683,53.8000,100
39956178572147,11:05:56.178,53.8000,100
39970758617510,11:06:10.758,53.7900,100
39970758617510,11:06:10.758,53.7900,100
39970758617510,11:06:10.758,53.7900,100
39970758928458,11:06:10.758,53.7900,7
39977336313071,11:06:17.336,53.7800,100
39995790937654,11:06:35.790,53.7600,10
40015585635276,11:06:55.585,53.7700,100
40015585721286,11:06:55.585,53.7700,45
40015585729146,11:06:55.585,53.7700,55
40015585729146,11:06:55.585,53.7700,45
40015585752065,11:06:55.585,53.7700,55
40015588830742,11:06:55.588,53.7700,100
40015596318241,11:06:55.596,53.7700,100
40016788513931,11:06:56.788,53.7700,100
40016788513931,11:06:56.788,53.7700,100
40020211526921,11:07:00.211,53.7700,100
40028381311579,11:07:08.381,53.7900,100
40028381311579,11:07:08.381,53.7900,100
40028381311579,11:07:08.381,53.7900,295
40028381311579,11:07:08.381,53.7900,155
40028381311579,11:07:08.381,53.7900,200
40028381311579,11:07:08.381,53.7900,334
40028381311579,11:07:08.381,53.7900,500
40028608572006,11:07:08.608,53.7900,100
40031259894372,11:07:11.259,53.7900,100
40035541977664,11:07:15.541,53.7900,400
40036134120508,11:07:16.134,53.7900,100
40038734461894,11:07:18.734,53.7900,100
40041912886614,11:07:21.912,53.7900,100
40041912886614,11:07:21.912,53.7900,100
40043007863190,11:07:23.007,53.7900,100
40046223930095,11:07:26.223,53.7900,100
40046223930095,11:07:26.223,53.7900,20
40057885305472,11:07:37.885,53.7900,100
40057885305472,11:07:37.885,53.7900,100
40057885305472,11:07:37.885,53.7900,100
40079432203614,11:07:59.432,53.8000,100
40080936628839,11:08:00.936,53.8000,140
40080937162350,11:08:00.937,53.7900,100
40080937516969,11:08:00.937,53.7900,100
40086514405741,11:08:06.514,53.7800,100
40093195436350,11:08:13.195,53.7800,100
40106534813278,11:08:26.534,53.7700,100
40126279229696,11:08:46.279,53.7700,100
40134142531008,11:08:54.142,53.7700,100
40134167156082,11:08:54.167,53.7600,100
40160956713311,11:09:20.956,53.7600,100
40166903186473,11:09:26.903,53.7600,100
40167998684493,11:09:27.998,53.7600,100
40168040688284,11:09:28.040,53.7500,100
40169922818797,11:09:29.922,53.7600,500
40174514798768,11:09:34.514,53.7500,100
40174515291406,11:09:34.515,53.7400,100
40174515577595,11:09:34.515,53.7400,100
40186419198890,11:09:46.419,53.7500,100
40186419198890,11:09:46.419,53.7500,100
40186419198890,11:09:46.419,53.7500,500
40187216435327,11:09:47.216,53.7500,20
40187220324814,11:09:47.220,53.7500,100
40206133383074,11:10:06.133,53.7400,100
40208592281302,11:10:08.592,53.7400,90
40208592281302,11:10:08.592,53.7400,110
40208592515552,11:10:08.592,53.7400,90
40212167980674,11:10:12.167,53.7400,44
40223609685115,11:10:23.609,53.7500,100
40225669074883,11:10:25.669,53.7600,200
40225669315522,11:10:25.669,53.7600,300
40231270007979,11:10:31.270,53.7600,100
40231270007979,11:10:31.270,53.7600,100
40231270904575,11:10:31.270,53.7500,100
40231271658284,11:10:31.271,53.7500,100
40231272197170,11:10:31.272,53.7500,100
40237531960182,11:10:37.531,53.7500,1
40258971445605,11:10:58.971,53.7500,100
40288428506570,11:11:28.428,53.7500,100
40288428506570,11:11:28.428,53.7500,100
40288428506570,11:11:28.428,53.7500,100
40288608130396,11:11:28.608,53.7500,100
40293944429723,11:11:33.944,53.7500,100
40293944429723,11:11:33.944,53.7500,99
40293944494411,11:11:33.944,53.7500,1
40320684539510,11:12:00.684,53.7600,48
40320684555062,11:12:00.684,53.7600,52
40320684555062,11:12:00.684,53.7600,100
40320684560698,11:12:00.684,53.7600,122
40320687251995,11:12:00.687,53.7600,100
40320687302684,11:12:00.687,53.7600,100
40320687347067,11:12:00.687,53.7600,100
40320687427802,11:12:00.687,53.7600,100
40320687427802,11:12:00.687,53.7600,100
40321954848212,11:12:01.954,53.7600,100
40337264024586,11:12:17.264,53.7700,2
40340317247279,11:12:20.317,53.7700,366
40340317261823,11:12:20.317,53.7700,34
40362194257506,11:12:42.194,53.7600,50
40371733275330,11:12:51.733,53.7600,100
40374739595092,11:12:54.739,53.7600,100
40383297667061,11:13:03.297,53.7500,100
40401858581759,11:13:21.858,53.7500,100
40424147797400,11:13:44.147,53.7500,100
40442471429904,11:14:02.471,53.7500,100
40480095806686,11:14:40.095,53.7600,100
40480095808030,11:14:40.095,53.7600,100
40480095925741,11:14:40.095,53.7600,24
40486103562867,11:14:46.103,53.7600,76
40486103562867,11:14:46.103,53.7600,100
40486103562867,11:14:46.103,53.7600,100
40492973725746,11:14:52.973,53.7500,200
40492973725746,11:14:52.973,53.7500,303
40502245517012,11:15:02.245,53.7500,17
40502245517012,11:15:02.245,53.7500,83
40502245546505,11:15:02.245,53.7500,100
40511823158807,11:15:11.823,53.7600,3
40515793279825,11:15:15.793,53.7700,100
40515939909986,11:15:15.939,53.7600,11
40519875563386,11:15:19.875,53.7600,100
40531971263120,11:15:31.971,53.7500,100
40549360290285,11:15:49.360,53.7500,100
40564052317185,11:16:04.052,53.7500,100
40564052317185,11:16:04.052,53.7500,1
40564052323751,11:16:04.052,53.7500,98
40564052323751,11:16:04.052,53.7500,1
40564052323751,11:16:04.052,53.7500,1
40564052332176,11:16:04.052,53.7500,99
40579086386563,11:16:19.086,53.7500,5
40579086417050,11:16:19.086,53.7500,95
40579086417050,11:16:19.086,53.7500,100
40591085547635,11:16:31.085,53.7500,100
40591085547635,11:16:31.085,53.7500,100
40600354944356,11:16:40.354,53.7500,74
40600355018236,11:16:40.355,53.7500,110
40600355018236,11:16:40.355,53.7500,16
40612741341687,11:16:52.741,53.7600,29
40612741350098,11:16:52.741,53.7600,71
40626945526975,11:17:06.945,53.7700,100
40628507374249,11:17:08.507,53.7700,4
40643621291729,11:17:23.621,53.7800,200
40650590666757,11:17:30.590,53.7800,100
40650590666757,11:17:30.590,53.7800,100
40650590666757,11:17:30.590,53.7800,100
40650590965536,11:17:30.590,53.7800,100
40650590965536,11:17:30.590,53.7800,100
40650596599496,11:17:30.596,53.7800,100
40650596947480,11:17:30.596,53.7800,100
40653159719576,11:17:33.159,53.7700,100
40686966495020,11:18:06.966,53.7700,100
40707449542329,11:18:27.449,53.7600,4
40729371128984,11:18:49.371,53.7550,100
40729379387858,11:18:49.379,53.7600,100
40729379387858,11:18:49.379,53.7600,100
40729379387858,11:18:49.379,53.7600,100
40729379387858,11:18:49.379,53.7600,200
40729379387858,11:18:49.379,53.7600,174
40729379387858,11:18:49.379,53.7600,500
40729379387858,11:18:49.379,53.7600,626
40729379529927,11:18:49.379,53.7600,100
40729379529927,11:18:49.379,53.7600,300
40729386008339,11:18:49.386,53.7700,100
40729386008339,11:18:49.386,53.7700,100
40729386462033,11:18:49.386,53.7700,100
40729401918790,11:18:49.401,53.7700,100
40729402038909,11:18:49.402,53.7700,100
40729576909031,11:18:49.576,53.7600,100
40729576909031,11:18:49.576,53.7600,100
40736914442664,11:18:56.914,53.7700,100
40739804525159,11:18:59.804,53.7700,100
40748033525937,11:19:08.033,53.7800,100
40766666500965,11:19:26.666,53.7700,100
40766666500965,11:19:26.666,53.7700,172
40766666500965,11:19:26.666,53.7700,200
40766675179603,11:19:26.675,53.7600,100
40769990650245,11:19:29.990,53.7700,5
40772684036797,11:19:32.684,53.7700,95
40772684036797,11:19:32.684,53.7700,105
40772684076959,11:19:32.684,53.7700,92
40772684076959,11:19:32.684,53.7700,3
40777082477667,11:19:37.082,53.7700,20
40814616583934,11:20:14.616,53.7600,17
40814616583934,11:20:14.616,53.7600,100
40814616583934,11:20:14.616,53.7600,100
40814616583934,11:20:14.616,53.7600,100
40819071904268,11:20:19.071,53.7500,62
40819071985121,11:20:19.071,53.7500,38
40819071985121,11:20:19.071,53.7500,24
40819072054685,11:20:19.072,53.7500,4
40823163178256,11:20:23.163,53.7500,100
40823163178256,11:20:23.163,53.7500,100
40849537463001,11:20:49.537,53.7400,100
40869816029891,11:21:09.816,53.7400,100
40880034056215,11:21:20.034,53.7400,28
40880034262519,11:21:20.034,53.7400,10
40880035444025,11:21:20.035,53.7400,62
40895918366272,11:21:35.918,53.7400,100
40897793910563,11:21:37.793,53.7350,100
40901179591391,11:21:41.179,53.7300,100
40901314128010,11:21:41.314,53.7300,20
40930237512177,11:22:10.237,53.7300,200
40930237512177,11:22:10.237,53.7300,14
40930237525501,11:22:10.237,53.7300,5
40930237527159,11:22:10.237,53.7300,81
40936386782053,11:22:16.386,53.7200,100
40971121156195,11:22:51.121,53.7000,100
40991465679333,11:23:11.465,53.6900,100
40991644922792,11:23:11.644,53.6900,100
40992170154018,11:23:12.170,53.6900,100
40992170154018,11:23:12.170,53.6900,100
40992170400940,11:23:12.170,53.6900,2
40996613144369,11:23:16.613,53.6900,98
40996613144369,11:23:16.613,53.6900,2
40996613152730,11:23:16.613,53.6900,98
40996613152730,11:23:16.613,53.6900,2
40996613229417,11:23:16.613,53.6900,98
40996627227241,11:23:16.627,53.7000,100
41003055399040,11:23:23.055,53.7000,100
41003087475622,11:23:23.087,53.7000,100
41006833890900,11:23:26.833,53.7000,100
41018167267159,11:23:38.167,53.6900,80
41018167276967,11:23:38.167,53.6900,20
41018167276967,11:23:38.167,53.6900,100
41050553209969,11:24:10.553,53.7100,11
41052648951230,11:24:12.648,53.7100,89
41052648951230,11:24:12.648,53.7100,11
41052649004846,11:24:12.649,53.7100,89
41052649026030,11:24:12.649,53.7100,89
41052650458290,11:24:12.650,53.7100,11
41052650458290,11:24:12.650,53.7100,11
41052756027013,11:24:12.756,53.7100,77
41075087334016,11:24:35.087,53.7200,100
41075087364584,11:24:35.087,53.7200,100
41084614281197,11:24:44.614,53.7200,100
41084970450574,11:24:44.970,53.7200,100
41094406918816,11:24:54.406,53.7200,100
41099131217601,11:24:59.131,53.7100,100
41107770669790,11:25:07.770,53.7200,156
41107770724139,11:25:07.770,53.7200,344
41107770724139,11:25:07.770,53.7200,5
41110463838272,11:25:10.463,53.7200,43
41110463843978,11:25:10.463,53.7200,57
41116310670390,11:25:16.310,53.7100,90
41116310670390,11:25:16.310,53.7100,100
41116310670390,11:25:16.310,53.7100,10
41116310702573,11:25:16.310,53.7100,90
41116310888337,11:25:16.310,53.7100,100
41116310903520,11:25:16.310,53.7100,5
41116750164197,11:25:16.750,53.7100,100
41151599478947,11:25:51.599,53.6900,85
41151599506865,11:25:51.599,53.6900,15
41151599506865,11:25:51.599,53.6900,100
41154019486762,11:25:54.019,53.6800,100
41154277420905,11:25:54.277,53.6800,100
41154277497279,11:25:54.277,53.6800,100
41154277576910,11:25:54.277,53.6800,100
41154277652548,11:25:54.277,53.6800,100
41154277747679,11:25:54.277,53.6800,100
41154277829327,11:25:54.277,53.6800,100
41170609301096,11:26:10.609,53.6700,100
41170609786316,11:26:10.609,53.6700,21
41176044528576,11:26:16.044,53.6800,100
41176044654072,11:26:16.044,53.6800,100
41176633879773,11:26:16.633,53.6800,100
41186827652580,11:26:26.827,53.6800,100
41186827652580,11:26:26.827,53.6800,100
41189231673687,11:26:29.231,53.6800,100
41191089437939,11:26:31.089,53.6800,100
41191089466689,11:26:31.089,53.6800,100
41192217070072,11:26:32.217,53.6700,100
41212321676952,11:26:52.321,53.6700,100
41225686913725,11:27:05.686,53.6700,100
41229748717790,11:27:09.748,53.6700,100
41229748717790,11:27:09.748,53.6700,100
41252117221050,11:27:32.117,53.6700,100
41252117369167,11:27:32.117,53.6700,20
41276250672408,11:27:56.250,53.6700,4
41276251341718,11:27:56.251,53.6700,4
41276251369006,11:27:56.251,53.6700,92
41276251369006,11:27:56.251,53.6700,100
41309057923906,11:28:29.057,53.6700,100
41309057923906,11:28:29.057,53.6700,200
41309057923906,11:28:29.057,53.6700,100
41312281111929,11:28:32.281,53.6700,29
41312281124038,11:28:32.281,53.6700,71
41312281124038,11:28:32.281,53.6700,100
41312281128647,11:28:32.281,53.6700,171
41312281132790,11:28:32.281,53.6700,29
41337987096223,11:28:57.987,53.6700,96
41337987132839,11:28:57.987,53.6700,4
41342052908208,11:29:02.052,53.6500,900
41347856951751,11:29:07.856,53.6500,100
41371702010708,11:29:31.702,53.6850,100
41375662015460,11:29:35.662,53.6900,100
41377677669143,11:29:37.677,53.6900,16
41389042117732,11:29:49.042,53.7000,100
41415254572191,11:30:15.254,53.7200,16
41424793997346,11:30:24.793,53.7200,84
41424794026388,11:30:24.794,53.7200,16
41424794037901,11:30:24.794,53.7200,16
41424794082427,11:30:24.794,53.7200,8
41460047878987,11:31:00.047,53.7100,100
41460047878987,11:31:00.047,53.7100,100
41460047878987,11:31:00.047,53.7100,100
41460087509505,11:31:00.087,53.7000,100
41475748522613,11:31:15.748,53.7000,100
41475748522613,11:31:15.748,53.7000,100
41475816744913,11:31:15.816,53.7000,100
41475817307343,11:31:15.817,53.7000,51
41481906016694,11:31:21.906,53.7000,100
41481906016694,11:31:21.906,53.6900,100
41486650049184,11:31:26.650,53.6900,100
41489352091124,11:31:29.352,53.6900,100
41489352091124,11:31:29.352,53.6900,100
41493792305312,11:31:33.792,53.6900,100
41503109742486,11:31:43.109,53.6900,100
41537976796572,11:32:17.976,53.6850,100
41537976796572,11:32:17.976,53.6800,100
41537976796572,11:32:17.976,53.6800,29
41537976796572,11:32:17.976,53.6800,100
41543310050825,11:32:23.310,53.6900,100
41575022985339,11:32:55.022,53.6900,100
41591549087831,11:33:11.549,53.6900,100
41611761005692,11:33:31.761,53.6850,100
41617864907567,11:33:37.864,53.6850,100
41622951607145,11:33:42.951,53.6850,100
41637143788103,11:33:57.143,53.6900,82
41655460459255,11:34:15.460,53.6900,100
41655460459255,11:34:15.460,53.6900,100
41655460703567,11:34:15.460,53.6900,100
41655599862008,11:34:15.599,53.6900,100
41676306490375,11:34:36.306,53.6900,100
41676557058999,11:34:36.557,53.6900,100
41676557355718,11:34:36.557,53.7000,100
41687857138525,11:34:47.857,53.7300,100
41687857598403,11:34:47.857,53.7300,100
41687858011833,11:34:47.858,53.7400,100
41687858011833,11:34:47.858,53.7400,100
41687858346166,11:34:47.858,53.7400,100
41687858847741,11:34:47.858,53.7400,100
41688154750657,11:34:48.154,53.7400,5
41688457101556,11:34:48.457,53.7450,100
41688457101556,11:34:48.457,53.7500,100
41688457101556,11:34:48.457,53.7500,100
41688457970279,11:34:48.457,53.7500,100
41689237681126,11:34:49.237,53.7600,100
41689237712249,11:34:49.237,53.7600,200
41689237712249,11:34:49.237,53.7600,100
41690416298677,11:34:50.416,53.7600,100
41690416298677,11:34:50.416,53.7600,100
41690534522322,11:34:50.534,53.7600,50
41690908460135,11:34:50.908,53.7600,50
41690908460135,11:34:50.908,53.7600,50
41691682710581,11:34:51.682,53.7600,100
41692956831108,11:34:52.956,53.7650,100
41751020885959,11:35:51.020,53.7700,280
41751020885959,11:35:51.020,53.7700,20
41751020885959,11:35:51.020,53.7700,100
41761772850163,11:36:01.772,53.8000,11
41761772850163,11:36:01.772,53.8000,78
41778755653325,11:36:18.755,53.8100,11
41778755653325,11:36:18.755,53.8100,100
41778755653325,11:36:18.755,53.8100,100
41778755653325,11:36:18.755,53.8000,100
41778755653325,11:36:18.755,53.8000,100
41778755653325,11:36:18.755,53.8000,100
41831943718515,11:37:11.943,53.8300,100
41831943718515,11:37:11.943,53.8300,100
41847227020437,11:37:27.227,53.8600,153
41847227046152,11:37:27.227,53.8600,47
41948658266859,11:39:08.658,53.8700,100
41981025570735,11:39:41.025,53.8500,78
41981025639713,11:39:41.025,53.8500,78
41981025652105,11:39:41.025,53.8500,44
42017285613348,11:40:17.285,53.8400,35
42017285613348,11:40:17.285,53.8400,65
42017285613348,11:40:17.285,53.8400,7
42017285756824,11:40:17.285,53.8400,93
42091114984393,11:41:31.114,53.8200,100
42131252101079,11:42:11.252,53.8400,1
42131252314402,11:42:11.252,53.8400,99
42163788677455,11:42:43.788,53.8550,100
42163788677455,11:42:43.788,53.8600,100
42163788677455,11:42:43.788,53.8600,100
42164910076998,11:42:44.910,53.8700,100
42173389378477,11:42:53.389,53.8800,100
42173389378477,11:42:53.389,53.8800,100
42175250703104,11:42:55.250,53.8800,100
42175250703104,11:42:55.250,53.8800,100
42175250703104,11:42:55.250,53.8800,100
42175250703104,11:42:55.250,53.8800,100
42175251421784,11:42:55.251,53.8850,100
42175271925960,11:42:55.271,53.8700,100
42175271925960,11:42:55.271,53.8700,100
42178450887915,11:42:58.450,53.8800,100
42178478362782,11:42:58.478,53.8800,100
42178502547084,11:42:58.502,53.8800,100
42178502547084,11:42:58.502,53.8800,100
42178982796859,11:42:58.982,53.8800,100
42178985714989,11:42:58.985,53.8800,100
42178986243566,11:42:58.986,53.8800,100
42179097052963,11:42:59.097,53.8800,100
42179100129580,11:42:59.100,53.8800,100
42179100129580,11:42:59.100,53.8800,100
42181047263827,11:43:01.047,53.8800,100
42181047263827,11:43:01.047,53.8800,100
42187674079825,11:43:07.674,53.8800,100
42187676777064,11:43:07.676,53.8800,100
42196117622489,11:43:16.117,53.8900,197
42196117622489,11:43:16.117,53.8900,3
42196117622489,11:43:16.117,53.8900,3
42196117634487,11:43:16.117,53.8900,97
42201800831107,11:43:21.800,53.9100,100
42232342247325,11:43:52.342,53.9300,100
42237347928889,11:43:57.347,53.9300,100
42246080149712,11:44:06.080,53.9400,5
42280144493532,11:44:40.144,53.9400,200
42280144493532,11:44:40.144,53.9400,100
42280144551319,11:44:40.144,53.9400,100
42280144551319,11:44:40.144,53.9400,200
42280144923336,11:44:40.144,53.9400,20
42280146659643,11:44:40.146,53.9400,8
42281345234649,11:44:41.345,53.9200,14
42285959070775,11:44:45.959,53.9250,200
42338746311982,11:45:38.746,53.9300,40
42338746315523,11:45:38.746,53.9300,60
42361653050771,11:46:01.653,53.9300,78
42361653123210,11:46:01.653,53.9300,22
42361653123210,11:46:01.653,53.9300,22
42361653157871,11:46:01.653,53.9300,34
42361653191716,11:46:01.653,53.9300,10
42361653223824,11:46:01.653,53.9300,24
42363220467777,11:46:03.220,53.9300,10
42363220797159,11:46:03.220,53.9300,100
42380613819771,11:46:20.613,53.9400,100
42413519316154,11:46:53.519,53.9450,100
42418612573544,11:46:58.612,53.9450,100
42433761596525,11:47:13.761,53.9500,5
42438487799226,11:47:18.487,53.9600,100
42453697224752,11:47:33.697,53.9800,100
42453697224752,11:47:33.697,53.9900,100
42453697224752,11:47:33.697,53.9900,100
42453800156860,11:47:33.800,53.9900,50
42476228529462,11:47:56.228,53.9800,100
42476228568763,11:47:56.228,53.9800,200
42476228596835,11:47:56.228,53.9800,100
42476228598122,11:47:56.228,53.9800,200
42476491955246,11:47:56.491,53.9700,12
42476492031493,11:47:56.492,53.9700,12
42476492036756,11:47:56.492,53.9700,76
42476492036756,11:47:56.492,53.9700,100
42476492036756,11:47:56.492,53.9700,12
42476492079412,11:47:56.492,53.9700,88
42490226362257,11:48:10.226,53.9600,100
42499041100305,11:48:19.041,53.9400,100
42558742714871,11:49:18.742,53.9700,100
42609724440712,11:50:09.724,53.9600,100
42617451481950,11:50:17.451,53.9250,100
42627413751732,11:50:27.413,53.9200,14
42723001928662,11:52:03.001,53.8900,64
42723001935294,11:52:03.001,53.8900,36
42723001945371,11:52:03.001,53.8900,36
42723002263951,11:52:03.002,53.8900,14
42728091870872,11:52:08.091,53.8800,20
42788096782828,11:53:08.096,53.8700,1
42788096884998,11:53:08.096,53.8700,1
42788096939009,11:53:08.096,53.8700,98
42788096939009,11:53:08.096,53.8700,100
42793506273947,11:53:13.506,53.8900,28
42846641567309,11:54:06.641,53.9100,100
42886256741565,11:54:46.256,53.9000,100
42891959937644,11:54:51.959,53.8850,2
42900573210997,11:55:00.573,53.8800,1
42900573643550,11:55:00.573,53.8800,1
42900574112547,11:55:00.574,53.8800,1
42900574465526,11:55:00.574,53.8800,1
42900574581575,11:55:00.574,53.8800,1
42900574667769,11:55:00.574,53.8800,1
42900574729842,11:55:00.574,53.8800,1
42900574819989,11:55:00.574,53.8800,1
42900574904730,11:55:00.574,53.8800,1
42900574953971,11:55:00.574,53.8800,1
42900575152993,11:55:00.575,53.8800,1
42900575203457,11:55:00.575,53.8800,1
42900575346951,11:55:00.575,53.8800,1
42916567338030,11:55:16.567,53.8700,100
42969107196295,11:56:09.107,53.8600,200
42975902317794,11:56:15.902,53.8800,2
42975902317794,11:56:15.902,53.8800,87
42975902317794,11:56:15.902,53.8800,100
42981777703355,11:56:21.777,53.8900,100
42981777703355,11:56:21.777,53.8900,180
42981777703355,11:56:21.777,53.8900,20
42987735227973,11:56:27.735,53.8900,25
42987735459432,11:56:27.735,53.8900,75
42991904978781,11:56:31.904,53.8800,100
43000725500966,11:56:40.725,53.8800,95
43000725500966,11:56:40.725,53.8800,100
43020012998104,11:57:00.012,53.9100,100
43037961088804,11:57:17.961,53.9000,100
43037961088804,11:57:17.961,53.9000,100
43091448415449,11:58:11.448,53.8900,100
43103527849007,11:58:23.527,53.8800,100
43162040232249,11:59:22.040,53.9000,5
43162040232249,11:59:22.040,53.9000,100
43281730357534,12:01:21.730,53.8950,100
43296529246389,12:01:36.529,53.8950,100
43296529255200,12:01:36.529,53.8900,100
43296529321012,12:01:36.529,53.8900,100
43296529321012,12:01:36.529,53.8900,100
43302901513876,12:01:42.901,53.8800,7
43302901544957,12:01:42.901,53.8800,93
43302902490104,12:01:42.902,53.8800,100
43302904185117,12:01:42.904,53.8800,100
43320245534806,12:02:00.245,53.8900,200
43320245534806,12:02:00.245,53.8900,100
43320245534806,12:02:00.245,53.8900,98
43320245565596,12:02:00.245,53.8900,2
43320462854369,12:02:00.462,53.8950,100
43339728876489,12:02:19.728,53.9000,100
43348042820545,12:02:28.042,53.9100,100
43425142903724,12:03:45.142,53.9000,100
43425143133317,12:03:45.143,53.9000,100
43441797092331,12:04:01.797,53.9000,97
43441797092331,12:04:01.797,53.9000,3
43459748601981,12:04:19.748,53.9100,100
43459748614386,12:04:19.748,53.9100,100
43528942233349,12:05:28.942,53.8900,100
43553259804563,12:05:53.259,53.8800,100
43622648054054,12:07:02.648,53.8800,100
43624442485047,12:07:04.442,53.8800,2
43624443857052,12:07:04.443,53.8800,98
43644811601794,12:07:24.811,53.8600,2
43644811988515,12:07:24.811,53.8600,98
43736698216484,12:08:56.698,53.8600,100
43748521113181,12:09:08.521,53.8600,100
43748521189283,12:09:08.521,53.8600,100
43785372849848,12:09:45.372,53.8500,100
43785372849848,12:09:45.372,53.8500,100
43799725623094,12:09:59.725,53.8400,100
43865579164746,12:11:05.579,53.8400,100
43903125273786,12:11:43.125,53.8400,100
43951852029914,12:12:31.852,53.8400,32
43951852029914,12:12:31.852,53.8400,68
43951852029914,12:12:31.852,53.8400,119
44060778779395,12:14:20.778,53.8200,2
44060779199394,12:14:20.779,53.8200,37
44060779199394,12:14:20.779,53.8200,181
44103609051702,12:15:03.609,53.8200,200
44103609051702,12:15:03.609,53.8200,100
44103609051702,12:15:03.609,53.8200,57
44122488374236,12:15:22.488,53.8300,100
44155318832757,12:15:55.318,53.8200,100
44165685665621,12:16:05.685,53.8150,100
44170727952947,12:16:10.727,53.8150,100
44171672285452,12:16:11.672,53.8100,100
44171672285452,12:16:11.672,53.8100,100
44171672285452,12:16:11.672,53.8100,100
44171672500206,12:16:11.672,53.8100,100
44240731107890,12:17:20.731,53.8150,100
44256677196521,12:17:36.677,53.8200,100
44258470382828,12:17:38.470,53.8300,100
44258486285874,12:17:38.486,53.8300,100
44263563729468,12:17:43.563,53.8300,100
44320392172039,12:18:40.392,53.8200,80
44320392310315,12:18:40.392,53.8200,20
44320392310315,12:18:40.392,53.8200,100
44320392489947,12:18:40.392,53.8200,100
44320394729282,12:18:40.394,53.8200,100
44358834028319,12:19:18.834,53.8000,97
44358834028319,12:19:18.834,53.8000,3
44358834107508,12:19:18.834,53.8000,97
44389063163006,12:19:49.063,53.7850,100
44407318970448,12:20:07.318,53.7850,100
44422344235929,12:20:22.344,53.7850,100
44438486375860,12:20:38.486,53.7850,100
44438486375860,12:20:38.486,53.7800,23
44438486375860,12:20:38.486,53.7800,77
44438493337157,12:20:38.493,53.7850,100
44447225031066,12:20:47.225,53.7900,100
44470445685612,12:21:10.445,53.8050,100
44497004439044,12:21:37.004,53.8000,100
44497004439044,12:21:37.004,53.8000,100
44497004471623,12:21:37.004,53.8000,33
44497004509235,12:21:37.004,53.8000,33
44497004669835,12:21:37.004,53.8000,33
44497004673353,12:21:37.004,53.8000,33
44497005041667,12:21:37.005,53.8000,1
44547805720655,12:22:27.805,53.7900,100
44556975071043,12:22:36.975,53.7800,100
44556996333688,12:22:36.996,53.7850,100
44598869323741,12:23:18.869,53.7800,100
44665193364836,12:24:25.193,53.7750,100
44680196875337,12:24:40.196,53.7700,100
44680214405891,12:24:40.214,53.7600,100
44718190146910,12:25:18.190,53.7600,90
44718190146910,12:25:18.190,53.7600,100
44718190146910,12:25:18.190,53.7600,10
44720584903345,12:25:20.584,53.7550,10
44735810842431,12:25:35.810,53.7600,100
44804483936542,12:26:44.483,53.7700,100
44804866820071,12:26:44.866,53.7750,100
44846518647228,12:27:26.518,53.7700,5
44867926186630,12:27:47.926,53.7800,100
44910214321682,12:28:30.214,53.7900,22
44915918692632,12:28:35.918,53.7900,278
44956466502558,12:29:16.466,53.7700,36
44956467152694,12:29:16.467,53.7700,64
45019346877186,12:30:19.346,53.7650,100
45023161070431,12:30:23.161,53.7700,100
45023161070431,12:30:23.161,53.7700,100
45055605814796,12:30:55.605,53.7700,100
45055605814796,12:30:55.605,53.7700,100
45055605814796,12:30:55.605,53.7700,100
45056572985227,12:30:56.572,53.7600,1
45138599136001,12:32:18.599,53.7400,100
45138841907519,12:32:18.841,53.7400,103
45157189967712,12:32:37.189,53.7200,100
45157190212632,12:32:37.190,53.7200,100
45159474084449,12:32:39.474,53.7200,100
45160818056029,12:32:40.818,53.7200,100
45160818056029,12:32:40.818,53.7200,100
45205786751982,12:33:25.786,53.7200,100
45338793637116,12:35:38.793,53.7150,100
45338793637116,12:35:38.793,53.7200,50
45338793645933,12:35:38.793,53.7200,50
45371383074602,12:36:11.383,53.7100,100
45371383074602,12:36:11.383,53.7100,100
45371383105146,12:36:11.383,53.7100,60
45371383125074,12:36:11.383,53.7100,40
45374812546921,12:36:14.812,53.7000,1500
45374812546921,12:36:14.812,53.7000,20
45374813018751,12:36:14.813,53.7000,100
45374813018751,12:36:14.813,53.6900,100
45374813018751,12:36:14.813,53.6900,100
45377527807470,12:36:17.527,53.6900,100
45377527807470,12:36:17.527,53.6900,100
45388623596153,12:36:28.623,53.6900,100
45488341607945,12:38:08.341,53.6900,73
45492221918351,12:38:12.221,53.6900,43
45492221949444,12:38:12.221,53.6900,57
45506195887270,12:38:26.195,53.6900,100
45506195887270,12:38:26.195,53.6900,100
45557979730540,12:39:17.979,53.6800,100
45557979731190,12:39:17.979,53.6800,100
45557979731716,12:39:17.979,53.6800,100
45573105169849,12:39:33.105,53.6900,100
45613506109343,12:40:13.506,53.7000,100
45613506109343,12:40:13.506,53.7000,100
45613506109343,12:40:13.506,53.7000,100
45613506109343,12:40:13.506,53.7000,100
45613506109343,12:40:13.506,53.7000,100
45710912843970,12:41:50.912,53.6900,100
45710912845289,12:41:50.912,53.6900,100
45710915767461,12:41:50.915,53.6900,100
45710916597286,12:41:50.916,53.6900,100
45723968550897,12:42:03.968,53.7000,100
45776877561480,12:42:56.877,53.7000,96
45776877561480,12:42:56.877,53.7000,4
45776877561480,12:42:56.877,53.7000,100
45776877561480,12:42:56.877,53.7000,100
45871067538711,12:44:31.067,53.7000,5
45893327189837,12:44:53.327,53.7100,51
45893327205308,12:44:53.327,53.7100,49
45993757139482,12:46:33.757,53.7300,100
45993757139482,12:46:33.757,53.7300,100
45993757139482,12:46:33.757,53.7300,100
46050455003018,12:47:30.455,53.7300,100
46061244534568,12:47:41.244,53.7200,100
46066612516100,12:47:46.612,53.7100,20
46130469819629,12:48:50.469,53.7200,100
46142242163166,12:49:02.242,53.7050,100
46142242163166,12:49:02.242,53.7000,1
46142242163166,12:49:02.242,53.7000,18
46187919761540,12:49:47.919,53.7100,100
46211228782923,12:50:11.228,53.7200,100
46219222667256,12:50:19.222,53.7300,41
46219222710313,12:50:19.222,53.7300,159
46219222710313,12:50:19.222,53.7300,42
46219222902819,12:50:19.222,53.7300,33
46219222936101,12:50:19.222,53.7300,25
46279158720301,12:51:19.158,53.7400,100
46280000551855,12:51:20.000,53.7500,5
46280000551855,12:51:20.000,53.7500,85
46280019829302,12:51:20.019,53.7500,100
46341230614177,12:52:21.230,53.7600,100
46341230614177,12:52:21.230,53.7600,100
46341230832978,12:52:21.230,53.7600,100
46438676735243,12:53:58.676,53.7600,200
46438676735243,12:53:58.676,53.7600,100
46438692553053,12:53:58.692,53.7500,100
46440839475589,12:54:00.839,53.7500,20
46440839475589,12:54:00.839,53.7500,100
46440839602439,12:54:00.839,53.7500,100
46440840308907,12:54:00.840,53.7400,100
46440840308907,12:54:00.840,53.7400,100
46476152877700,12:54:36.152,53.7400,100
46513396311912,12:55:13.396,53.7300,1
46546152001821,12:55:46.152,53.7100,100
46546153135727,12:55:46.153,53.7100,11
46546153161270,12:55:46.153,53.7100,9
46558034025543,12:55:58.034,53.7200,100
46558089802118,12:55:58.089,53.7200,100
46585374676831,12:56:25.374,53.7400,75
46585374909676,12:56:25.374,53.7400,100
46585374948164,12:56:25.374,53.7400,25
46687936579013,12:58:07.936,53.7400,100
46687936579013,12:58:07.936,53.7400,100
46778025024890,12:59:38.025,53.7250,100
46778025024890,12:59:38.025,53.7250,4
46778025027713,12:59:38.025,53.7250,96
46778025027713,12:59:38.025,53.7200,55
46778025041766,12:59:38.025,53.7200,45
46779244486221,12:59:39.244,53.7100,100
46779244548690,12:59:39.244,53.7100,100
46832233720976,13:00:32.233,53.7100,100
46832233720976,13:00:32.233,53.7100,200
46832233720976,13:00:32.233,53.7100,100
46832233720976,13:00:32.233,53.7100,100
46881172665360,13:01:21.172,53.7300,100
46881172665360,13:01:21.172,53.7300,100
46881172665360,13:01:21.172,53.7300,100
46881173749610,13:01:21.173,53.7400,100
46881173749610,13:01:21.173,53.7400,100
46881173749610,13:01:21.173,53.7400,100
46881173749610,13:01:21.173,53.7400,5
46895832886495,13:01:35.832,53.7450,200
46895833410226,13:01:35.833,53.7400,100
46895833410226,13:01:35.833,53.7400,100
46895833410226,13:01:35.833,53.7400,2100
46896094656739,13:01:36.094,53.7400,100
46981307844908,13:03:01.307,53.7500,100
46981307844908,13:03:01.307,53.7500,100
46981307844908,13:03:01.307,53.7500,100
46981307932201,13:03:01.307,53.7500,100
46981307942194,13:03:01.307,53.7500,56
46981307967416,13:03:01.307,53.7500,44
46981309416298,13:03:01.309,53.7550,100
46989994298905,13:03:09.994,53.7500,100
47116962126341,13:05:16.962,53.7500,75
47117015191129,13:05:17.015,53.7500,7
47126867357089,13:05:26.867,53.7500,18
47126867473598,13:05:26.867,53.7500,18
47254097773187,13:07:34.097,53.7550,100
47260439482817,13:07:40.439,53.7500,18
47260439726955,13:07:40.439,53.7500,18
47260439780543,13:07:40.439,53.7500,18
47260439780543,13:07:40.439,53.7500,82
47260439964941,13:07:40.439,53.7500,18
47260439964941,13:07:40.439,53.7500,46
47260439964941,13:07:40.439,53.7500,36
47260439978810,13:07:40.439,53.7500,364
47305614132831,13:08:25.614,53.7500,96
47305614139183,13:08:25.614,53.7500,4
47379215629644,13:09:39.215,53.7600,100
47379215629644,13:09:39.215,53.7600,100
47444779737057,13:10:44.779,53.7600,400
47480657566276,13:11:20.657,53.7600,16
47480657567700,13:11:20.657,53.7600,184
47582859003751,13:13:02.859,53.7500,200
47596253966179,13:13:16.253,53.7500,23
47657943961581,13:14:17.943,53.7450,63
47671050698442,13:14:31.050,53.7400,100
47689935487589,13:14:49.935,53.7400,100
47705163986634,13:15:05.163,53.7400,5
47718556199173,13:15:18.556,53.7400,95
47718556199173,13:15:18.556,53.7400,5
47759816600447,13:15:59.816,53.7300,22
47806299666064,13:16:46.299,53.7450,73
47809984484047,13:16:49.984,53.7400,100
47809984484047,13:16:49.984,53.7400,100
47903811708114,13:18:23.811,53.7600,100
47952268726673,13:19:12.268,53.7700,100
47952268845127,13:19:12.268,53.7700,100
47977063298433,13:19:37.063,53.7750,100
48014849933427,13:20:14.849,53.7650,1
48020998395093,13:20:20.998,53.7550,100
48045814048120,13:20:45.814,53.7500,90
48045814048120,13:20:45.814,53.7500,10
48070386167944,13:21:10.386,53.7500,100
48078163730657,13:21:18.163,53.7600,100
48078163730657,13:21:18.163,53.7600,100
48078163730657,13:21:18.163,53.7600,100
48078163730657,13:21:18.163,53.7600,100
48078163730657,13:21:18.163,53.7600,200
48342404641273,13:25:42.404,53.7400,100
48439186629845,13:27:19.186,53.7400,100
48439186920806,13:27:19.186,53.7400,100
48560669302577,13:29:20.669,53.7300,100
48560669374902,13:29:20.669,53.7300,100
48595043357761,13:29:55.043,53.7300,100
48691851433866,13:31:31.851,53.7400,100
48691937213864,13:31:31.937,53.7450,45
48715075066092,13:31:55.075,53.7550,100
48715075066092,13:31:55.075,53.7600,100
48715075066092,13:31:55.075,53.7600,200
48717987395486,13:31:57.987,53.7600,100
48732997351443,13:32:12.997,53.7500,100
48768387765688,13:32:48.387,53.7600,100
48768388154269,13:32:48.388,53.7600,100
48772572216883,13:32:52.572,53.7600,100
48821442328496,13:33:41.442,53.7600,100
49058768688166,13:37:38.768,53.7600,100
49222125672505,13:40:22.125,53.7550,12
49239083122981,13:40:39.083,53.7500,1
49249623257799,13:40:49.623,53.7400,100
49249623257799,13:40:49.623,53.7400,100
49249623257799,13:40:49.623,53.7400,100
49267442455522,13:41:07.442,53.7400,100
49267442455522,13:41:07.442,53.7400,100
49349793712227,13:42:29.793,53.7300,11
49350215510268,13:42:30.215,53.7300,89
49402485399401,13:43:22.485,53.7300,91
49402485626382,13:43:22.485,53.7300,9
49402485626382,13:43:22.485,53.7300,189
49402485632476,13:43:22.485,53.7300,11
49402485632476,13:43:22.485,53.7300,100
49402485632476,13:43:22.485,53.7300,47
49402518527056,13:43:22.518,53.7300,100
49402518527056,13:43:22.518,53.7300,100
49454786304092,13:44:14.786,53.7300,100
49460994316366,13:44:20.994,53.7150,85
49462702678552,13:44:22.702,53.7100,100
49462702680227,13:44:22.702,53.7100,100
49462702680810,13:44:22.702,53.7100,100
49475703255100,13:44:35.703,53.7200,100
49475703255100,13:44:35.703,53.7200,100
49481988133484,13:44:41.988,53.7200,100
49488284467547,13:44:48.284,53.7200,100
49493145364769,13:44:53.145,53.7200,6
49493145394689,13:44:53.145,53.7200,94
49493145394689,13:44:53.145,53.7200,100
49493145394689,13:44:53.145,53.7200,200
49501194308694,13:45:01.194,53.7200,100
49501347002206,13:45:01.347,53.7100,100
49501347347324,13:45:01.347,53.7100,100
49501347347324,13:45:01.347,53.7100,100
49501347347324,13:45:01.347,53.7100,100
49506428474682,13:45:06.428,53.7200,100
49524323614739,13:45:24.323,53.7000,21
49524323642380,13:45:24.323,53.7000,79
49526831015511,13:45:26.831,53.6900,100
49526831015511,13:45:26.831,53.6900,100
49526831015511,13:45:26.831,53.6900,100
49526831015511,13:45:26.831,53.6900,100
49532603020063,13:45:32.603,53.6900,100
49577603273940,13:46:17.603,53.7000,100
49680918938192,13:48:00.918,53.7000,100
49680918938192,13:48:00.918,53.7000,75
49680918964790,13:48:00.918,53.7000,25
49680918964790,13:48:00.918,53.7000,5
49690866956038,13:48:10.866,53.7100,100
49736421001471,13:48:56.421,53.7100,100
49736421191052,13:48:56.421,53.7100,93
49736421191052,13:48:56.421,53.7100,7
49739442326236,13:48:59.442,53.7100,100
49779742760394,13:49:39.742,53.7000,100
49852275375061,13:50:52.275,53.7100,100
49913472966496,13:51:53.472,53.7000,100
49916935134237,13:51:56.935,53.7000,100
49916935134237,13:51:56.935,53.7000,16
50050637437070,13:54:10.637,53.6700,100
50050637437070,13:54:10.637,53.6700,100
50050637437070,13:54:10.637,53.6700,100
50050637437070,13:54:10.637,53.6700,100
50050637437070,13:54:10.637,53.6700,100
50050637437070,13:54:10.637,53.6700,100
50050664585903,13:54:10.664,53.6700,100
50050666277235,13:54:10.666,53.6700,100
50050688708848,13:54:10.688,53.6800,100
50050688708848,13:54:10.688,53.6800,100
50050690362475,13:54:10.690,53.6800,100
50050963339222,13:54:10.963,53.6800,100
50058827599411,13:54:18.827,53.6900,100
50064724217237,13:54:24.724,53.6900,100
50104752488049,13:55:04.752,53.6800,5
50141413873995,13:55:41.413,53.6800,100
50141413873995,13:55:41.413,53.6800,100
50154994706937,13:55:54.994,53.6900,2
50155084184047,13:55:55.084,53.6800,100
50224277796718,13:57:04.277,53.7000,100
50239095124530,13:57:19.095,53.7100,98
50239095124530,13:57:19.095,53.7100,2
50239095124530,13:57:19.095,53.7100,80
50239095125487,13:57:19.095,53.7100,20
50239095125487,13:57:19.095,53.7100,100
50242484769132,13:57:22.484,53.7100,100
50258853793940,13:57:38.853,53.7100,2
50274849204059,13:57:54.849,53.7100,100
50277741471971,13:57:57.741,53.7100,48
50408993441197,14:00:08.993,53.7000,65
50408994089905,14:00:08.994,53.7000,35
50408995845120,14:00:08.995,53.7100,100
50409037272894,14:00:09.037,53.7100,19
50409037502720,14:00:09.037,53.7100,81
50409268299596,14:00:09.268,53.7100,100
50409268299596,14:00:09.268,53.7200,114
50409364571901,14:00:09.364,53.6800,100
50415750103474,14:00:15.750,53.7200,185
50415750103474,14:00:15.750,53.7200,1
50417089800025,14:00:17.089,53.7200,48
50417090090643,14:00:17.090,53.7200,48
50417090256864,14:00:17.090,53.7200,48
50417090344999,14:00:17.090,53.7200,48
50417589794765,14:00:17.589,53.7200,8
50417589794765,14:00:17.589,53.7200,12
50417767640124,14:00:17.767,53.7200,300
50417767640124,14:00:17.767,53.7200,14
50434954558078,14:00:34.954,53.7500,100
50434954558078,14:00:34.954,53.7500,97
50434954558078,14:00:34.954,53.7500,3
50461612243240,14:01:01.612,53.7900,100
50461614852398,14:01:01.614,53.7900,100
50461615240812,14:01:01.615,53.8000,100
50467746136766,14:01:07.746,53.8400,100
50498588182635,14:01:38.588,53.8300,47
50498588188604,14:01:38.588,53.8300,53
50503261609539,14:01:43.261,53.8400,196
50503261609539,14:01:43.261,53.8400,4
50513433415612,14:01:53.433,53.8600,100
50513433415612,14:01:53.433,53.8600,62
50513433434841,14:01:53.433,53.8600,21
50513433434841,14:01:53.433,53.8600,17
50522224739043,14:02:02.224,53.8800,100
50528346668672,14:02:08.346,53.8800,6
50537827355099,14:02:17.827,53.8600,100
50537827355099,14:02:17.827,53.8600,100
50537830654169,14:02:17.830,53.8600,100
50537831811458,14:02:17.831,53.8600,100
50537832051982,14:02:17.832,53.8600,100
50537834187257,14:02:17.834,53.8600,100
50537834433608,14:02:17.834,53.8600,100
50537849509301,14:02:17.849,53.8600,111
50581778151943,14:03:01.778,53.8600,100
50588634471816,14:03:08.634,53.9300,5
50588634704884,14:03:08.634,53.9300,73
50773163135603,14:06:13.163,53.9500,94
51001452434601,14:10:01.452,53.9500,98
51001452434601,14:10:01.452,53.9500,2
51022223065215,14:10:22.223,53.9700,100
51027269553503,14:10:27.269,53.9700,100
51044901545607,14:10:44.901,53.9800,42
51044901545607,14:10:44.901,53.9800,49
51044901561015,14:10:44.901,53.9800,51
51044905073904,14:10:44.905,53.9900,5
51059337020609,14:10:59.337,53.9900,100
51075258998808,14:11:15.258,54.0000,94
51075258998808,14:11:15.258,54.0000,100
51080472380482,14:11:20.472,54.0000,27
51102840325813,14:11:42.840,53.9950,100
51111285565498,14:11:51.285,54.0000,37
51124122868841,14:12:04.122,53.9900,100
51130972214146,14:12:10.972,54.0000,93
51151132182596,14:12:31.132,54.0000,93
51183104953819,14:13:03.104,53.9900,100
51206421765757,14:13:26.421,54.0000,100
51207213888170,14:13:27.213,54.0000,100
51208079005648,14:13:28.079,54.0000,20
51208080237017,14:13:28.080,53.9900,100
51209543871644,14:13:29.543,53.9800,100
51209543871644,14:13:29.543,53.9800,100
51225325024669,14:13:45.325,54.0050,100
51232811688095,14:13:52.811,54.0100,100
51256397297642,14:14:16.397,54.0500,89
51256397607739,14:14:16.397,54.0500,5
51256397841877,14:14:16.397,54.0500,6
51300178576610,14:15:00.178,54.0300,77
51300183902811,14:15:00.183,54.0300,23
51300183993065,14:15:00.183,54.0300,23
51300183994264,14:15:00.183,54.0300,23
51300201759458,14:15:00.201,54.0300,54
51300286440249,14:15:00.286,54.0300,100
51300334602440,14:15:00.334,54.0300,90
51300382526644,14:15:00.382,54.0200,100
51300388161903,14:15:00.388,54.0200,56
51300388398335,14:15:00.388,54.0200,44
51300388798397,14:15:00.388,54.0200,56
51300389031280,14:15:00.389,54.0200,2
51300389066909,14:15:00.389,54.0200,42
51300389162074,14:15:00.389,54.0200,100
51300459783733,14:15:00.459,54.0150,100
51303378340713,14:15:03.378,54.0000,100
51304606508935,14:15:04.606,54.0000,200
51304606739874,14:15:04.606,54.0000,6
51304606739874,14:15:04.606,54.0000,94
51307010265150,14:15:07.010,54.0050,100
51307010265150,14:15:07.010,54.0050,100
51307010265150,14:15:07.010,54.0000,100
51307010265150,14:15:07.010,54.0000,100
51321984988989,14:15:21.984,54.0100,100
51321985197879,14:15:21.985,54.0100,100
51321985198537,14:15:21.985,54.0100,74
51321985200225,14:15:21.985,54.0100,26
51336973185098,14:15:36.973,53.9950,100
51360458853240,14:16:00.458,54.0150,100
51360458853240,14:16:00.458,54.0150,71
51427004997257,14:17:07.004,54.0100,84
51427004997257,14:17:07.004,54.0100,16
51427004997257,14:17:07.004,54.0100,100
51432101684517,14:17:12.101,54.0350,5
51442105024944,14:17:22.105,54.0300,100
51490547709478,14:18:10.547,54.0400,100
51524539905549,14:18:44.539,54.0150,95
51553374314796,14:19:13.374,54.0300,100
51573218780569,14:19:33.218,54.0600,100
51593446588919,14:19:53.446,54.0500,100
51601243366222,14:20:01.243,54.0500,100
51601259283325,14:20:01.259,54.0500,14
51617232431650,14:20:17.232,54.0400,3
51636645644810,14:20:36.645,54.0150,100
51653161184479,14:20:53.161,54.0300,100
51653989408551,14:20:53.989,54.0300,98
51653989408551,14:20:53.989,54.0300,2
51677373014628,14:21:17.373,54.0650,100
51677588451079,14:21:17.588,54.0650,100
51710878534000,14:21:50.878,54.0600,64
51710879038546,14:21:50.879,54.0600,36
51710879038546,14:21:50.879,54.0600,28
51711738009344,14:21:51.738,54.0550,100
51736381100239,14:22:16.381,54.0600,200
51736381660417,14:22:16.381,54.0600,100
51742443977945,14:22:22.443,54.0600,100
51742444363883,14:22:22.444,54.0600,33
51750385952251,14:22:30.385,54.0550,10
51750389303798,14:22:30.389,54.0500,100
51750392591612,14:22:30.392,54.0500,100
51750392591612,14:22:30.392,54.0500,100
51750392591612,14:22:30.392,54.0500,10
51858236905579,14:24:18.236,54.0300,5
51865985756041,14:24:25.985,54.0300,100
51878960368353,14:24:38.960,54.0200,100
51897805699482,14:24:57.805,54.0200,7
51916828756621,14:25:16.828,54.0100,15
51934970283947,14:25:34.970,54.0100,97
51934970283947,14:25:34.970,54.0100,3
51960845917469,14:26:00.845,54.0000,95
51960845917469,14:26:00.845,54.0000,5
52042886026892,14:27:22.886,53.9800,76
52043265501714,14:27:23.265,53.9800,100
52043265501714,14:27:23.265,53.9800,100
52043265501714,14:27:23.265,53.9800,100
52154406289784,14:29:14.406,53.9750,5
52156622365709,14:29:16.622,53.9550,100
52166613541579,14:29:26.613,53.9500,199
52166613541579,14:29:26.613,53.9500,1
52166613541579,14:29:26.613,53.9500,100
52166613541579,14:29:26.613,53.9500,100
52166613541579,14:29:26.613,53.9500,100
52214021360743,14:30:14.021,53.9400,45
52268845578356,14:31:08.845,53.9500,100
52275128633371,14:31:15.128,53.9600,90
52275128633371,14:31:15.128,53.9600,10
52330525944812,14:32:10.525,53.9600,100
52360104118179,14:32:40.104,53.9600,96
52457407894121,14:34:17.407,54.0000,58
52537806914895,14:35:37.806,54.0100,5
52542858661781,14:35:42.858,54.0100,85
52557049014031,14:35:57.049,54.0000,100
52563848053275,14:36:03.848,53.9800,100
52563848055162,14:36:03.848,53.9800,100
52578273898546,14:36:18.273,53.9700,100
52578273898546,14:36:18.273,53.9700,297
52578273898546,14:36:18.273,53.9700,3
52579099774424,14:36:19.099,53.9800,100
52579316271409,14:36:19.316,53.9850,100
52579316271409,14:36:19.316,53.9850,100
52619195511288,14:36:59.195,53.9900,100
52691584843516,14:38:11.584,54.0400,100
52691584843516,14:38:11.584,54.0400,12
52723070720966,14:38:43.070,54.0600,98
52723070720966,14:38:43.070,54.0600,2
52743146632670,14:39:03.146,54.0700,100
52743146632670,14:39:03.146,54.0700,100
52752788819751,14:39:12.788,54.0500,49
52752788850656,14:39:12.788,54.0500,49
52752788850656,14:39:12.788,54.0500,2
52755473701737,14:39:15.473,54.0500,100
52772388283629,14:39:32.388,54.0200,5
52814633526378,14:40:14.633,54.0500,16
52831580927049,14:40:31.580,54.0300,100
52921653000624,14:42:01.653,54.0550,100
52939696205201,14:42:19.696,54.0700,10
52990935276570,14:43:10.935,54.0400,40
52990935289671,14:43:10.935,54.0400,60
53016346682590,14:43:36.346,54.0500,100
53031986425380,14:43:51.986,54.0500,67
53031986466476,14:43:51.986,54.0500,33
53031986466476,14:43:51.986,54.0500,77
53031987280868,14:43:51.987,54.0500,23
53189268362270,14:46:29.268,54.0700,77
53189268941392,14:46:29.268,54.0700,23
53189268941392,14:46:29.268,54.0700,77
53189269450514,14:46:29.269,54.0700,23
53227749352422,14:47:07.749,54.0800,100
53227749383401,14:47:07.749,54.0800,100
53251577223437,14:47:31.577,54.0800,5
53359805515334,14:49:19.805,54.0900,200
53429662860067,14:50:29.662,54.0800,48
53429662886609,14:50:29.662,54.0800,52
53436012368835,14:50:36.012,54.0750,7
53446766064447,14:50:46.766,54.0600,100
53459297940768,14:50:59.297,54.0500,100
53466232464959,14:51:06.232,54.0300,100
53500098218023,14:51:40.098,54.0300,100
53522818065566,14:52:02.818,54.0300,100
53522847294429,14:52:02.847,54.0350,9
53533027531264,14:52:13.027,54.0550,100
53542012143282,14:52:22.012,54.0700,100
53559309746578,14:52:39.309,54.0800,100
53574542461135,14:52:54.542,54.1000,196
53574542479985,14:52:54.542,54.1000,4
53596724724745,14:53:16.724,54.1200,95
53596724731801,14:53:16.724,54.1200,5
53599842283321,14:53:19.842,54.1250,100
53620051885555,14:53:40.051,54.1100,100
53651689559527,14:54:11.689,54.1150,37
53667301135365,14:54:27.301,54.1200,100
53668179408187,14:54:28.179,54.1200,39
53695000742797,14:54:55.000,54.1150,200
53695149681929,14:54:55.149,54.1200,100
53695252429322,14:54:55.252,54.1300,5
53699232032899,14:54:59.232,54.1300,100
53714887397404,14:55:14.887,54.1400,100
53714887397404,14:55:14.887,54.1400,100
53714914652055,14:55:14.914,54.1450,200
53714914652055,14:55:14.914,54.1500,100
53714946399652,14:55:14.946,54.1500,131
53714946409968,14:55:14.946,54.1500,69
53714954667853,14:55:14.954,54.1500,100
53714968734629,14:55:14.968,54.1600,100
53715566362834,14:55:15.566,54.1600,100
53715572944783,14:55:15.572,54.1500,100
53715573323088,14:55:15.573,54.1500,14
53715573425501,14:55:15.573,54.1500,14
53715573542290,14:55:15.573,54.1500,14
53720315040547,14:55:20.315,54.1600,100
53720315040547,14:55:20.315,54.1600,100
53720352867795,14:55:20.352,54.1600,181
53720896419311,14:55:20.896,54.1600,300
53721620674625,14:55:21.620,54.1600,200
53721620674625,14:55:21.620,54.1600,100
53721631331579,14:55:21.631,54.1700,100
53727791123163,14:55:27.791,54.1700,100
53727800314293,14:55:27.800,54.1700,10
53728122421805,14:55:28.122,54.1700,100
53728122421805,14:55:28.122,54.1700,100
53728122421805,14:55:28.122,54.1700,100
53728122531429,14:55:28.122,54.1700,100
53728122579542,14:55:28.122,54.1700,90
53728425496169,14:55:28.425,54.1600,100
53728425496169,14:55:28.425,54.1600,100
53731104869540,14:55:31.104,54.1500,90
53731105366622,14:55:31.105,54.1500,100
53771089056677,14:56:11.089,54.1450,100
53771089056677,14:56:11.089,54.1450,100
53771089056677,14:56:11.089,54.1450,100
53776636646323,14:56:16.636,54.1500,10
53776636646323,14:56:16.636,54.1500,100
53776636646323,14:56:16.636,54.1500,100
53776636646323,14:56:16.636,54.1500,100
53776636646323,14:56:16.636,54.1500,100
53776638685217,14:56:16.638,54.1600,78
53776638685217,14:56:16.638,54.1600,22
53776638685217,14:56:16.638,54.1600,100
53776650264561,14:56:16.650,54.1750,200
53776650264561,14:56:16.650,54.1800,100
53776650264561,14:56:16.650,54.1800,100
53776650264561,14:56:16.650,54.1800,100
53776653353679,14:56:16.653,54.1800,100
53776653353679,14:56:16.653,54.1900,100
53776653353679,14:56:16.653,54.1900,100
53776656829355,14:56:16.656,54.1800,100
53776657551800,14:56:16.657,54.1800,100
53776657573228,14:56:16.657,54.1800,100
53776657597147,14:56:16.657,54.1800,100
53776659005499,14:56:16.659,54.1800,100
53777457451410,14:56:17.457,54.1850,300
53778732748211,14:56:18.732,54.1850,100
53778732748211,14:56:18.732,54.1850,200
53778732748211,14:56:18.732,54.1850,100
53778844515673,14:56:18.844,54.1900,100
53778950630250,14:56:18.950,54.1900,100
53781263399842,14:56:21.263,54.1900,200
53781276234022,14:56:21.276,54.1900,100
53781276234022,14:56:21.276,54.1900,100
53783272373408,14:56:23.272,54.1950,200
53783272373408,14:56:23.272,54.1900,100
53790244539703,14:56:30.244,54.1900,100
53790244539703,14:56:30.244,54.1900,25
53800929596711,14:56:40.929,54.1900,71
53800929596711,14:56:40.929,54.1900,4
53800929596711,14:56:40.929,54.1900,100
53800929596711,14:56:40.929,54.1900,25
53800929992176,14:56:40.929,54.1900,28
53800930155894,14:56:40.930,54.1900,40
53822072096893,14:57:02.072,54.1900,100
53822072096893,14:57:02.072,54.1900,100
53822072096893,14:57:02.072,54.1900,55
53822072101937,14:57:02.072,54.1900,45
53822072129843,14:57:02.072,54.1900,45
53822072134726,14:57:02.072,54.1900,45
53822238569448,14:57:02.238,54.1900,10
53830810360684,14:57:10.810,54.1800,93
53830810592141,14:57:10.810,54.1800,7
53830810592141,14:57:10.810,54.1800,100
53830810592141,14:57:10.810,54.1800,144
53830810593443,14:57:10.810,54.1800,20
53830810596476,14:57:10.810,54.1800,36
53832823977237,14:57:12.823,54.1800,200
53839789753266,14:57:19.789,54.1700,50
53899800433899,14:58:19.800,54.1800,100
53901207570065,14:58:21.207,54.1900,93
53913341292131,14:58:33.341,54.2000,207
53913341363515,14:58:33.341,54.2000,293
53946980875022,14:59:06.980,54.2500,100
53946986940804,14:59:06.986,54.2600,100
53946986940804,14:59:06.986,54.2600,100
54020096516094,15:00:20.096,54.2700,9
54020096530117,15:00:20.096,54.2700,121
54020096530117,15:00:20.096,54.2700,100
54020096530117,15:00:20.096,54.2700,200
54027550100712,15:00:27.550,54.2600,40
54027550100712,15:00:27.550,54.2600,60
54027561829334,15:00:27.561,54.2600,40
54047593287471,15:00:47.593,54.2600,100
54047593287471,15:00:47.593,54.2600,100
54094588468599,15:01:34.588,54.2500,3
54120772984580,15:02:00.772,54.2550,5
54127049503689,15:02:07.049,54.2600,20
54127049503689,15:02:07.049,54.2600,100
54127049503689,15:02:07.049,54.2600,40
54137475622212,15:02:17.475,54.2700,100
54137475622212,15:02:17.475,54.2700,100
54137475622212,15:02:17.475,54.2700,100
54137475622212,15:02:17.475,54.2700,100
54137475622212,15:02:17.475,54.2800,100
54137650477852,15:02:17.650,54.2900,100
54138677337984,15:02:18.677,54.2900,100
54138677337984,15:02:18.677,54.2900,100
54141216250407,15:02:21.216,54.2750,200
54141216250407,15:02:21.216,54.2700,100
54141216250407,15:02:21.216,54.2700,100
54141217567555,15:02:21.217,54.2700,100
54141217567555,15:02:21.217,54.2700,100
54141217875973,15:02:21.217,54.2700,100
54143930622367,15:02:23.930,54.2600,100
54143931221658,15:02:23.931,54.2600,100
54143931221658,15:02:23.931,54.2600,100
54143931221658,15:02:23.931,54.2600,97
54143931396649,15:02:23.931,54.2600,3
54177755901800,15:02:57.755,54.2500,65
