timestamp,time,price,volume
34200357871579,09:30:00.357,0.0000,0
34291011093470,09:31:31.011,43.2500,10
34291011093470,09:31:31.011,43.2500,100
34291011835455,09:31:31.011,43.2400,100
34291011846576,09:31:31.011,43.2500,100
34292437081690,09:31:32.437,43.2500,100
34292437081690,09:31:32.437,43.2500,100
34292693367021,09:31:32.693,43.2400,10
34294689904728,09:31:34.689,43.2400,90
34294689904728,09:31:34.689,43.2400,110
34409522334933,09:33:29.522,43.1800,100
34409522477769,09:33:29.522,43.1900,100
34409522477769,09:33:29.522,43.2000,100
34409522529996,09:33:29.522,43.1900,100
34409522529996,09:33:29.522,43.1900,100
34409522895743,09:33:29.522,43.1900,100
34411051018466,09:33:31.051,43.1200,600
34558586303974,09:35:58.586,43.0700,2
34558588895251,09:35:58.588,43.0900,40
34558588895251,09:35:58.588,43.0700,100
34558855877664,09:35:58.855,43.0800,5
34558855906233,09:35:58.855,43.0800,11
34559872474882,09:35:59.872,43.1000,100
34559872474882,09:35:59.872,43.1000,100
34560514765697,09:36:00.514,43.0900,100
34560514789752,09:36:00.514,43.0900,100
34591226415288,09:36:31.226,43.0100,100
34596238980130,09:36:36.238,42.9800,100
34596238980130,09:36:36.238,42.9800,100
34596238980130,09:36:36.238,42.8800,69
34596238980130,09:36:36.238,42.8700,100
34596238980130,09:36:36.238,42.8600,100
34596238980130,09:36:36.238,42.8600,400
34596238980130,09:36:36.238,42.8600,100
34596238980130,09:36:36.238,42.8500,31
34596239065154,09:36:36.239,42.9800,100
34596240075817,09:36:36.240,42.9500,100
34596242058097,09:36:36.242,42.8700,200
34596242058097,09:36:36.242,42.8600,100
34596242058097,09:36:36.242,42.8500,100
34596243530762,09:36:36.243,42.8600,100
34596276433323,09:36:36.276,42.8600,52
34605176398596,09:36:45.176,42.8900,100
34605176477145,09:36:45.176,42.8800,100
34605176555728,09:36:45.176,42.9000,100
34605176973589,09:36:45.176,42.9000,100
34611145036097,09:36:51.145,42.8700,100
34622554828498,09:37:02.554,42.8500,2
34622554943508,09:37:02.554,42.8800,80
34622555307832,09:37:02.555,42.8900,100
34622555492835,09:37:02.555,42.8900,97
34622555543039,09:37:02.555,42.8900,3
34622555636019,09:37:02.555,42.9000,100
34622555636019,09:37:02.555,42.9000,100
34622555684191,09:37:02.555,42.9100,100
34622556087778,09:37:02.556,42.9100,100
34622557609989,09:37:02.557,42.9000,100
34622855679251,09:37:02.855,42.9300,100
34622856801178,09:37:02.856,42.9300,100
34651244026676,09:37:31.244,42.9600,500
34651244113851,09:37:31.244,42.9500,100
34651244113851,09:37:31.244,42.9500,55
34651244127558,09:37:31.244,42.9500,12
34710903436392,09:38:30.903,43.0200,50
34710903436392,09:38:30.903,43.0300,50
34710903476317,09:38:30.903,43.0300,50
34726475843750,09:38:46.475,43.0300,100
34805027224629,09:40:05.027,43.0500,100
34844986146358,09:40:44.986,43.1100,100
34844986229679,09:40:44.986,43.1100,200
34848788960168,09:40:48.788,43.1600,100
34850752993241,09:40:50.752,43.1800,100
34854110060080,09:40:54.110,43.1500,200
34854110091329,09:40:54.110,43.1600,100
34854110423231,09:40:54.110,43.1500,100
34854110832374,09:40:54.110,43.1400,10
34854110837678,09:40:54.110,43.1400,90
34854111282862,09:40:54.111,43.1300,100
34854112111225,09:40:54.112,43.1200,100
34854113085588,09:40:54.113,43.1100,100
34854113109393,09:40:54.113,43.1100,100
34854114043353,09:40:54.114,43.1100,100
34892255563090,09:41:32.255,43.0900,100
34892256654498,09:41:32.256,43.0800,100
34892256728491,09:41:32.256,43.0700,23
34892256737447,09:41:32.256,43.0700,77
34900240124973,09:41:40.240,43.0100,4
34900247784696,09:41:40.247,43.0100,100
34990340557173,09:43:10.340,43.0700,100
34990340613510,09:43:10.340,43.0900,26
34990340637184,09:43:10.340,43.0900,27
34990340659880,09:43:10.340,43.0900,47
34990340678331,09:43:10.340,43.1000,26
34990340721193,09:43:10.340,43.1000,27
35019988932925,09:43:39.988,43.0200,100
35019988932925,09:43:39.988,43.0200,100
35020411205646,09:43:40.411,42.9900,87
35021413281175,09:43:41.413,42.9900,13
35021413281175,09:43:41.413,42.9900,87
35025023786733,09:43:45.023,42.9900,100
35025024417432,09:43:45.024,42.9900,100
35025024504856,09:43:45.024,42.9800,35
35025524927553,09:43:45.524,42.9900,100
35025525005206,09:43:45.525,42.9900,100
35025525005206,09:43:45.525,42.9900,100
35040432560758,09:44:00.432,43.0200,100
35040432656641,09:44:00.432,43.0200,100
35040432775812,09:44:00.432,43.0200,100
35040432981471,09:44:00.432,43.0200,5
35040433240169,09:44:00.433,43.0200,95
35047802123028,09:44:07.802,43.0100,100
35047802123028,09:44:07.802,43.0000,100
35051491496145,09:44:11.491,42.9900,100
35051491496145,09:44:11.491,42.9900,100
35051491496145,09:44:11.491,42.9900,100
35060242364860,09:44:20.242,42.9800,100
35095021196160,09:44:55.021,42.9200,100
35117067639797,09:45:17.067,42.9700,5
35117067713550,09:45:17.067,42.9900,100
35117067744934,09:45:17.067,43.0000,46
35117068467338,09:45:17.068,43.0000,99
35117068507107,09:45:17.068,43.0000,1
35117068507107,09:45:17.068,43.0000,100
35160027940592,09:46:00.027,42.9400,100
35160027940592,09:46:00.027,42.9400,100
35201555524988,09:46:41.555,42.9500,100
35207128413078,09:46:47.128,42.9500,100
35207129109942,09:46:47.129,42.9300,16
35248402821828,09:47:28.402,42.9400,2
35250321724695,09:47:30.321,42.9400,1
35250321724695,09:47:30.321,42.9300,200
35250321724695,09:47:30.321,42.9300,99
35250322105829,09:47:30.322,42.9300,1
35250322430370,09:47:30.322,42.9200,100
35250352881551,09:47:30.352,42.9100,1
35252318135446,09:47:32.318,42.9100,100
35252318135446,09:47:32.318,42.9100,100
35253416786973,09:47:33.416,42.9100,100
35255024868237,09:47:35.024,42.8900,100
35255024868237,09:47:35.024,42.8900,100
35258782322255,09:47:38.782,42.8500,100
35260574493868,09:47:40.574,42.8400,6
35262322265209,09:47:42.322,42.8300,100
35262371583331,09:47:42.371,42.8400,56
35263143436598,09:47:43.143,42.8300,100
35265322763905,09:47:45.322,42.8000,100
35272321783156,09:47:52.321,42.7800,100
35277320787998,09:47:57.320,42.7700,100
35277320787998,09:47:57.320,42.7700,100
35277320787998,09:47:57.320,42.7700,58
35277321366800,09:47:57.321,42.7700,42
35277321366800,09:47:57.321,42.7600,100
35279325168891,09:47:59.325,42.7600,100
35286344682012,09:48:06.344,42.7500,100
35287885775335,09:48:07.885,42.7400,100
35291143926900,09:48:11.143,42.6600,100
35298030497446,09:48:18.030,42.7100,200
35298031037432,09:48:18.031,42.7200,100
35298031037432,09:48:18.031,42.7200,500
35310022551464,09:48:30.022,42.7400,100
35351983432290,09:49:11.983,42.7700,1
35351984015024,09:49:11.984,42.7500,1
35381795748542,09:49:41.795,42.7400,100
35381795748542,09:49:41.795,42.7400,100
35381796597837,09:49:41.796,42.7300,20
35381796637090,09:49:41.796,42.7300,80
35398325361976,09:49:58.325,42.7100,2
35398325361976,09:49:58.325,42.7000,98
35398325690302,09:49:58.325,42.7000,2
35398325690302,09:49:58.325,42.7000,100
35398326032398,09:49:58.326,42.6700,100
35398327597485,09:49:58.327,42.7000,73
35398327609660,09:49:58.327,42.7000,27
35435023964980,09:50:35.023,42.6900,100
35443322710703,09:50:43.322,42.6900,86
35443323047320,09:50:43.323,42.6900,14
35456009368518,09:50:56.009,42.6900,100
35463286675534,09:51:03.286,42.7100,4
35465321059558,09:51:05.321,42.6800,100
35466270631280,09:51:06.270,42.6800,100
35476086629911,09:51:16.086,42.6700,100
35484362157839,09:51:24.362,42.6700,2
35485023699491,09:51:25.023,42.6700,100
35485023699491,09:51:25.023,42.6700,100
35485289340122,09:51:25.289,42.6600,100
35491391197146,09:51:31.391,42.6600,98
35491391529421,09:51:31.391,42.6600,2
35491391529421,09:51:31.391,42.6600,100
35492359403184,09:51:32.359,42.6300,100
35548748989380,09:52:28.748,42.6300,100
35548748989380,09:52:28.748,42.6300,2
35550023634938,09:52:30.023,42.6200,100
35551338731279,09:52:31.338,42.6200,100
35551338845905,09:52:31.338,42.6400,100
35551348087764,09:52:31.348,42.6300,222
35551493702824,09:52:31.493,42.6300,78
35551493702824,09:52:31.493,42.6300,100
35555024125944,09:52:35.024,42.6200,5
35555024125944,09:52:35.024,42.6200,95
35573461143112,09:52:53.461,42.6500,200
35573461513109,09:52:53.461,42.6600,200
35636982422184,09:53:56.982,42.6700,1
35651106408266,09:54:11.106,42.6400,2
35651204326440,09:54:11.204,42.6300,100
35658035046246,09:54:18.035,42.6300,100
35692735054402,09:54:52.735,42.6700,100
35692735141696,09:54:52.735,42.6700,100
35692735141696,09:54:52.735,42.6700,100
35761689377321,09:56:01.689,42.6800,49
35761690251776,09:56:01.690,42.6800,51
35761690251776,09:56:01.690,42.6800,2
35761690967493,09:56:01.690,42.6700,99
35761691003037,09:56:01.691,42.6700,1
35761691003037,09:56:01.691,42.6700,53
35761691680896,09:56:01.691,42.6700,147
35761693155639,09:56:01.693,42.6600,100
35761699074867,09:56:01.699,42.6600,100
35764311721135,09:56:04.311,42.6600,100
35801973725509,09:56:41.973,42.6800,10
35853704068959,09:57:33.704,42.7500,100
35862890971448,09:57:42.890,42.7300,100
35953534739299,09:59:13.534,42.7100,67
35953534900976,09:59:13.534,42.7100,33
35953534900976,09:59:13.534,42.7100,67
35953534935699,09:59:13.534,42.7100,33
35953534935699,09:59:13.534,42.7100,200
35953534957522,09:59:13.534,42.7100,100
35953534973243,09:59:13.534,42.7100,100
35953535217364,09:59:13.535,42.7100,100
35953535217364,09:59:13.535,42.7100,100
35953561751473,09:59:13.561,42.7000,100
35954761828421,09:59:14.761,42.6900,6
35954765953928,09:59:14.765,42.6800,100
35959549903865,09:59:19.549,42.6800,100
35959550476350,09:59:19.550,42.6700,100
35967144151968,09:59:27.144,42.6700,100
35969803308034,09:59:29.803,42.6600,100
35969805352289,09:59:29.805,42.6500,100
35969805491007,09:59:29.805,42.6500,100
35995001538603,09:59:55.001,42.6700,100
35995001538603,09:59:55.001,42.6700,100
35995001538603,09:59:55.001,42.6700,100
35999938920595,09:59:59.938,42.6700,100
35999939649018,09:59:59.939,42.6700,100
35999939649018,09:59:59.939,42.6700,100
36001942458851,10:00:01.942,42.6700,100
36017384779737,10:00:17.384,42.6700,10
36057950833417,10:00:57.950,42.6600,100
36057950833417,10:00:57.950,42.6600,12
36060023209275,10:01:00.023,42.6600,88
36060023209275,10:01:00.023,42.6600,12
36060069047532,10:01:00.069,42.6600,88
36060069047532,10:01:00.069,42.6600,100
36066182462942,10:01:06.182,42.6600,82
36078513923121,10:01:18.513,42.6700,100
36078513923121,10:01:18.513,42.6700,3
36078514755737,10:01:18.514,42.6800,6
36078543820189,10:01:18.543,42.6900,100
36078543820189,10:01:18.543,42.6900,100
36078543820189,10:01:18.543,42.6900,100
36078543829123,10:01:18.543,42.6900,10
36078543898633,10:01:18.543,42.6900,100
36078543908709,10:01:18.543,42.6900,90
36079390840201,10:01:19.390,42.6900,100
36079390840201,10:01:19.390,42.6900,10
36079390840201,10:01:19.390,42.6900,100
36080049729619,10:01:20.049,42.6800,100
36080050232329,10:01:20.050,42.6500,8
36117953277093,10:01:57.953,42.6500,75
36117953302263,10:01:57.953,42.6500,17
36164080569904,10:02:44.080,42.6600,3
36166688887454,10:02:46.688,42.6500,99
36166689053892,10:02:46.689,42.6500,1
36166689053892,10:02:46.689,42.6500,1
36166689134750,10:02:46.689,42.6500,5
36166689761530,10:02:46.689,42.6500,94
36166695392379,10:02:46.695,42.6500,1
36166696321933,10:02:46.696,42.6500,100
36166697452049,10:02:46.697,42.6400,100
36166697542433,10:02:46.697,42.6400,100
36166705039074,10:02:46.705,42.6300,100
36166705039074,10:02:46.705,42.6300,100
36166712102907,10:02:46.712,42.6200,29
36166712102907,10:02:46.712,42.6200,27
36166908162589,10:02:46.908,42.6400,100
36167453239128,10:02:47.453,42.6200,100
36167453239128,10:02:47.453,42.6200,90
36167453271197,10:02:47.453,42.6200,10
36167453271197,10:02:47.453,42.6200,12
36170312988581,10:02:50.312,42.6000,100
36170312988581,10:02:50.312,42.6000,10
36170896196515,10:02:50.896,42.6000,90
36170896729458,10:02:50.896,42.6000,62
36170896757759,10:02:50.896,42.6000,38
36176147834268,10:02:56.147,42.5300,100
36181980197464,10:03:01.980,42.5000,48
36192815487886,10:03:12.815,42.5000,100
36192815487886,10:03:12.815,42.5000,100
36200380058007,10:03:20.380,42.4700,100
36200380058007,10:03:20.380,42.4600,100
36200380058007,10:03:20.380,42.4600,55
36200380058007,10:03:20.380,42.4500,200
36200380058007,10:03:20.380,42.4500,100
36200380058007,10:03:20.380,42.4400,29
36200380058007,10:03:20.380,42.4400,100
36200380058007,10:03:20.380,42.4300,29
36200380058007,10:03:20.380,42.4300,100
36200380058007,10:03:20.380,42.4200,200
36200380058007,10:03:20.380,42.4200,100
36200380058007,10:03:20.380,42.4100,100
36200380058007,10:03:20.380,42.3900,187
36201530227494,10:03:21.530,42.4700,100
36201530227494,10:03:21.530,42.4800,100
36207238130963,10:03:27.238,42.5200,100
36207238130963,10:03:27.238,42.5200,100
36207539442205,10:03:27.539,42.5300,100
36208510133413,10:03:28.510,42.5300,100
36208510133413,10:03:28.510,42.5300,300
36249407439146,10:04:09.407,42.5500,100
36275025236271,10:04:35.025,42.5200,47
36275025236271,10:04:35.025,42.5200,3
36275427815333,10:04:35.427,42.5100,100
36275427815333,10:04:35.427,42.5100,100
36275427853091,10:04:35.427,42.5100,31
36275427869228,10:04:35.427,42.5100,69
36296262409709,10:04:56.262,42.5000,67
36296262432932,10:04:56.262,42.5000,33
36296262432932,10:04:56.262,42.5000,13
36296262432932,10:04:56.262,42.5000,54
36296262435348,10:04:56.262,42.5000,46
36296262435348,10:04:56.262,42.5000,100
36296262435348,10:04:56.262,42.5000,100
36296263066486,10:04:56.263,42.5000,100
36296269551724,10:04:56.269,42.5000,100
36297644659892,10:04:57.644,42.4700,100
36297645145984,10:04:57.645,42.4700,100
36297645145984,10:04:57.645,42.4700,100
36297645145984,10:04:57.645,42.4700,100
36299223975885,10:04:59.223,42.4600,100
36299223975885,10:04:59.223,42.4600,100
36299224749775,10:04:59.224,42.4700,100
36299224749775,10:04:59.224,42.4700,200
36301269998007,10:05:01.269,42.4800,100
36301269998007,10:05:01.269,42.4800,100
36301270543466,10:05:01.270,42.4900,100
36301270543466,10:05:01.270,42.4900,100
36301270569047,10:05:01.270,42.4900,100
36301270652530,10:05:01.270,42.4900,100
36301270652530,10:05:01.270,42.4900,100
36301271567814,10:05:01.271,42.4900,100
36344045981686,10:05:44.045,42.5000,200
36346407229219,10:05:46.407,42.4900,100
36346407229219,10:05:46.407,42.5000,200
36367577793325,10:06:07.577,42.5100,100
36367577793325,10:06:07.577,42.5100,100
36367579674574,10:06:07.579,42.5200,100
36367579674574,10:06:07.579,42.5200,100
36367579674574,10:06:07.579,42.5200,100
36367579674574,10:06:07.579,42.5200,100
36367579707276,10:06:07.579,42.5200,100
36382620491147,10:06:22.620,42.5200,100
36392440002380,10:06:32.440,42.5000,14
36392470089620,10:06:32.470,42.5200,100
36392470089620,10:06:32.470,42.5200,100
36392471696699,10:06:32.471,42.5100,200
36393226332927,10:06:33.226,42.5100,100
36393234016541,10:06:33.234,42.5200,100
36394895269288,10:06:34.895,42.5300,100
36394895382637,10:06:34.895,42.5300,100
36409313322020,10:06:49.313,42.5300,110
36409313322020,10:06:49.313,42.5300,100
36409361593045,10:06:49.361,42.5200,100
36409362364237,10:06:49.362,42.5100,100
36409363380093,10:06:49.363,42.5100,100
36409363488445,10:06:49.363,42.5100,100
36413226552942,10:06:53.226,42.4900,100
36433223693417,10:07:13.223,42.4800,100
36439227419520,10:07:19.227,42.4500,100
36439227449231,10:07:19.227,42.4500,3
36469442171647,10:07:49.442,42.4200,100
36469442171647,10:07:49.442,42.4200,100
36469442171647,10:07:49.442,42.4200,100
36469442171647,10:07:49.442,42.4200,100
36488775104732,10:08:08.775,42.4200,75
36492811601535,10:08:12.811,42.4200,25
36492811601535,10:08:12.811,42.4400,100
36492811601535,10:08:12.811,42.4400,52
36492811605032,10:08:12.811,42.4400,23
36494227112510,10:08:14.227,42.4200,14
36494227112510,10:08:14.227,42.4200,100
36501030160119,10:08:21.030,42.4100,100
36501030160119,10:08:21.030,42.4200,100
36501030187043,10:08:21.030,42.4200,200
36501030248208,10:08:21.030,42.4200,100
36509382412386,10:08:29.382,42.4200,100
36536156449281,10:08:56.156,42.4100,86
36536156888784,10:08:56.156,42.4200,100
36536156888784,10:08:56.156,42.4200,200
36536161337313,10:08:56.161,42.4300,100
36536668637106,10:08:56.668,42.4300,100
36536668807780,10:08:56.668,42.4300,100
36536987574366,10:08:56.987,42.4500,100
36536987574366,10:08:56.987,42.4500,100
36553573191985,10:09:13.573,42.4200,200
36553573200149,10:09:13.573,42.4200,200
36553573215745,10:09:13.573,42.4100,100
36553573215745,10:09:13.573,42.4100,100
36640485846259,10:10:40.485,42.3900,100
36640485846259,10:10:40.485,42.3900,100
36640485846259,10:10:40.485,42.3900,100
36640485846259,10:10:40.485,42.3900,15
36640486772328,10:10:40.486,42.3800,81
36640486966734,10:10:40.486,42.3800,19
36640486966734,10:10:40.486,42.3800,19
36640487003906,10:10:40.487,42.3800,43
36640487038037,10:10:40.487,42.3800,38
36655023949014,10:10:55.023,42.3500,100
36655030344785,10:10:55.030,42.3600,100
36655229677312,10:10:55.229,42.3600,100
36655229677312,10:10:55.229,42.3600,54
36657460732485,10:10:57.460,42.3600,75
36685876817143,10:11:25.876,42.3600,100
36685877781078,10:11:25.877,42.3700,10
36685878632367,10:11:25.878,42.3700,100
36692649598508,10:11:32.649,42.3800,100
36692650189727,10:11:32.650,42.3800,100
36692650189727,10:11:32.650,42.3900,100
36692650189727,10:11:32.650,42.3900,100
36692650274483,10:11:32.650,42.3900,100
36692650299148,10:11:32.650,42.3900,100
36692650299148,10:11:32.650,42.3900,100
36692650300571,10:11:32.650,42.3900,100
36693102560199,10:11:33.102,42.4000,100
36697290372662,10:11:37.290,42.3900,100
36699290249806,10:11:39.290,42.3800,100
36699290249806,10:11:39.290,42.3800,100
36699290249806,10:11:39.290,42.3800,100
36708020286100,10:11:48.020,42.3700,100
36708365459711,10:11:48.365,42.3600,100
36708626341068,10:11:48.626,42.3500,100
36708626940546,10:11:48.626,42.3500,100
36708626940546,10:11:48.626,42.3500,100
36708627957820,10:11:48.627,42.3500,100
36708689600022,10:11:48.689,42.3600,100
36708689600022,10:11:48.689,42.3700,100
36708689600022,10:11:48.689,42.3700,100
36708690504739,10:11:48.690,42.3600,100
36708690956480,10:11:48.690,42.3700,100
36711290289420,10:11:51.290,42.3800,200
36711290289420,10:11:51.290,42.3800,28
36711290289420,10:11:51.290,42.3800,200
36711292985547,10:11:51.292,42.3900,200
36713290943874,10:11:53.290,42.3800,100
36714206397311,10:11:54.206,42.3900,15
36715931488153,10:11:55.931,42.3900,200
36723290598225,10:12:03.290,42.3800,100
36723290598225,10:12:03.290,42.3800,100
36723290598225,10:12:03.290,42.3800,100
36723291264108,10:12:03.291,42.3700,100
36723291355992,10:12:03.291,42.3700,100
36725498424840,10:12:05.498,42.3800,16
36728290378196,10:12:08.290,42.3800,100
36731244159484,10:12:11.244,42.3800,1
36747466516688,10:12:27.466,42.3800,100
36754291112025,10:12:34.291,42.3800,100
36754381527965,10:12:34.381,42.4100,100
36777290981666,10:12:57.290,42.3900,200
36797994221017,10:13:17.994,42.4200,1
36797994221017,10:13:17.994,42.4200,100
36797994224784,10:13:17.994,42.4200,100
36797994538589,10:13:17.994,42.4300,100
36797994538589,10:13:17.994,42.4300,100
36797995123664,10:13:17.995,42.4200,100
36797995123664,10:13:17.995,42.4200,100
36797995505290,10:13:17.995,42.4200,100
36797996960424,10:13:17.996,42.4100,100
36798382484588,10:13:18.382,42.3900,100
36798382484588,10:13:18.382,42.3900,100
36798382546715,10:13:18.382,42.3900,100
36798382560841,10:13:18.382,42.3900,100
36798382560841,10:13:18.382,42.3900,100
36798382575024,10:13:18.382,42.3900,100
36798382611982,10:13:18.382,42.3900,400
36798382688586,10:13:18.382,42.3900,100
36798665165550,10:13:18.665,42.4500,100
36798665865057,10:13:18.665,42.4500,100
36798666382748,10:13:18.666,42.4400,45
36814291600283,10:13:34.291,42.4000,100
36814291600283,10:13:34.291,42.3900,100
36814292595571,10:13:34.292,42.3900,100
36889658860639,10:14:49.658,42.3900,100
36889658860639,10:14:49.658,42.3900,50
36889658899226,10:14:49.658,42.3900,50
36889658899226,10:14:49.658,42.3900,100
36891292476289,10:14:51.292,42.3800,16
36892549116115,10:14:52.549,42.3700,200
36898328267948,10:14:58.328,42.3400,100
36898328267948,10:14:58.328,42.3400,96
36933486342933,10:15:33.486,42.3100,58
36933486348438,10:15:33.486,42.3100,42
36933486348438,10:15:33.486,42.3100,28
36933486358715,10:15:33.486,42.3100,69
36933487104581,10:15:33.487,42.3100,3
36933487676179,10:15:33.487,42.2900,100
36933583609275,10:15:33.583,42.3000,100
36974842485891,10:16:14.842,42.2500,100
36974842485891,10:16:14.842,42.2500,16
36974843082147,10:16:14.843,42.2400,100
36974843407363,10:16:14.843,42.2400,100
36974844142524,10:16:14.844,42.2500,16
36974844291647,10:16:14.844,42.2500,84
36974844895329,10:16:14.844,42.2500,100
36974844948218,10:16:14.844,42.2500,100
36975458269639,10:16:15.458,42.2400,100
36975459501805,10:16:15.459,42.2500,100
36975459501805,10:16:15.459,42.2500,300
36975460568675,10:16:15.460,42.2500,100
36975460610103,10:16:15.460,42.2500,100
36975460646047,10:16:15.460,42.2500,100
36975599991680,10:16:15.599,42.2500,100
36977426252011,10:16:17.426,42.2500,100
36977427057379,10:16:17.427,42.2400,100
36977427057379,10:16:17.427,42.2400,100
36977480832265,10:16:17.480,42.2500,57
36977480867850,10:16:17.480,42.2500,43
36977480867850,10:16:17.480,42.2500,100
36977481897102,10:16:17.481,42.2500,5
36977481951746,10:16:17.481,42.2500,95
36977482040194,10:16:17.482,42.2500,5
36977482087099,10:16:17.482,42.2500,95
36977482087099,10:16:17.482,42.2500,5
36977482153178,10:16:17.482,42.2500,95
36977482184778,10:16:17.482,42.2500,100
36978292680658,10:16:18.292,42.2400,100
36978292680658,10:16:18.292,42.2400,100
36978323008811,10:16:18.323,42.2400,100
36983290490373,10:16:23.290,42.2200,100
36983290490373,10:16:23.290,42.2200,100
36983290490373,10:16:23.290,42.2200,100
36985292985534,10:16:25.292,42.2100,100
36992510138628,10:16:32.510,42.2300,200
36992511524545,10:16:32.511,42.2400,100
36992511524545,10:16:32.511,42.2400,100
36992645740065,10:16:32.645,42.2400,100
36995165478957,10:16:35.165,42.2300,31
36995165478957,10:16:35.165,42.2200,69
37009036436618,10:16:49.036,42.2000,100
37009036436618,10:16:49.036,42.2000,100
37009036436618,10:16:49.036,42.2000,100
37009036436618,10:16:49.036,42.2000,31
37009036763737,10:16:49.036,42.2100,100
37009038377571,10:16:49.038,42.2000,100
37009038377571,10:16:49.038,42.2000,100
37009038377571,10:16:49.038,42.2000,100
37009038377571,10:16:49.038,42.2000,100
37009038377571,10:16:49.038,42.2000,100
37009038377571,10:16:49.038,42.2000,100
37009038377571,10:16:49.038,42.2000,100
37009038377571,10:16:49.038,42.2000,100
37009038377571,10:16:49.038,42.2000,100
37009276987894,10:16:49.276,42.2000,100
37009277014441,10:16:49.277,42.2000,100
37010491510166,10:16:50.491,42.2100,9
37010491535448,10:16:50.491,42.2100,91
37012147512638,10:16:52.147,42.2100,100
37012286428761,10:16:52.286,42.2000,59
37014848420234,10:16:54.848,42.2000,41
37014849771261,10:16:54.849,42.2000,100
37014849795297,10:16:54.849,42.2000,100
37014850365205,10:16:54.850,42.2100,100
37018004920863,10:16:58.004,42.2200,84
37018004949151,10:16:58.004,42.2200,16
37020853463020,10:17:00.853,42.2100,100
37020853803338,10:17:00.853,42.2000,100
37020853809063,10:17:00.853,42.2000,100
37050682038261,10:17:30.682,42.2000,92
37050682069963,10:17:30.682,42.2000,8
37050682090574,10:17:30.682,42.2000,31
37057377198067,10:17:37.377,42.2000,100
37057377258296,10:17:37.377,42.2000,100
37064543191456,10:17:44.543,42.1900,100
37065020384875,10:17:45.020,42.1800,100
37065679771773,10:17:45.679,42.1800,100
37081946394229,10:18:01.946,42.1700,100
37081946394229,10:18:01.946,42.1700,100
37081946758914,10:18:01.946,42.1700,82
37081946760937,10:18:01.946,42.1700,18
37081947715862,10:18:01.947,42.1700,200
37081947715862,10:18:01.947,42.1800,200
37081947786389,10:18:01.947,42.1800,100
37081947786389,10:18:01.947,42.1800,200
37081947786389,10:18:01.947,42.1800,200
37087387131997,10:18:07.387,42.1500,5
37087387131997,10:18:07.387,42.1500,20
37090939130101,10:18:10.939,42.1200,100
37094547697372,10:18:14.547,42.1500,200
37096804550324,10:18:16.804,42.1700,100
37096804550324,10:18:16.804,42.1700,100
37096804550324,10:18:16.804,42.1700,100
37096804550324,10:18:16.804,42.1700,100
37096805082143,10:18:16.805,42.1700,100
37096805082143,10:18:16.805,42.1700,30
37096808627705,10:18:16.808,42.1700,1
37097128920091,10:18:17.128,42.1700,200
37097129597935,10:18:17.129,42.1700,16
37097129611986,10:18:17.129,42.1700,100
37097129924091,10:18:17.129,42.1700,83
37156937930103,10:19:16.937,42.1400,100
37156937930103,10:19:16.937,42.1400,100
37156937930103,10:19:16.937,42.1400,100
37171814530471,10:19:31.814,42.1800,100
37171814530471,10:19:31.814,42.1900,200
37171814600877,10:19:31.814,42.2000,100
37171814600877,10:19:31.814,42.2000,100
37171814700716,10:19:31.814,42.1900,200
37171814727437,10:19:31.814,42.1900,100
37171815877312,10:19:31.815,42.1900,100
37171815910259,10:19:31.815,42.1900,31
37171815910259,10:19:31.815,42.1900,62
37171815948998,10:19:31.815,42.1900,38
37171816066105,10:19:31.816,42.1900,62
37171816082846,10:19:31.816,42.1900,38
37172340062999,10:19:32.340,42.1900,100
37172340062999,10:19:32.340,42.1900,100
37172340390560,10:19:32.340,42.1900,100
37172340390560,10:19:32.340,42.1900,100
37172341045220,10:19:32.341,42.1900,100
37172342574492,10:19:32.342,42.1900,100
37176615458761,10:19:36.615,42.1800,200
37177402498777,10:19:37.402,42.1800,100
37177402498777,10:19:37.402,42.1800,200
37177402498777,10:19:37.402,42.1800,100
37177402637959,10:19:37.402,42.1800,100
37177403091965,10:19:37.403,42.1800,100
37178003785475,10:19:38.003,42.1900,300
37178005243005,10:19:38.005,42.1900,99
37178005294767,10:19:38.005,42.1900,100
37178005344877,10:19:38.005,42.1900,1
37178005391466,10:19:38.005,42.1900,100
37178007238839,10:19:38.007,42.1900,100
37219510609439,10:20:19.510,42.2100,100
37219510979131,10:20:19.510,42.2000,51
37219511191761,10:20:19.511,42.2000,100
37219511191761,10:20:19.511,42.2000,62
37219511200415,10:20:19.511,42.2000,10
37219511223319,10:20:19.511,42.2000,28
37219511238773,10:20:19.511,42.2100,200
37219511238773,10:20:19.511,42.2100,20
37219511238773,10:20:19.511,42.2100,100
37219511238773,10:20:19.511,42.2100,100
37219511238773,10:20:19.511,42.2100,100
37219511238773,10:20:19.511,42.2100,100
37219511270385,10:20:19.511,42.2100,10
37219512049392,10:20:19.512,42.2100,100
37219512049392,10:20:19.512,42.2100,100
37219512049392,10:20:19.512,42.2100,10
37219589918165,10:20:19.589,42.2200,100
37219589918165,10:20:19.589,42.2200,100
37219589981386,10:20:19.589,42.2200,100
37219607697836,10:20:19.607,42.2300,100
37219607697836,10:20:19.607,42.2300,200
37219607697836,10:20:19.607,42.2300,3
37220027115182,10:20:20.027,42.2500,300
37220027115182,10:20:20.027,42.2500,38
37220030035004,10:20:20.030,42.2700,100
37220612197839,10:20:20.612,42.2800,100
37239417161889,10:20:39.417,42.3000,100
37239417196363,10:20:39.417,42.3000,30
37239417198461,10:20:39.417,42.3000,70
37239417198461,10:20:39.417,42.3000,30
37239417198461,10:20:39.417,42.3000,4
37239417216221,10:20:39.417,42.3000,26
37239417231290,10:20:39.417,42.3000,70
37240536409809,10:20:40.536,42.3000,4
37240536409809,10:20:40.536,42.3000,96
37240536452400,10:20:40.536,42.3000,21
37284324646050,10:21:24.324,42.3200,100
37284324646050,10:21:24.324,42.3200,100
37284324794681,10:21:24.324,42.3200,200
37284325208434,10:21:24.325,42.3200,200
37284325208434,10:21:24.325,42.3200,100
37284325208434,10:21:24.325,42.3200,100
37289690390315,10:21:29.690,42.3250,100
37290367029624,10:21:30.367,42.3250,100
37295601097390,10:21:35.601,42.3200,100
37295601097390,10:21:35.601,42.3200,38
37295601106789,10:21:35.601,42.3200,62
37295601106789,10:21:35.601,42.3200,8
37295601114105,10:21:35.601,42.3200,92
37295601983456,10:21:35.601,42.3200,100
37299757181487,10:21:39.757,42.3150,200
37308720303815,10:21:48.720,42.3100,73
37308939588577,10:21:48.939,42.3100,27
37308939588577,10:21:48.939,42.3100,73
37308939647164,10:21:48.939,42.3100,27
37308939786455,10:21:48.939,42.3100,100
37308940378448,10:21:48.940,42.3000,100
37318885321609,10:21:58.885,42.2950,200
37318885706027,10:21:58.885,42.2950,200
37318885707427,10:21:58.885,42.2950,100
37318885707427,10:21:58.885,42.3000,100
37318885726658,10:21:58.885,42.3000,100
37318885726658,10:21:58.885,42.3000,100
37320963841706,10:22:00.963,42.3000,100
37320963893654,10:22:00.963,42.3000,21
37326413463970,10:22:06.413,42.2950,100
37328007698421,10:22:08.007,42.2950,100
37328007698421,10:22:08.007,42.3000,100
37328007775126,10:22:08.007,42.3000,100
37338203227319,10:22:18.203,42.2900,100
37338203266752,10:22:18.203,42.2900,83
37338203270409,10:22:18.203,42.2900,17
37338203270409,10:22:18.203,42.2900,18
37338205156530,10:22:18.205,42.2800,100
37338205156530,10:22:18.205,42.2800,100
37338787468280,10:22:18.787,42.2700,200
37357997073284,10:22:37.997,42.2850,100
37357997137654,10:22:37.997,42.2900,100
37357997305605,10:22:37.997,42.2900,100
37366941569294,10:22:46.941,42.2900,100
37367283881376,10:22:47.283,42.2750,100
37373869493531,10:22:53.869,42.2700,100
37373869493531,10:22:53.869,42.2700,38
37373869494412,10:22:53.869,42.2700,62
37398301961079,10:23:18.301,42.2500,100
37399934072762,10:23:19.934,42.2500,200
37399934120144,10:23:19.934,42.2500,100
37400253300342,10:23:20.253,42.2600,100
37400253323961,10:23:20.253,42.2600,100
37400253327680,10:23:20.253,42.2600,100
37401151199695,10:23:21.151,42.2700,100
37401151199695,10:23:21.151,42.2700,25
37401151234705,10:23:21.151,42.2700,75
37401151239914,10:23:21.151,42.2700,75
37401151241326,10:23:21.151,42.2700,25
37402940242922,10:23:22.940,42.2700,75
37412642973665,10:23:32.642,42.2700,100
37412642973665,10:23:32.642,42.2800,100
37412642976223,10:23:32.642,42.2800,100
37412642976223,10:23:32.642,42.2800,100
37412773665037,10:23:32.773,42.2800,25
37412801232534,10:23:32.801,42.2700,75
37412940299914,10:23:32.940,42.2700,25
37430255136269,10:23:50.255,42.2900,100
37430255136269,10:23:50.255,42.2900,100
37430328796583,10:23:50.328,42.3000,100
37436274576420,10:23:56.274,42.3000,100
37436274576420,10:23:56.274,42.3000,100
37442370480749,10:24:02.370,42.3000,100
37442372048685,10:24:02.372,42.3000,100
37442372085557,10:24:02.372,42.3000,100
37442372420573,10:24:02.372,42.3000,100
37442372494785,10:24:02.372,42.3000,100
37468616385046,10:24:28.616,42.2900,87
37468616395988,10:24:28.616,42.2900,13
37468616395988,10:24:28.616,42.2900,100
37468616395988,10:24:28.616,42.2900,25
37468616441578,10:24:28.616,42.2900,75
37468616441578,10:24:28.616,42.2900,18
37468616572225,10:24:28.616,42.2900,100
37468617048936,10:24:28.617,42.2900,100
37488388609103,10:24:48.388,42.2600,100
37488388609103,10:24:48.388,42.2600,98
37488390256497,10:24:48.390,42.2600,200
37488390404310,10:24:48.390,42.2700,200
37488407663722,10:24:48.407,42.2800,100
37488934046112,10:24:48.934,42.2800,55
37490006721239,10:24:50.006,42.2850,100
37509063026579,10:25:09.063,42.2900,60
37509063058198,10:25:09.063,42.2900,40
37509063092798,10:25:09.063,42.2900,40
37509063140669,10:25:09.063,42.2900,40
37509063188458,10:25:09.063,42.2800,100
37509063200187,10:25:09.063,42.2900,20
37509065540996,10:25:09.065,42.2900,100
37509065573079,10:25:09.065,42.2900,40
37509067337669,10:25:09.067,42.2900,100
37509067386027,10:25:09.067,42.2900,40
37510277887856,10:25:10.277,42.2800,200
37510277887856,10:25:10.277,42.2800,100
37522068189596,10:25:22.068,42.2800,200
37522469290446,10:25:22.469,42.2900,77
37522470126739,10:25:22.470,42.2850,100
37540089881744,10:25:40.089,42.2950,200
37540977726734,10:25:40.977,42.2950,100
37550868930403,10:25:50.868,42.2950,100
37552318852196,10:25:52.318,42.2950,100
37552318927567,10:25:52.318,42.2950,100
37552318946503,10:25:52.318,42.2950,100
37552319009306,10:25:52.319,42.3000,100
37552319168065,10:25:52.319,42.3000,100
37553717543296,10:25:53.717,42.3050,100
37553717543296,10:25:53.717,42.3100,100
37553717543296,10:25:53.717,42.3100,100
37553717543296,10:25:53.717,42.3100,100
37553717579715,10:25:53.717,42.3100,100
37553717581208,10:25:53.717,42.3100,100
37553717601636,10:25:53.717,42.3200,100
37553717601636,10:25:53.717,42.3200,100
37553717769265,10:25:53.717,42.3200,100
37553717983532,10:25:53.717,42.3200,100
37562669061726,10:26:02.669,42.3500,100
37562669069717,10:26:02.669,42.3600,100
37562669658451,10:26:02.669,42.3600,100
37569795127221,10:26:09.795,42.3800,33
37613872093406,10:26:53.872,42.4100,100
37630493356971,10:27:10.493,42.4000,57
37630493369378,10:27:10.493,42.4000,138
37630493374308,10:27:10.493,42.4000,5
37630493398987,10:27:10.493,42.4000,5
37630493399570,10:27:10.493,42.4000,95
37630551029173,10:27:10.551,42.3900,100
37630654193488,10:27:10.654,42.3900,100
37638296240105,10:27:18.296,42.3800,10
37638296706271,10:27:18.296,42.3800,90
37638296706271,10:27:18.296,42.3800,18
37663411112773,10:27:43.411,42.3800,100
37663411112773,10:27:43.411,42.3800,10
37663411147606,10:27:43.411,42.3800,90
37663411151178,10:27:43.411,42.3800,200
37681363448957,10:28:01.363,42.3900,100
37681363448957,10:28:01.363,42.3900,100
37684398666415,10:28:04.398,42.4000,50
37684398707135,10:28:04.398,42.4000,50
37684398707135,10:28:04.398,42.4000,100
37684398707135,10:28:04.398,42.4000,50
37684398736100,10:28:04.398,42.4000,50
37687269773481,10:28:07.269,42.4100,100
37687269773481,10:28:07.269,42.4100,100
37687270375560,10:28:07.270,42.4100,100
37687274231788,10:28:07.274,42.4200,100
37741371726545,10:29:01.371,42.4400,100
37794813394428,10:29:54.813,42.4400,100
37794814124973,10:29:54.814,42.4300,10
37794814151980,10:29:54.814,42.4300,90
37794814151980,10:29:54.814,42.4300,200
37794814154971,10:29:54.814,42.4300,100
37794815061219,10:29:54.815,42.4200,100
37800075367044,10:30:00.075,42.4200,100
37800076323060,10:30:00.076,42.4200,100
37800078625898,10:30:00.078,42.4200,100
37800091097219,10:30:00.091,42.4200,100
37800098578404,10:30:00.098,42.4200,100
37800572686396,10:30:00.572,42.4100,17
37800572686396,10:30:00.572,42.4100,100
37800574664151,10:30:00.574,42.4000,100
37800577853421,10:30:00.577,42.4000,300
37800577889482,10:30:00.577,42.4000,100
37800577918969,10:30:00.577,42.4000,100
37800578049199,10:30:00.578,42.4000,100
37800578049199,10:30:00.578,42.4000,100
37800578049199,10:30:00.578,42.4000,100
37800583716976,10:30:00.583,42.4000,100
37800583716976,10:30:00.583,42.4000,104
37801879547495,10:30:01.879,42.3900,100
37806468335088,10:30:06.468,42.3750,100
37806555450383,10:30:06.555,42.3800,3
37815026122779,10:30:15.026,42.3750,100
37817902921201,10:30:17.902,42.3800,97
37817902921201,10:30:17.902,42.3800,83
37817902952767,10:30:17.902,42.3800,17
37817903468798,10:30:17.903,42.3800,100
37817903832879,10:30:17.903,42.3800,100
37817905188185,10:30:17.905,42.3800,20
37817905238102,10:30:17.905,42.3800,80
37817905411866,10:30:17.905,42.3800,20
37817905461257,10:30:17.905,42.3800,80
37846806690768,10:30:46.806,42.3800,100
37869778255175,10:31:09.778,42.3800,100
37869778360370,10:31:09.778,42.3700,100
37869778360370,10:31:09.778,42.3700,100
37869778360370,10:31:09.778,42.3700,100
37875370117596,10:31:15.370,42.3600,21
37875370117596,10:31:15.370,42.3600,68
37875370124121,10:31:15.370,42.3600,32
37875372507406,10:31:15.372,42.3500,100
37881285834151,10:31:21.285,42.3500,100
37890114969042,10:31:30.114,42.3550,100
37891349328807,10:31:31.349,42.3500,100
37901052494063,10:31:41.052,42.3450,400
37904191075323,10:31:44.191,42.3400,100
37904191526831,10:31:44.191,42.3400,100
37904191818427,10:31:44.191,42.3400,100
37904192078408,10:31:44.192,42.3400,100
37904192449918,10:31:44.192,42.3400,100
37904193043237,10:31:44.193,42.3400,100
37904193146234,10:31:44.193,42.3400,100
37904193266958,10:31:44.193,42.3400,100
37904193300954,10:31:44.193,42.3400,100
37905486835002,10:31:45.486,42.3400,35
37905486835002,10:31:45.486,42.3400,65
37905486872769,10:31:45.486,42.3400,35
37906312193646,10:31:46.312,42.3350,100
37909978528002,10:31:49.978,42.3300,36
37911089540353,10:31:51.089,42.3300,64
37911089752830,10:31:51.089,42.3300,100
37933904038832,10:32:13.904,42.3250,100
37934922855123,10:32:14.922,42.3250,100
37934922855123,10:32:14.922,42.3250,100
37934941710289,10:32:14.941,42.3250,100
37934942048797,10:32:14.942,42.3250,100
37934942051223,10:32:14.942,42.3250,100
37934942873602,10:32:14.942,42.3300,100
37934943154402,10:32:14.943,42.3300,100
37938018302810,10:32:18.018,42.3400,97
37938019484470,10:32:18.019,42.3400,3
37943909780411,10:32:23.909,42.3500,62
37943909788002,10:32:23.909,42.3500,38
37944449342956,10:32:24.449,42.3600,100
37944449354113,10:32:24.449,42.3700,100
37944449354113,10:32:24.449,42.3700,100
37944449478502,10:32:24.449,42.3600,100
37944898289226,10:32:24.898,42.3800,100
37949247960394,10:32:29.247,42.3900,21
37949247960394,10:32:29.247,42.3900,100
37949247960394,10:32:29.247,42.3900,100
38006103961455,10:33:26.103,42.3950,100
38006153088111,10:33:26.153,42.4000,70
38006153134305,10:33:26.153,42.3950,100
38006153134305,10:33:26.153,42.3950,100
38020841924503,10:33:40.841,42.4000,30
38026916766934,10:33:46.916,42.3900,5
38026916766934,10:33:46.916,42.3900,100
38026916768068,10:33:46.916,42.3900,100
38038365823872,10:33:58.365,42.3950,100
38038366399925,10:33:58.366,42.3950,100
38047379030627,10:34:07.379,42.3950,100
38047379034707,10:34:07.379,42.3950,100
38047379036515,10:34:07.379,42.4000,35
38047379039528,10:34:07.379,42.4000,50
38047379084628,10:34:07.379,42.4000,15
38047379289401,10:34:07.379,42.4100,6
38047379296604,10:34:07.379,42.4100,35
38047380165600,10:34:07.380,42.4000,63
38047380189270,10:34:07.380,42.4000,100
38047380249543,10:34:07.380,42.4000,37
38047380282226,10:34:07.380,42.4000,100
38047380339865,10:34:07.380,42.4000,100
38047380339865,10:34:07.380,42.4000,100
38047380376616,10:34:07.380,42.4000,15
38047380432543,10:34:07.380,42.4000,85
38047380432543,10:34:07.380,42.4000,15
38047380464683,10:34:07.380,42.4000,85
38047380464683,10:34:07.380,42.4000,100
38048049820544,10:34:08.049,42.3900,100
38048049820544,10:34:08.049,42.3900,100
38048049820544,10:34:08.049,42.3900,21
38048050237962,10:34:08.050,42.3800,22
38048050295884,10:34:08.050,42.3800,22
38048050443901,10:34:08.050,42.3800,22
38048050557831,10:34:08.050,42.3800,22
38048050566959,10:34:08.050,42.3800,12
38048050566959,10:34:08.050,42.3800,88
38048050638995,10:34:08.050,42.3800,12
38054623371017,10:34:14.623,42.3600,100
38054623371017,10:34:14.623,42.3600,100
38054623371017,10:34:14.623,42.3600,100
38054625374564,10:34:14.625,42.3500,100
38087499279267,10:34:47.499,42.3600,75
38087499366496,10:34:47.499,42.3600,25
38098909799353,10:34:58.909,42.3700,100
38098909903967,10:34:58.909,42.3700,100
38098910012478,10:34:58.910,42.3700,100
38098910012478,10:34:58.910,42.3700,100
38098910462167,10:34:58.910,42.3600,100
38098910462167,10:34:58.910,42.3600,100
38103985268543,10:35:03.985,42.3600,1
38103999584647,10:35:03.999,42.3550,200
38105822359481,10:35:05.822,42.3600,99
38105822359481,10:35:05.822,42.3600,100
38105822359481,10:35:05.822,42.3600,100
38105822359481,10:35:05.822,42.3600,100
38105822359481,10:35:05.822,42.3600,1
38105822407893,10:35:05.822,42.3600,99
38136904203898,10:35:36.904,42.3800,100
38144422567639,10:35:44.422,42.3900,100
38144422567639,10:35:44.422,42.3900,100
38144948954558,10:35:44.948,42.4000,100
38144950238585,10:35:44.950,42.4000,100
38144950272050,10:35:44.950,42.4000,93
38144950294924,10:35:44.950,42.4000,7
38144950294924,10:35:44.950,42.4000,93
38144950334270,10:35:44.950,42.4000,7
38144951164973,10:35:44.951,42.4000,100
38145004688213,10:35:45.004,42.4000,100
38145004688213,10:35:45.004,42.4000,100
38148939160928,10:35:48.939,42.3900,100
38151014273438,10:35:51.014,42.3800,100
38151014273438,10:35:51.014,42.3800,100
38151014273438,10:35:51.014,42.3800,100
38151018030340,10:35:51.018,42.3800,3
38165209315129,10:36:05.209,42.3500,12
38168590572951,10:36:08.590,42.3600,100
38182182791916,10:36:22.182,42.3700,108
38182182791916,10:36:22.182,42.3700,92
38182182922866,10:36:22.182,42.3700,8
38182183134893,10:36:22.183,42.3800,2
38225031897191,10:37:05.031,42.3700,100
38234781175176,10:37:14.781,42.3600,21
38234781175176,10:37:14.781,42.3600,100
38234781175176,10:37:14.781,42.3600,39
38234781216560,10:37:14.781,42.3600,61
38252186110829,10:37:32.186,42.3550,200
38252815903473,10:37:32.815,42.3550,100
38252815903473,10:37:32.815,42.3600,40
38252815904344,10:37:32.815,42.3600,50
38252815931340,10:37:32.815,42.3550,110
38252816022531,10:37:32.816,42.3550,90
38252816022531,10:37:32.816,42.3600,10
38252816022531,10:37:32.816,42.3600,60
38252816077157,10:37:32.816,42.3600,40
38252816735386,10:37:32.816,42.3600,100
38259138967619,10:37:39.138,42.3500,100
38259138967619,10:37:39.138,42.3500,100
38259139250642,10:37:39.139,42.3500,40
38259139250642,10:37:39.139,42.3500,100
38259139286317,10:37:39.139,42.3500,100
38259139324222,10:37:39.139,42.3500,100
38272748845690,10:37:52.748,42.3400,100
38272748845690,10:37:52.748,42.3400,100
38272749155829,10:37:52.749,42.3400,75
38273572026162,10:37:53.572,42.3400,100
38288448858943,10:38:08.448,42.3400,100
38289396413968,10:38:09.396,42.3400,100
38289397774387,10:38:09.397,42.3300,20
38289397774387,10:38:09.397,42.3300,100
38289397862826,10:38:09.397,42.3400,100
38289398055210,10:38:09.398,42.3400,74
38289398055210,10:38:09.398,42.3400,100
38293415856023,10:38:13.415,42.3400,100
38296016299517,10:38:16.016,42.3400,100
38296016321181,10:38:16.016,42.3500,10
38296016329088,10:38:16.016,42.3500,32
38296016348157,10:38:16.016,42.3400,100
38296016352105,10:38:16.016,42.3500,58
38296016426790,10:38:16.016,42.3600,100
38296519790500,10:38:16.519,42.3650,100
38298019543171,10:38:18.019,42.3650,200
38300509577438,10:38:20.509,42.3700,10
38302118425523,10:38:22.118,42.3650,190
38302118563595,10:38:22.118,42.3650,100
38302118589050,10:38:22.118,42.3650,100
38302118612908,10:38:22.118,42.3650,10
38302118612908,10:38:22.118,42.3700,90
38302118612908,10:38:22.118,42.3700,90
38302118650675,10:38:22.118,42.3700,10
38302118703314,10:38:22.118,42.3800,100
38302118904273,10:38:22.118,42.3800,100
38312239708028,10:38:32.239,42.3900,100
38339002929108,10:38:59.002,42.3800,100
38341020427679,10:39:01.020,42.3800,55
38342140037536,10:39:02.140,42.3900,100
38355516176582,10:39:15.516,42.3900,2
38408059437744,10:40:08.059,42.3900,100
38408059437744,10:40:08.059,42.3900,100
38436624006776,10:40:36.624,42.3850,100
38437767188479,10:40:37.767,42.3850,100
38439793488667,10:40:39.793,42.4000,100
38439793488667,10:40:39.793,42.4000,100
38469208859704,10:41:09.208,42.3900,100
38504393671840,10:41:44.393,42.3800,100
38504393671840,10:41:44.393,42.3800,21
38504393671840,10:41:44.393,42.3800,100
38504393671840,10:41:44.393,42.3800,100
38504393671840,10:41:44.393,42.3800,43
38504393671840,10:41:44.393,42.3800,100
38506624547271,10:41:46.624,42.3700,100
38506624547271,10:41:46.624,42.3700,10
38506624586741,10:41:46.624,42.3700,70
38506624591789,10:41:46.624,42.3700,20
38510478926681,10:41:50.478,42.3700,85
38510478959690,10:41:50.478,42.3650,120
38514807028012,10:41:54.807,42.3650,100
38521055453854,10:42:01.055,42.3700,100
38557876907319,10:42:37.876,42.3800,100
38570303535645,10:42:50.303,42.3700,24
38575927777000,10:42:55.927,42.3800,100
38575927777000,10:42:55.927,42.3800,100
38580249705474,10:43:00.249,42.4000,7
38580372479375,10:43:00.372,42.4000,93
38606092369838,10:43:26.092,42.4200,100
38639011772926,10:43:59.011,42.4200,100
38640014654025,10:44:00.014,42.4300,67
38640295399842,10:44:00.295,42.4300,33
38641648690497,10:44:01.648,42.4400,100
38648177988697,10:44:08.177,42.4800,100
38648177988697,10:44:08.177,42.4800,100
38656801341860,10:44:16.801,42.5000,100
38656801376529,10:44:16.801,42.5000,76
38656801509473,10:44:16.801,42.5000,24
38656801588340,10:44:16.801,42.5000,76
38657473623031,10:44:17.473,42.5000,100
38672208882510,10:44:32.208,42.5400,100
38690373211998,10:44:50.373,42.5300,20
38699144684555,10:44:59.144,42.5500,100
38699144684555,10:44:59.144,42.5500,100
38702477978000,10:45:02.477,42.5700,200
38704359711761,10:45:04.359,42.5600,100
38704359711761,10:45:04.359,42.5600,19
38704359711761,10:45:04.359,42.5600,100
38710580103301,10:45:10.580,42.5600,100
38710580103301,10:45:10.580,42.5600,100
38710580200030,10:45:10.580,42.5600,100
38710580240942,10:45:10.580,42.5600,100
38710580240942,10:45:10.580,42.5600,81
38710580240942,10:45:10.580,42.5600,200
38719066060243,10:45:19.066,42.5600,100
38727077043410,10:45:27.077,42.5600,100
38729446684166,10:45:29.446,42.5700,11
38729446684166,10:45:29.446,42.5700,89
38729446743415,10:45:29.446,42.5700,11
38732568246963,10:45:32.568,42.5600,100
38732568246963,10:45:32.568,42.5600,100
38732569107053,10:45:32.569,42.5500,100
38732569107053,10:45:32.569,42.5500,100
38738817313735,10:45:38.817,42.5600,37
38738818772517,10:45:38.818,42.5600,63
38738818772517,10:45:38.818,42.5500,100
38746878164764,10:45:46.878,42.5700,100
38754981183516,10:45:54.981,42.5700,100
38754981183516,10:45:54.981,42.5700,100
38768089108983,10:46:08.089,42.5700,100
38768089599788,10:46:08.089,42.5700,100
38768090380223,10:46:08.090,42.5800,67
38774123360239,10:46:14.123,42.5800,33
38774123360239,10:46:14.123,42.5800,67
38774123403751,10:46:14.123,42.5800,33
38804002918474,10:46:44.002,42.6100,100
38807324746294,10:46:47.324,42.6000,6
38808803106065,10:46:48.803,42.5800,18
38809882457166,10:46:49.882,42.5700,100
38809882457166,10:46:49.882,42.5700,100
38809882457166,10:46:49.882,42.5700,100
38816866238518,10:46:56.866,42.5600,100
38824230243405,10:47:04.230,42.5500,6
38824230243405,10:47:04.230,42.5500,100
38824230675032,10:47:04.230,42.5500,27
38824230708236,10:47:04.230,42.5500,100
38826361031883,10:47:06.361,42.5600,17
38826361058287,10:47:06.361,42.5600,60
38831757668749,10:47:11.757,42.5500,10
38831757668749,10:47:11.757,42.5500,3
38843692588752,10:47:23.692,42.5600,23
38843692588752,10:47:23.692,42.5600,23
38843692652280,10:47:23.692,42.5600,77
38843692731826,10:47:23.692,42.5600,100
38851582338142,10:47:31.582,42.5500,100
38867398819699,10:47:47.398,42.5400,100
38867399449165,10:47:47.399,42.5400,3
38867401362741,10:47:47.401,42.5400,13
38876661861848,10:47:56.661,42.5300,100
38896071879112,10:48:16.071,42.5200,100
38916671462108,10:48:36.671,42.5300,100
38916671493175,10:48:36.671,42.5300,20
38916671501533,10:48:36.671,42.5300,80
38933519508104,10:48:53.519,42.5300,100
38933519508104,10:48:53.519,42.5300,100
38933520710235,10:48:53.520,42.5200,100
38940294372930,10:49:00.294,42.5300,100
38940294558813,10:49:00.294,42.5300,100
38960770683321,10:49:20.770,42.5400,100
38960770948139,10:49:20.770,42.5400,100
38960845714902,10:49:20.845,42.5400,100
38960845714902,10:49:20.845,42.5400,100
38960845714902,10:49:20.845,42.5400,25
38966319325070,10:49:26.319,42.5400,110
38966322914709,10:49:26.322,42.5400,90
38966433260084,10:49:26.433,42.5300,3
38966433260084,10:49:26.433,42.5300,18
39000231861173,10:50:00.231,42.5200,100
39000231861173,10:50:00.231,42.5200,100
39000232655865,10:50:00.232,42.5100,100
39000232655865,10:50:00.232,42.5100,100
39003360404411,10:50:03.360,42.5000,28
39003360404411,10:50:03.360,42.5000,46
39003360423963,10:50:03.360,42.5000,54
39003360423963,10:50:03.360,42.5000,18
39005020221829,10:50:05.020,42.4900,100
39036094476165,10:50:36.094,42.4800,100
39036094476165,10:50:36.094,42.4800,70
39036094490223,10:50:36.094,42.4800,30
39036095284388,10:50:36.095,42.4800,179
39036095308106,10:50:36.095,42.4800,13
39036095385555,10:50:36.095,42.4800,8
39036095385555,10:50:36.095,42.4800,30
39036095385555,10:50:36.095,42.4800,100
39037735224434,10:50:37.735,42.4900,100
39037735402959,10:50:37.735,42.4900,10
39037735525647,10:50:37.735,42.4900,90
39040025861894,10:50:40.025,42.4900,100
39060884361390,10:51:00.884,42.4900,100
39060884361390,10:51:00.884,42.4900,100
39060884361390,10:51:00.884,42.4900,200
39060884361390,10:51:00.884,42.4900,100
39060884455321,10:51:00.884,42.4900,100
39060884837681,10:51:00.884,42.4900,100
39060884844391,10:51:00.884,42.4900,100
39061747824154,10:51:01.747,42.5000,100
39061747999941,10:51:01.747,42.5000,100
39068109682017,10:51:08.109,42.5100,100
39069264926543,10:51:09.264,42.5100,100
39081962968515,10:51:21.962,42.5200,100
39081963014798,10:51:21.963,42.5200,100
39100743727359,10:51:40.743,42.5300,100
39100743727359,10:51:40.743,42.5300,100
39108088102288,10:51:48.088,42.5800,100
39124940838223,10:52:04.940,42.5900,100
39134989557544,10:52:14.989,42.6000,100
39151408358831,10:52:31.408,42.6100,100
39159676806794,10:52:39.676,42.6400,100
39167777734567,10:52:47.777,42.6400,100
39175026776124,10:52:55.026,42.6400,100
39175026776124,10:52:55.026,42.6400,100
39179244973104,10:52:59.244,42.6300,100
39179244973104,10:52:59.244,42.6300,100
39179244973104,10:52:59.244,42.6300,200
39179244973104,10:52:59.244,42.6300,3
39179244973104,10:52:59.244,42.6300,100
39179244973104,10:52:59.244,42.6300,100
39179244973104,10:52:59.244,42.6300,17
39179245023957,10:52:59.245,42.6200,50
39179251585763,10:52:59.251,42.6200,50
39179251585763,10:52:59.251,42.6200,100
39179251648663,10:52:59.251,42.6100,42
39179252028741,10:52:59.252,42.6100,58
39179252028741,10:52:59.252,42.6100,49
39179252059818,10:52:59.252,42.6100,51
39179252059818,10:52:59.252,42.6100,100
39179593494873,10:52:59.593,42.6000,100
39179750438421,10:52:59.750,42.5900,100
39180169384915,10:53:00.169,42.5800,100
39185024108712,10:53:05.024,42.5800,100
39188149996358,10:53:08.149,42.5700,100
39188431981399,10:53:08.431,42.5700,32
39190275023339,10:53:10.275,42.5900,100
39190332767455,10:53:10.332,42.5900,67
39205189081107,10:53:25.189,42.6000,100
39207077072976,10:53:27.077,42.6200,100
39207077072976,10:53:27.077,42.6200,100
39208272678926,10:53:28.272,42.6200,100
39208272716519,10:53:28.272,42.6200,100
39215086793008,10:53:35.086,42.6300,100
39223277906970,10:53:43.277,42.6300,100
39224666997825,10:53:44.666,42.6300,100
39225025037221,10:53:45.025,42.6200,100
39226057036588,10:53:46.057,42.6200,200
39226057036588,10:53:46.057,42.6200,100
39226057036588,10:53:46.057,42.6200,100
39226057036588,10:53:46.057,42.6200,100
39226242936339,10:53:46.242,42.6100,100
39234378175454,10:53:54.378,42.6200,100
39244417519762,10:54:04.417,42.6300,100
39244417560361,10:54:04.417,42.6300,100
39247577204658,10:54:07.577,42.6400,100
39247577204658,10:54:07.577,42.6400,100
39265876933070,10:54:25.876,42.6300,100
39270137196466,10:54:30.137,42.6300,100
39288977106287,10:54:48.977,42.6500,100
39288977146554,10:54:48.977,42.6500,55
39288977193088,10:54:48.977,42.6500,45
39297593826348,10:54:57.593,42.6500,100
39297593826348,10:54:57.593,42.6500,33
39297593836598,10:54:57.593,42.6500,67
39297819790647,10:54:57.819,42.6700,100
39317422064895,10:55:17.422,42.6800,100
39317422064895,10:55:17.422,42.6800,100
39319161257051,10:55:19.161,42.7000,100
39321077705105,10:55:21.077,42.7200,100
39345833831197,10:55:45.833,42.7000,100
39345937704932,10:55:45.937,42.7000,100
39371052416850,10:56:11.052,42.7100,19
39371060778454,10:56:11.060,42.7100,81
39380213692676,10:56:20.213,42.7100,19
39380213692676,10:56:20.213,42.7000,81
39380213763989,10:56:20.213,42.7000,119
39380213763989,10:56:20.213,42.7000,100
39380213763989,10:56:20.213,42.7000,100
39389078795517,10:56:29.078,42.7000,100
39389078826149,10:56:29.078,42.7000,30
39389078855193,10:56:29.078,42.7000,70
39392432617103,10:56:32.432,42.7100,100
39417376739484,10:56:57.376,42.7200,100
39417376739484,10:56:57.376,42.7200,100
39417378566559,10:56:57.378,42.7200,5
39420466109791,10:57:00.466,42.7200,100
39426113436578,10:57:06.113,42.7200,100
39433687398420,10:57:13.687,42.7200,100
39433687398420,10:57:13.687,42.7100,15
39433687398420,10:57:13.687,42.7100,100
39433687398420,10:57:13.687,42.7100,47
39433687415900,10:57:13.687,42.7100,53
39433687416610,10:57:13.687,42.7100,53
39433687511740,10:57:13.687,42.7100,47
39433687511740,10:57:13.687,42.7100,28
39433687557426,10:57:13.687,42.7100,100
39433687557426,10:57:13.687,42.7100,53
39433688068494,10:57:13.688,42.7100,19
39433688163664,10:57:13.688,42.7100,30
39433688440162,10:57:13.688,42.7100,100
39466620992545,10:57:46.620,42.7000,100
39466621850833,10:57:46.621,42.7000,100
39466621850833,10:57:46.621,42.7000,100
39466621850833,10:57:46.621,42.7000,200
39466621850833,10:57:46.621,42.7000,100
39466625038290,10:57:46.625,42.7000,100
39466683859534,10:57:46.683,42.6800,100
39483607152033,10:58:03.607,42.6800,100
39483607178761,10:58:03.607,42.6800,100
39483824713613,10:58:03.824,42.6900,100
39489286376911,10:58:09.286,42.7000,100
39489286401040,10:58:09.286,42.7000,100
39497392935285,10:58:17.392,42.7100,100
39497394684636,10:58:17.394,42.7100,100
39538225610286,10:58:58.225,42.7300,100
39538225610286,10:58:58.225,42.7300,100
39585055407466,10:59:45.055,42.7500,100
39594070904217,10:59:54.070,42.7800,84
39594071516027,10:59:54.071,42.7800,16
39598878082650,10:59:58.878,42.7900,100
39604415681020,11:00:04.415,42.8000,100
39604415681020,11:00:04.415,42.7900,8
39633397827994,11:00:33.397,42.8000,87
39660021713871,11:01:00.021,42.8000,100
39660748593485,11:01:00.748,42.8000,13
39662821978900,11:01:02.821,42.8000,100
39662822672094,11:01:02.822,42.8000,100
39662822672996,11:01:02.822,42.8000,55
39662822853717,11:01:02.822,42.8000,3
39662822982121,11:01:02.822,42.8000,100
39662823547144,11:01:02.823,42.8000,29
39662952604476,11:01:02.952,42.8200,100
39662952659820,11:01:02.952,42.8200,100
39663459093871,11:01:03.459,42.8400,100
39663459093871,11:01:03.459,42.8400,100
39663459739393,11:01:03.459,42.8400,100
39663463540076,11:01:03.463,42.8500,100
39663463540076,11:01:03.463,42.8500,200
39663466778569,11:01:03.466,42.8600,100
39663466778569,11:01:03.466,42.8600,100
39663495881491,11:01:03.495,42.8700,1
39664667667958,11:01:04.667,42.8700,200
39664667667958,11:01:04.667,42.8700,100
39666851252825,11:01:06.851,42.8600,100
39666851252825,11:01:06.851,42.8600,100
39666862900587,11:01:06.862,42.8500,100
39666862900587,11:01:06.862,42.8500,100
39666884833456,11:01:06.884,42.8500,100
39681812505425,11:01:21.812,42.8500,100
39681812770635,11:01:21.812,42.8500,100
39682075884017,11:01:22.075,42.8400,100
39683068395178,11:01:23.068,42.8300,20
39683068395178,11:01:23.068,42.8300,80
39683068427247,11:01:23.068,42.8300,20
39684292289527,11:01:24.292,42.8300,100
39711848230238,11:01:51.848,42.8300,100
39711855768224,11:01:51.855,42.8200,100
39711855768224,11:01:51.855,42.8200,100
39723362387932,11:02:03.362,42.8100,100
39723362864357,11:02:03.362,42.8100,100
39723362894441,11:02:03.362,42.8100,10
39723363516301,11:02:03.363,42.8100,100
39723363516301,11:02:03.363,42.8100,90
39754697510007,11:02:34.697,42.8000,42
39754698227923,11:02:34.698,42.8000,10
39792565070608,11:03:12.565,42.8000,100
39801006009865,11:03:21.006,42.7800,100
39801007656163,11:03:21.007,42.7800,100
39801035975586,11:03:21.035,42.7800,100
39801277888667,11:03:21.277,42.7700,100
39801277888667,11:03:21.277,42.7700,13
39807441918198,11:03:27.441,42.7700,100
39807441918198,11:03:27.441,42.7700,100
39807441918198,11:03:27.441,42.7700,100
39807442100268,11:03:27.442,42.7700,100
39815220166270,11:03:35.220,42.7600,1
39842451896410,11:04:02.451,42.7800,100
39842451896410,11:04:02.451,42.7800,100
39842452003379,11:04:02.452,42.7800,200
39842453259594,11:04:02.453,42.7800,42
39842453308132,11:04:02.453,42.7800,58
39842453308132,11:04:02.453,42.7800,100
39842458911914,11:04:02.458,42.7900,100
39842460596620,11:04:02.460,42.7900,100
39849269702259,11:04:09.269,42.8100,69
39897290284740,11:04:57.290,42.7700,40
39897290335587,11:04:57.290,42.7700,60
39897290335587,11:04:57.290,42.7700,15
39897290335587,11:04:57.290,42.7700,63
39897290377131,11:04:57.290,42.7700,37
39897290377131,11:04:57.290,42.7700,100
39897295252165,11:04:57.295,42.7700,100
39897295616788,11:04:57.295,42.7600,100
39897295616788,11:04:57.295,42.7600,1
39897296044136,11:04:57.296,42.7500,100
39897765788515,11:04:57.765,42.7400,8
39897765813458,11:04:57.765,42.7400,92
39912339493103,11:05:12.339,42.7500,100
39912339493103,11:05:12.339,42.7500,100
39912339581163,11:05:12.339,42.7500,100
39968024486511,11:06:08.024,42.7300,15
39968024564537,11:06:08.024,42.7200,15
39968024578376,11:06:08.024,42.7200,35
39968024588403,11:06:08.024,42.7200,50
39968024588403,11:06:08.024,42.7200,100
39968092137794,11:06:08.092,42.7300,5
39984726745899,11:06:24.726,42.7300,33
39984726755099,11:06:24.726,42.7300,67
39984726755099,11:06:24.726,42.7300,57
39984726756647,11:06:24.726,42.7300,43
39985011766745,11:06:25.011,42.7400,41
39985011805576,11:06:25.011,42.7400,18
39985011840414,11:06:25.011,42.7400,23
39985011916566,11:06:25.011,42.7400,18
39985061317634,11:06:25.061,42.7500,12
39996959040020,11:06:36.959,42.7500,88
39996959040020,11:06:36.959,42.7500,12
39996959103123,11:06:36.959,42.7500,88
40003145918398,11:06:43.145,42.7600,100
40042938601337,11:07:22.938,42.7800,100
40050433701755,11:07:30.433,42.7700,100
40050433701755,11:07:30.433,42.7700,100
40050442504639,11:07:30.442,42.7600,100
40050482599378,11:07:30.482,42.7500,100
40073027977913,11:07:53.027,42.7500,100
40112575902519,11:08:32.575,42.7500,100
40124312099018,11:08:44.312,42.7600,5
40124312129666,11:08:44.312,42.7600,95
40124312140298,11:08:44.312,42.7600,95
40124312284194,11:08:44.312,42.7600,5
40124517964055,11:08:44.517,42.7700,100
40131548664743,11:08:51.548,42.7700,100
40147933644590,11:09:07.933,42.7700,13
40147933721538,11:09:07.933,42.7600,100
40147933721538,11:09:07.933,42.7600,100
40147933754689,11:09:07.933,42.7600,100
40147934535109,11:09:07.934,42.7500,100
40147934535109,11:09:07.934,42.7500,100
40160284888877,11:09:20.284,42.7500,100
40160284911528,11:09:20.284,42.7500,13
40160285060549,11:09:20.285,42.7500,87
40255374794929,11:10:55.374,42.7400,100
40255377229687,11:10:55.377,42.7300,11
40298417168957,11:11:38.417,42.7100,20
40298417168957,11:11:38.417,42.7100,80
40298417192887,11:11:38.417,42.7100,20
40332854220669,11:12:12.854,42.7200,12
40332854220669,11:12:12.854,42.7200,88
40336893906752,11:12:16.893,42.7200,12
40339073078022,11:12:19.073,42.7300,100
40339073160567,11:12:19.073,42.7300,100
40345030822408,11:12:25.030,42.7400,44
40345030829951,11:12:25.030,42.7400,56
40373742157743,11:12:53.742,42.7400,56
40373742157743,11:12:53.742,42.7400,100
40373742157743,11:12:53.742,42.7400,44
40373742215515,11:12:53.742,42.7400,56
40373744715794,11:12:53.744,42.7300,13
40373744715794,11:12:53.744,42.7300,100
40373744715794,11:12:53.744,42.7300,100
40388344250686,11:13:08.344,42.7100,24
40388344325330,11:13:08.344,42.7100,63
40482624330951,11:14:42.624,42.7300,80
40482624359668,11:14:42.624,42.7300,20
40482624420540,11:14:42.624,42.7300,20
40492136018189,11:14:52.136,42.7000,100
40492147476879,11:14:52.147,42.6900,100
40501043587879,11:15:01.043,42.6900,100
40501043587879,11:15:01.043,42.6900,100
40541882290430,11:15:41.882,42.6900,100
40583003883894,11:16:23.003,42.7000,2
40583003958564,11:16:23.003,42.7000,98
40601529924868,11:16:41.529,42.6900,97
40601531971721,11:16:41.531,42.6900,3
40601531971721,11:16:41.531,42.6900,2
40601531971721,11:16:41.531,42.6900,95
40601533472857,11:16:41.533,42.6900,5
40605840409046,11:16:45.840,42.6900,100
40605840409046,11:16:45.840,42.6900,100
40613202287633,11:16:53.202,42.6900,100
40613202287633,11:16:53.202,42.6900,100
40613202287633,11:16:53.202,42.6900,95
40613202322284,11:16:53.202,42.6900,5
40613202322284,11:16:53.202,42.6900,100
40613202322284,11:16:53.202,42.6900,13
40709233874266,11:18:29.233,42.7100,100
40709233912738,11:18:29.233,42.7100,100
40709849633338,11:18:29.849,42.7100,300
40709849633338,11:18:29.849,42.7100,2
40738297748374,11:18:58.297,42.7400,200
40738297748374,11:18:58.297,42.7400,100
40738297748374,11:18:58.297,42.7400,100
40738297748374,11:18:58.297,42.7400,100
40738297748374,11:18:58.297,42.7400,98
40738299729611,11:18:58.299,42.7400,200
40738299748151,11:18:58.299,42.7400,100
40738300946720,11:18:58.300,42.7300,10
40738300972216,11:18:58.300,42.7300,190
40738300972216,11:18:58.300,42.7300,100
40738300972216,11:18:58.300,42.7300,100
40738300972216,11:18:58.300,42.7300,100
40738300972216,11:18:58.300,42.7300,100
40738300972216,11:18:58.300,42.7300,100
40738301900369,11:18:58.301,42.7300,100
40738301900369,11:18:58.301,42.7300,100
40740355436537,11:19:00.355,42.7300,100
40740355436537,11:19:00.355,42.7300,100
40740355436537,11:19:00.355,42.7300,13
40773161098098,11:19:33.161,42.7200,100
40773168902615,11:19:33.168,42.7000,100
40773168902615,11:19:33.168,42.7000,100
40773168902615,11:19:33.168,42.7000,100
40773168902615,11:19:33.168,42.7000,100
40773168902615,11:19:33.168,42.7000,100
40773168902615,11:19:33.168,42.7000,100
40773169569574,11:19:33.169,42.6900,100
40773169597686,11:19:33.169,42.6900,100
40792279616224,11:19:52.279,42.7000,10
40897119392891,11:21:37.119,42.7500,100
40897119423208,11:21:37.119,42.7500,7
40897934306467,11:21:37.934,42.7300,100
40897934306467,11:21:37.934,42.7300,100
40897935679933,11:21:37.935,42.7300,100
40897935679933,11:21:37.935,42.7300,100
40897935679933,11:21:37.935,42.7300,64
40897935736589,11:21:37.935,42.7300,36
40898651242494,11:21:38.651,42.7400,14
40898651242494,11:21:38.651,42.7400,100
40898651242494,11:21:38.651,42.7400,100
40911979426506,11:21:51.979,42.7600,100
40918897609875,11:21:58.897,42.7700,12
40930183402676,11:22:10.183,42.7600,100
40930183402676,11:22:10.183,42.7600,65
40930183416780,11:22:10.183,42.7600,35
40930183416780,11:22:10.183,42.7600,10
40941154707863,11:22:21.154,42.7300,100
40974500976832,11:22:54.500,42.7300,100
41052959848327,11:24:12.959,42.8000,53
41052959849971,11:24:12.959,42.8000,47
41118821691525,11:25:18.821,42.8000,100
41118821691525,11:25:18.821,42.8000,100
41118822226241,11:25:18.822,42.7900,100
41118822252277,11:25:18.822,42.7900,200
41118822252277,11:25:18.822,42.7900,100
41118822252277,11:25:18.822,42.7900,100
41118822283860,11:25:18.822,42.7900,97
41118822284550,11:25:18.822,42.7900,1
41118822423890,11:25:18.822,42.7900,2
41118822423890,11:25:18.822,42.7900,2
41118823819026,11:25:18.823,42.7800,100
41118826871842,11:25:18.826,42.7800,4
41129206822086,11:25:29.206,42.7700,11
41131350379643,11:25:31.350,42.7700,89
41131350379643,11:25:31.350,42.7700,9
41131350379643,11:25:31.350,42.7700,100
41131350379643,11:25:31.350,42.7700,2
41131350433394,11:25:31.350,42.7700,98
41150648844449,11:25:50.648,42.8000,100
41151193767040,11:25:51.193,42.7900,3
41151720298861,11:25:51.720,42.7900,30
41153303674841,11:25:53.303,42.7900,70
41153303674841,11:25:53.303,42.7900,29
41153303674841,11:25:53.303,42.7900,1
41155141063092,11:25:55.141,42.7900,99
41155178263682,11:25:55.178,42.7800,100
41155178667342,11:25:55.178,42.7800,100
41156187777948,11:25:56.187,42.7800,10
41159996638209,11:25:59.996,42.7900,100
41159996638209,11:25:59.996,42.7900,100
41170757694413,11:26:10.757,42.7900,95
41170758268210,11:26:10.758,42.7900,8
41170758835384,11:26:10.758,42.7900,100
41170758835384,11:26:10.758,42.7900,100
41240349054452,11:27:20.349,42.8100,100
41246679024608,11:27:26.679,42.8100,200
41246679147976,11:27:26.679,42.8100,100
41256619288297,11:27:36.619,42.8000,100
41257429597706,11:27:37.429,42.7900,25
41257429597706,11:27:37.429,42.7900,100
41360903625031,11:29:20.903,42.8000,82
41383663477672,11:29:43.663,42.8100,100
41383663477672,11:29:43.663,42.8100,1
41411060395610,11:30:11.060,42.8000,100
41411061498307,11:30:11.061,42.8000,100
41411061577964,11:30:11.061,42.8000,100
41445264776689,11:30:45.264,42.7900,100
41445264776689,11:30:45.264,42.7900,9
41534443427122,11:32:14.443,42.8000,100
41543583217247,11:32:23.583,42.7900,5
41573644398911,11:32:53.644,42.7800,100
41573644398911,11:32:53.644,42.7800,100
41573644398911,11:32:53.644,42.7800,8
41573644398911,11:32:53.644,42.7800,39
41573644447773,11:32:53.644,42.7800,62
41582866702473,11:33:02.866,42.7800,12
41646083840455,11:34:06.083,42.8300,500
41646083840455,11:34:06.083,42.8300,100
41762849750230,11:36:02.849,42.8600,100
41767504895640,11:36:07.504,42.8700,100
41769230907722,11:36:09.230,42.8700,10
41769429659917,11:36:09.429,42.8700,100
41783329124141,11:36:23.329,42.8600,100
41783329156930,11:36:23.329,42.8600,100
41783329156930,11:36:23.329,42.8600,11
41784022423955,11:36:24.022,42.8500,100
41784022423955,11:36:24.022,42.8500,100
41784022423955,11:36:24.022,42.8500,100
41784022423955,11:36:24.022,42.8500,100
41789566016842,11:36:29.566,42.8400,100
41789566045017,11:36:29.566,42.8400,100
41789566045017,11:36:29.566,42.8400,100
41789767732663,11:36:29.767,42.8200,100
41789768472896,11:36:29.768,42.8200,97
41789768688342,11:36:29.768,42.8200,3
41789769042546,11:36:29.769,42.8300,100
41790485213009,11:36:30.485,42.8300,33
41790485816869,11:36:30.485,42.8200,100
41896911410999,11:38:16.911,42.7900,13
41896920965934,11:38:16.920,42.7800,100
41896921315491,11:38:16.921,42.7700,56
41899370712337,11:38:19.370,42.7700,44
41950225980752,11:39:10.225,42.7200,100
41956359905181,11:39:16.359,42.6900,20
42005022354482,11:40:05.022,42.7600,5
42013673615001,11:40:13.673,42.7500,100
42033126539511,11:40:33.126,42.7600,100
42033127123470,11:40:33.127,42.7600,100
42043767064633,11:40:43.767,42.7800,100
42118027968983,11:41:58.027,42.8000,100
42178832790847,11:42:58.832,42.8200,64
42241343799823,11:44:01.343,42.8100,100
42241343812864,11:44:01.343,42.8000,62
42241343817903,11:44:01.343,42.8000,38
42241343817903,11:44:01.343,42.8000,62
42241343826269,11:44:01.343,42.8000,38
42302929450636,11:45:02.929,42.8400,100
42347761562540,11:45:47.761,42.8200,18
42357532854440,11:45:57.532,42.8200,100
42372821521940,11:46:12.821,42.8100,14
42397236228904,11:46:37.236,42.7900,70
42397236228904,11:46:37.236,42.8000,30
42397236287133,11:46:37.236,42.8000,70
42397237307515,11:46:37.237,42.8100,100
42397237528874,11:46:37.237,42.8100,100
42397516143005,11:46:37.516,42.8300,100
42523959673493,11:48:43.959,42.8600,100
42525243679947,11:48:45.243,42.8600,100
42525243679947,11:48:45.243,42.8600,100
42525243679947,11:48:45.243,42.8600,100
42525243729158,11:48:45.243,42.8600,100
42535137486347,11:48:55.137,42.8500,100
42601746156191,11:50:01.746,42.8800,100
42601746423579,11:50:01.746,42.8800,28
42601864174771,11:50:01.864,42.8800,100
42691538156066,11:51:31.538,42.8700,100
42691538156066,11:51:31.538,42.8700,100
42691555412567,11:51:31.555,42.8600,100
42691555412567,11:51:31.555,42.8600,100
42691555877046,11:51:31.555,42.8600,100
42693883607697,11:51:33.883,42.8500,14
42693883607697,11:51:33.883,42.8500,48
42693883619391,11:51:33.883,42.8500,52
42693884494121,11:51:33.884,42.8600,100
42693884682987,11:51:33.884,42.8600,100
42693884682987,11:51:33.884,42.8600,100
42693885101219,11:51:33.885,42.8600,70
42812252749202,11:53:32.252,42.9000,12
42812252749202,11:53:32.252,42.9000,2
42943910353171,11:55:43.910,42.9500,200
42943910398127,11:55:43.910,42.9500,100
42943910398127,11:55:43.910,42.9500,100
42943910398127,11:55:43.910,42.9500,100
42943910398127,11:55:43.910,42.9500,100
42943910398127,11:55:43.910,42.9500,100
42943910398127,11:55:43.910,42.9500,100
42943910398127,11:55:43.910,42.9500,100
42943910398127,11:55:43.910,42.9500,100
42943910730986,11:55:43.910,42.9400,97
42943910826790,11:55:43.910,42.9400,3
42943910826790,11:55:43.910,42.9400,11
42943910826790,11:55:43.910,42.9400,100
42961078052566,11:56:01.078,42.9100,100
42961078052566,11:56:01.078,42.9100,100
43076390491538,11:57:56.390,42.9100,100
43081529762454,11:58:01.529,42.9100,4
43089881826543,11:58:09.881,42.8900,12
43111123295680,11:58:31.123,42.9100,100
43111123295680,11:58:31.123,42.9100,6
43111123295680,11:58:31.123,42.9100,70
43111123324866,11:58:31.123,42.9100,30
43111124724843,11:58:31.124,42.9200,100
43111124754565,11:58:31.124,42.9200,100
43112463219556,11:58:32.463,42.9300,87
43132589245522,11:58:52.589,42.9300,100
43132589949356,11:58:52.589,42.9500,100
43132590711094,11:58:52.590,42.9500,100
43132590711094,11:58:52.590,42.9500,100
43132590711094,11:58:52.590,42.9500,100
43132619006858,11:58:52.619,42.9500,100
43132619006858,11:58:52.619,42.9500,30
43132619051360,11:58:52.619,42.9500,70
43132619051360,11:58:52.619,42.9500,100
43132619051360,11:58:52.619,42.9500,100
43135063269445,11:58:55.063,42.9400,7
43135063269445,11:58:55.063,42.9400,93
43135063295868,11:58:55.063,42.9400,7
43141759369044,11:59:01.759,42.9100,100
43141759484840,11:59:01.759,42.9100,100
43283171660753,12:01:23.171,42.9200,100
43283173671857,12:01:23.173,42.9100,1
43283173671857,12:01:23.173,42.9100,100
43284912545669,12:01:24.912,42.8900,5
43284912572693,12:01:24.912,42.8900,4
43318450157413,12:01:58.450,42.8800,100
43340667295730,12:02:20.667,42.9300,42
43345126855984,12:02:25.126,42.9200,100
43345130800841,12:02:25.130,42.9000,90
43345130827302,12:02:25.130,42.9000,10
43345130827302,12:02:25.130,42.9000,100
43345135298573,12:02:25.135,42.8900,100
43345135954856,12:02:25.135,42.8900,23
43345137192627,12:02:25.137,42.8900,77
43345146647901,12:02:25.146,42.8600,12
43345147431053,12:02:25.147,42.8700,100
43345147509998,12:02:25.147,42.8700,100
43345147583106,12:02:25.147,42.8700,100
43345217831685,12:02:25.217,42.8900,100
43345217937928,12:02:25.217,42.8900,100
43354114030797,12:02:34.114,42.9100,100
43354114465699,12:02:34.114,42.9100,100
43376732294558,12:02:56.732,42.9100,200
43376788614962,12:02:56.788,42.9100,100
43376790141726,12:02:56.790,42.9300,100
43378370307863,12:02:58.370,42.9200,100
43378375522991,12:02:58.375,42.9000,100
43378376845559,12:02:58.376,42.9300,80
43378378398826,12:02:58.378,42.9200,100
43378378398826,12:02:58.378,42.9200,100
43378378398826,12:02:58.378,42.9100,200
43378378398826,12:02:58.378,42.9100,100
43378381690298,12:02:58.381,42.9000,100
43378381735625,12:02:58.381,42.9000,100
43378383864266,12:02:58.383,42.9000,100
43437556349475,12:03:57.556,42.9200,127
43437556349475,12:03:57.556,42.9200,80
43437556680014,12:03:57.556,42.9200,120
43437557581010,12:03:57.557,42.9100,100
43437558132067,12:03:57.558,42.9100,100
43437558132067,12:03:57.558,42.9100,10
43500127583148,12:05:00.127,42.9100,11
43500134860138,12:05:00.134,42.9000,100
43511605150761,12:05:11.605,42.9100,100
43511605870337,12:05:11.605,42.9200,100
43511605870337,12:05:11.605,42.9200,100
43511605870337,12:05:11.605,42.9200,100
43517038813941,12:05:17.038,42.9200,100
43517040351487,12:05:17.040,42.9100,100
43517041982891,12:05:17.041,42.9100,300
43517045904963,12:05:17.045,42.9100,20
43647451468678,12:07:27.451,42.9000,100
43647451468678,12:07:27.451,42.9000,10
43647451634480,12:07:27.451,42.9000,100
43647455291560,12:07:27.455,42.8900,100
43647455316677,12:07:27.455,42.8900,100
43647455316677,12:07:27.455,42.8900,100
43647455668187,12:07:27.455,42.8900,100
43647456181665,12:07:27.456,42.8900,100
43705220783121,12:08:25.220,42.9000,100
43705221299076,12:08:25.221,42.9000,100
43705221299076,12:08:25.221,42.9000,36
43705221326403,12:08:25.221,42.9000,64
43735819876151,12:08:55.819,42.9000,100
43770017455610,12:09:30.017,42.9000,11
43770037988978,12:09:30.037,42.9000,100
43770037988978,12:09:30.037,42.9000,100
43770038071607,12:09:30.038,42.9000,100
43770038433068,12:09:30.038,42.9000,100
43770038490854,12:09:30.038,42.9000,100
43770038495145,12:09:30.038,42.9000,100
43774896269063,12:09:34.896,42.8900,100
43774896269063,12:09:34.896,42.8900,100
43776159186602,12:09:36.159,42.8900,100
43856345356737,12:10:56.345,42.8900,100
43856345356737,12:10:56.345,42.8900,100
43856346182578,12:10:56.346,42.8900,100
43856346182578,12:10:56.346,42.8900,100
43856346182578,12:10:56.346,42.8900,21
43856346256355,12:10:56.346,42.8900,79
43856346352592,12:10:56.346,42.8900,100
43856346352592,12:10:56.346,42.8900,100
43856346352592,12:10:56.346,42.8900,100
43856346352592,12:10:56.346,42.8800,20
43856346352592,12:10:56.346,42.8800,80
43856346411706,12:10:56.346,42.8900,100
43856346413121,12:10:56.346,42.8900,100
43856346413680,12:10:56.346,42.8900,99
43856346424578,12:10:56.346,42.8900,1
43856347045861,12:10:56.347,42.8900,100
43856347584628,12:10:56.347,42.9000,100
43856347611589,12:10:56.347,42.9000,100
43856347611589,12:10:56.347,42.9000,4
43860432409386,12:11:00.432,42.9300,100
43860432409386,12:11:00.432,42.9300,100
43862621221673,12:11:02.621,42.9600,100
43862621234642,12:11:02.621,42.9600,90
43915367577385,12:11:55.367,42.9400,100
43915367577385,12:11:55.367,42.9400,100
43915367577385,12:11:55.367,42.9400,55
43956112896512,12:12:36.112,42.9400,100
43956558067020,12:12:36.558,42.9500,100
43956558578818,12:12:36.558,42.9500,100
43956558718684,12:12:36.558,42.9500,100
43956558718684,12:12:36.558,42.9500,10
43957485235306,12:12:37.485,42.9500,90
43957485235306,12:12:37.485,42.9500,100
43957485235306,12:12:37.485,42.9500,100
43957485235306,12:12:37.485,42.9500,100
43957485235306,12:12:37.485,42.9500,100
43957485235306,12:12:37.485,42.9500,100
43999055619068,12:13:19.055,42.9400,2
44007220768579,12:13:27.220,42.9500,1
44008005609014,12:13:28.005,42.9600,100
44058119913877,12:14:18.119,42.9600,100
44058119913877,12:14:18.119,42.9600,11
44058120279702,12:14:18.120,42.9600,100
44058120712811,12:14:18.120,42.9600,100
44058140843329,12:14:18.140,42.9500,100
44060029523658,12:14:20.029,42.9500,100
44060778414483,12:14:20.778,42.9400,100
44060781756003,12:14:20.781,42.9400,100
44060781756003,12:14:20.781,42.9400,100
44060815739897,12:14:20.815,42.9500,200
44096362622874,12:14:56.362,42.9400,100
44096383633144,12:14:56.383,42.9400,100
44097596802763,12:14:57.596,42.9400,100
44098005259353,12:14:58.005,42.9400,74
44098005299424,12:14:58.005,42.9400,26
44098006343903,12:14:58.006,42.9500,100
44098006343903,12:14:58.006,42.9500,100
44144015111514,12:15:44.015,42.9500,4
44153660620938,12:15:53.660,42.9500,1
44155326346431,12:15:55.326,42.9400,100
44155326346431,12:15:55.326,42.9400,22
44155326346431,12:15:55.326,42.9400,53
44155350879970,12:15:55.350,42.9400,5
44197525730982,12:16:37.525,42.9500,1
44197525778008,12:16:37.525,42.9500,94
44197525778008,12:16:37.525,42.9500,100
44197525832846,12:16:37.525,42.9500,13
44222527509203,12:17:02.527,42.9900,25
44239978197384,12:17:19.978,43.0100,12
44327653863623,12:18:47.653,43.0000,200
44327653863623,12:18:47.653,43.0000,100
44327653863623,12:18:47.653,43.0000,100
44327653863623,12:18:47.653,43.0000,5
44327654394830,12:18:47.654,43.0000,100
44327654612148,12:18:47.654,43.0100,100
44327686566375,12:18:47.686,43.0000,91
44328289026287,12:18:48.289,42.9900,100
44328289026287,12:18:48.289,42.9900,9
44328289026287,12:18:48.289,42.9900,23
44328289026287,12:18:48.289,42.9900,168
44328289054980,12:18:48.289,42.9900,32
44330884712208,12:18:50.884,42.9800,200
44330884712208,12:18:50.884,42.9800,100
44330884712208,12:18:50.884,42.9800,48
44330884743322,12:18:50.884,42.9800,52
44336379100566,12:18:56.379,42.9800,100
44336385826633,12:18:56.385,42.9800,5
44381269831029,12:19:41.269,43.0100,100
44396835326886,12:19:56.835,43.0000,28
44516295274824,12:21:56.295,43.0200,3
44530752460757,12:22:10.752,43.0100,100
44530752460757,12:22:10.752,43.0100,58
44551134635184,12:22:31.134,43.0100,6
44551134635184,12:22:31.134,43.0100,3
44552529152270,12:22:32.529,43.0200,5
44553912345255,12:22:33.912,43.0100,2
44553912345255,12:22:33.912,43.0100,100
44553912345255,12:22:33.912,43.0100,100
44553912345255,12:22:33.912,43.0100,100
44553915913727,12:22:33.915,43.0100,12
44557202663628,12:22:37.202,43.0100,100
44560247313986,12:22:40.247,43.0200,1
44564207272304,12:22:44.207,43.0100,8
44564208007539,12:22:44.208,43.0050,100
44564208007539,12:22:44.208,43.0000,100
44564208464294,12:22:44.208,43.0000,100
44567526144642,12:22:47.526,43.0000,3
44572523534749,12:22:52.523,43.0000,1
44580807256853,12:23:00.807,42.9900,100
44588475711537,12:23:08.475,42.9900,100
44588475711537,12:23:08.475,42.9900,100
44588480480406,12:23:08.480,42.9800,100
44588483875352,12:23:08.483,42.9800,3
44590205678308,12:23:10.205,42.9800,100
44640108436522,12:24:00.108,42.9700,100
44747705212119,12:25:47.705,42.9600,10
44747736032396,12:25:47.736,42.9500,20
44811073931172,12:26:51.073,42.9700,36
44825687756662,12:27:05.687,42.9800,4
44834859672235,12:27:14.859,42.9600,100
44876548189107,12:27:56.548,42.9700,100
44876734004472,12:27:56.734,42.9700,63
44876734034950,12:27:56.734,42.9700,60
44876734123160,12:27:56.734,42.9700,30
44881104151567,12:28:01.104,42.9700,40
44903174163306,12:28:23.174,42.9800,1
44934269851290,12:28:54.269,42.9900,98
44936000931553,12:28:56.000,42.9800,99
44948476356723,12:29:08.476,42.9900,100
44948476551236,12:29:08.476,42.9900,5
44948476551236,12:29:08.476,42.9900,100
44948477275427,12:29:08.477,42.9900,100
44948477739884,12:29:08.477,42.9900,100
44948636910335,12:29:08.636,42.9800,5
44951079722310,12:29:11.079,43.0000,100
44985388275481,12:29:45.388,43.0100,10
44985388303008,12:29:45.388,43.0100,90
44999652427801,12:29:59.652,43.0100,100
44999652427801,12:29:59.652,43.0100,100
45005936834874,12:30:05.936,43.0100,100
45022424564702,12:30:22.424,43.0100,100
45022424564702,12:30:22.424,43.0100,100
45037781618513,12:30:37.781,43.0000,100
45037781618513,12:30:37.781,43.0000,100
45037781618513,12:30:37.781,43.0000,100
45037781618513,12:30:37.781,43.0000,100
45037781618513,12:30:37.781,43.0000,6
45038536108146,12:30:38.536,42.9900,100
45038536108146,12:30:38.536,42.9900,100
45038536108146,12:30:38.536,42.9900,100
45038536108146,12:30:38.536,42.9900,100
45072817672221,12:31:12.817,42.9900,100
45072818090292,12:31:12.818,42.9900,4
45072818090292,12:31:12.818,43.0000,100
45072818090292,12:31:12.818,43.0000,100
45072818090292,12:31:12.818,43.0000,96
45072818121470,12:31:12.818,43.0000,4
45125441226790,12:32:05.441,43.0100,100
45125441226790,12:32:05.441,43.0100,100
45125441226790,12:32:05.441,43.0100,6
45129388567907,12:32:09.388,43.0000,100
45138333354443,12:32:18.333,42.9900,100
45177071978013,12:32:57.071,42.9800,100
45182888873005,12:33:02.888,42.9700,43
45197280791981,12:33:17.280,42.9600,20
45215715623424,12:33:35.715,42.9700,100
45215715623424,12:33:35.715,42.9700,100
45236494009665,12:33:56.494,42.9500,20
45236805872710,12:33:56.805,42.9400,100
45236805872710,12:33:56.805,42.9400,91
45236805926353,12:33:56.805,42.9400,9
45311206293929,12:35:11.206,42.9400,100
45311206293929,12:35:11.206,42.9400,100
45313826527473,12:35:13.826,42.9400,92
45371237360168,12:36:11.237,42.9600,100
45371240746808,12:36:11.240,42.9500,33
45371468016865,12:36:11.468,42.9400,100
45372196440930,12:36:12.196,42.9300,100
45372196440930,12:36:12.196,42.9300,10
45375551144553,12:36:15.551,42.9300,90
45375551144553,12:36:15.551,42.9300,100
45375551144553,12:36:15.551,42.9300,7
45426424205473,12:37:06.424,42.9500,1
45427438471470,12:37:07.438,42.9500,100
45443525666567,12:37:23.525,42.9500,100
45531630229518,12:38:51.630,42.9800,100
45531685293058,12:38:51.685,42.9800,100
45531689526014,12:38:51.689,42.9800,100
45532041048157,12:38:52.041,42.9600,100
45557974918915,12:39:17.974,42.9500,6
45557974918915,12:39:17.974,42.9500,100
45572059868690,12:39:32.059,42.9500,200
45572059868690,12:39:32.059,42.9500,100
45572160053292,12:39:32.160,42.9400,100
45572160053292,12:39:32.160,42.9400,100
45572160053292,12:39:32.160,42.9400,100
45610240241679,12:40:10.240,42.9400,100
45667601453809,12:41:07.601,42.9300,100
45667601453809,12:41:07.601,42.9300,100
45695155324872,12:41:35.155,42.9400,100
45708542742710,12:41:48.542,42.9200,20
45708542742710,12:41:48.542,42.9200,64
45708542906772,12:41:48.542,42.9200,36
45708542906772,12:41:48.542,42.9200,58
45708543362014,12:41:48.543,42.9200,133
45708543363584,12:41:48.543,42.9200,9
45708543363584,12:41:48.543,42.9200,2
45708543375864,12:41:48.543,42.9200,6
45708565679385,12:41:48.565,42.9100,100
45716468933898,12:41:56.468,42.9000,20
45716468933898,12:41:56.468,42.9000,180
45716468970441,12:41:56.468,42.9000,20
45716514805312,12:41:56.514,42.8900,20
45716514805312,12:41:56.514,42.8900,80
45716514852551,12:41:56.514,42.8900,20
45811878176544,12:43:31.878,42.9200,100
45811893222813,12:43:31.893,42.9200,100
45811893589758,12:43:31.893,42.9100,74
45811893685901,12:43:31.893,42.9100,26
45811893685901,12:43:31.893,42.9100,74
45811893691867,12:43:31.893,42.9100,26
45811893736729,12:43:31.893,42.9100,26
45811893796830,12:43:31.893,42.9100,74
45811893796830,12:43:31.893,42.9100,26
45811893896116,12:43:31.893,42.9100,74
45829961502968,12:43:49.961,42.9100,3
45829961502968,12:43:49.961,42.9100,10
45829961502968,12:43:49.961,42.9100,38
45829961502968,12:43:49.961,42.9100,49
45829961532492,12:43:49.961,42.9100,51
45829961532492,12:43:49.961,42.9100,100
45829962537801,12:43:49.962,42.9000,100
45829962537801,12:43:49.962,42.9000,100
45829964228898,12:43:49.964,42.8900,100
45830478210843,12:43:50.478,42.8800,37
45830478220525,12:43:50.478,42.8800,63
45837732354006,12:43:57.732,42.8700,10
45928756774586,12:45:28.756,42.9000,4
45977560939473,12:46:17.560,42.8900,9
45993692438753,12:46:33.692,42.8800,100
45993692438753,12:46:33.692,42.8800,4
46000219673425,12:46:40.219,42.8700,100
46000219673425,12:46:40.219,42.8700,100
46000220302661,12:46:40.220,42.8700,100
46000220302661,12:46:40.220,42.8700,100
46067057425653,12:47:47.057,42.8900,100
46070019171502,12:47:50.019,42.8800,100
46070019171502,12:47:50.019,42.8800,100
46070019171502,12:47:50.019,42.8800,100
46108475895169,12:48:28.475,42.8800,200
46108475895169,12:48:28.475,42.8800,58
46108475921865,12:48:28.475,42.8800,42
46108475921865,12:48:28.475,42.8800,100
46109108167160,12:48:29.108,42.8900,100
46109108167160,12:48:29.108,42.8900,100
46109108167160,12:48:29.108,42.8900,100
46132535170661,12:48:52.535,42.9000,100
46133937975729,12:48:53.937,42.9000,100
46139825598128,12:48:59.825,42.8900,100
46139825598128,12:48:59.825,42.8900,100
46139825598128,12:48:59.825,42.8900,9
46139825598128,12:48:59.825,42.8900,34
46153119250405,12:49:13.119,42.9000,100
46247027015745,12:50:47.027,42.8900,100
46247027052635,12:50:47.027,42.8900,7
46344814413431,12:52:24.814,42.8900,100
46374270729857,12:52:54.270,42.8900,94
46394557129963,12:53:14.557,42.8800,100
46402446381400,12:53:22.446,42.8800,100
46402446381400,12:53:22.446,42.8800,100
46402446381400,12:53:22.446,42.8800,100
46402446431609,12:53:22.446,42.8800,7
46402446431609,12:53:22.446,42.8800,27
46444893099556,12:54:04.893,42.8700,100
46444897968788,12:54:04.897,42.8700,100
46444897987350,12:54:04.897,42.8700,8
46445898511006,12:54:05.898,42.8600,1
46445901166824,12:54:05.901,42.8600,20
46446485359039,12:54:06.485,42.8600,63
46450060372539,12:54:10.060,42.8500,100
46450060372539,12:54:10.060,42.8500,100
46450060372539,12:54:10.060,42.8500,100
46471430909409,12:54:31.430,42.8400,2
46475091827645,12:54:35.091,42.8300,100
46475091827645,12:54:35.091,42.8300,100
46475091827645,12:54:35.091,42.8300,100
46475091827645,12:54:35.091,42.8300,100
46475091827645,12:54:35.091,42.8300,1
46501007991686,12:55:01.007,42.8200,100
46501007991686,12:55:01.007,42.8200,100
46523901685735,12:55:23.901,42.8100,100
46529640896709,12:55:29.640,42.8000,20
46529640896709,12:55:29.640,42.8000,83
46535022167377,12:55:35.022,42.7900,10
46535022167377,12:55:35.022,42.7900,10
46540387275506,12:55:40.387,42.7900,89
46540388417977,12:55:40.388,42.7900,100
46566523206581,12:56:06.523,42.8100,100
46567341888377,12:56:07.341,42.8200,198
46567341912664,12:56:07.341,42.8200,302
46609847278490,12:56:49.847,42.8200,100
46622094379608,12:57:02.094,42.8200,10
46673240334895,12:57:53.240,42.8200,30
46673240385732,12:57:53.240,42.8200,70
46673241843946,12:57:53.241,42.8200,100
46673241843946,12:57:53.241,42.8200,36
46673241939523,12:57:53.241,42.8200,64
46673241939523,12:57:53.241,42.8200,100
46673241939523,12:57:53.241,42.8200,100
46673241939523,12:57:53.241,42.8200,100
46695857272886,12:58:15.857,42.8200,5
46708008542829,12:58:28.008,42.8300,100
46815844473556,13:00:15.844,42.8100,100
46815844473556,13:00:15.844,42.8100,100
46815844546758,13:00:15.844,42.8100,7
46815845353102,13:00:15.845,42.8100,100
46815845415004,13:00:15.845,42.8100,100
46815845415004,13:00:15.845,42.8100,100
46815845415004,13:00:15.845,42.8100,100
46815845415004,13:00:15.845,42.8100,10
46823844216410,13:00:23.844,42.8000,100
46823844216410,13:00:23.844,42.8000,100
46826419675151,13:00:26.419,42.8100,9
46835416007078,13:00:35.416,42.7900,100
46860430101611,13:01:00.430,42.8000,39
46860986600248,13:01:00.986,42.8000,61
46929271518641,13:02:09.271,42.8100,100
46929271518641,13:02:09.271,42.8100,14
46929271518641,13:02:09.271,42.8100,2
46929414418946,13:02:09.414,42.8000,100
46943536981437,13:02:23.536,42.7900,6
46943564156431,13:02:23.564,42.7800,10
46943564156431,13:02:23.564,42.7800,10
46943564156431,13:02:23.564,42.7800,80
47014672740938,13:03:34.672,42.7900,100
47065410713972,13:04:25.410,42.7700,100
47065410713972,13:04:25.410,42.7700,8
47093346010397,13:04:53.346,42.7600,10
47093346010397,13:04:53.346,42.7600,10
47116618635887,13:05:16.618,42.7700,100
47116628880223,13:05:16.628,42.7800,100
47116631212983,13:05:16.631,42.7800,100
47116631212983,13:05:16.631,42.7800,100
47158371461203,13:05:58.371,42.7700,100
47158371461203,13:05:58.371,42.7700,3
47158372315435,13:05:58.372,42.7700,97
47175470587952,13:06:15.470,42.7600,100
47222448119688,13:07:02.448,42.7900,100
47222448148146,13:07:02.448,42.7900,100
47222448148146,13:07:02.448,42.7900,100
47222448148146,13:07:02.448,42.7900,100
47222448148146,13:07:02.448,42.7900,100
47222448148146,13:07:02.448,42.7900,100
47261604807272,13:07:41.604,42.7600,100
47261604807272,13:07:41.604,42.7600,100
47261604807272,13:07:41.604,42.7600,2
47330969295118,13:08:50.969,42.7700,12
47330969328858,13:08:50.969,42.7700,51
47330969415240,13:08:50.969,42.7700,37
47330969415240,13:08:50.969,42.7700,100
47330969415240,13:08:50.969,42.7700,67
47330969423843,13:08:50.969,42.7700,33
47330969427221,13:08:50.969,42.7700,33
47331042811908,13:08:51.042,42.7500,10
47331042811908,13:08:51.042,42.7500,90
47331042848310,13:08:51.042,42.7500,10
47331042848310,13:08:51.042,42.7500,100
47341306187328,13:09:01.306,42.7700,70
47444779318535,13:10:44.779,42.7500,94
47553500114224,13:12:33.500,42.7500,11
47554785817156,13:12:34.785,42.7500,200
47554785817156,13:12:34.785,42.7500,100
47560131585943,13:12:40.131,42.7500,100
47560137158093,13:12:40.137,42.7400,5
47560137158093,13:12:40.137,42.7400,100
47560137158093,13:12:40.137,42.7400,100
47584621433653,13:13:04.621,42.7300,10
47584621433653,13:13:04.621,42.7300,90
47589229896834,13:13:09.229,42.7300,10
47589229896834,13:13:09.229,42.7300,90
47589229932902,13:13:09.229,42.7300,10
47589230752337,13:13:09.230,42.7300,100
47591171361714,13:13:11.171,42.7300,20
47608086340158,13:13:28.086,42.7300,400
47631616591554,13:13:51.616,42.7300,46
47650065483049,13:14:10.065,42.7400,100
47700607234651,13:15:00.607,42.7300,1
47700633657802,13:15:00.633,42.7200,10
47700633657802,13:15:00.633,42.7200,10
47700633657802,13:15:00.633,42.7200,80
47700633657802,13:15:00.633,42.7200,100
47700633657802,13:15:00.633,42.7200,25
47700633718360,13:15:00.633,42.7200,75
47700633718360,13:15:00.633,42.7200,150
47700633731131,13:15:00.633,42.7200,50
47700633731131,13:15:00.633,42.7200,11
47700633731131,13:15:00.633,42.7200,1
47703431325569,13:15:03.431,42.7100,100
47703431698662,13:15:03.431,42.7100,100
47703433274937,13:15:03.433,42.7100,4
47703434479990,13:15:03.434,42.7100,20
47705739044567,13:15:05.739,42.7000,20
47705739044567,13:15:05.739,42.7000,80
47707168415555,13:15:07.168,42.7000,20
47707168415555,13:15:07.168,42.7000,80
47707171111585,13:15:07.171,42.7000,20
47707171111585,13:15:07.171,42.7000,80
47716999460399,13:15:16.999,42.7000,20
47716999460399,13:15:16.999,42.7000,80
47750851782180,13:15:50.851,42.7300,1
47750851914746,13:15:50.851,42.7300,1
47750851916403,13:15:50.851,42.7300,2
47750851977987,13:15:50.851,42.7300,1
47762628915037,13:16:02.628,42.7200,20
47851175230334,13:17:31.175,42.7300,100
47893226201539,13:18:13.226,42.7300,100
47913890561163,13:18:33.890,42.7300,10
47913911290924,13:18:33.911,42.7300,5
47982156274500,13:19:42.156,42.7200,100
47982156274500,13:19:42.156,42.7200,100
47982214590900,13:19:42.214,42.7300,20
47982214615859,13:19:42.214,42.7300,80
47982214615859,13:19:42.214,42.7300,100
47997248781812,13:19:57.248,42.7300,100
48017580466455,13:20:17.580,42.7300,100
48017580481356,13:20:17.580,42.7300,15
48023773267642,13:20:23.773,42.7200,100
48023773267642,13:20:23.773,42.7200,100
48023773267642,13:20:23.773,42.7200,100
48023774319834,13:20:23.774,42.7100,100
48023775013145,13:20:23.775,42.7100,2
48023805850742,13:20:23.805,42.7100,100
48032225820175,13:20:32.225,42.7100,2
48045753167095,13:20:45.753,42.7000,4
48045856683454,13:20:45.856,42.6900,100
48045856912633,13:20:45.856,42.6900,100
48046187550973,13:20:46.187,42.6900,72
48048274653569,13:20:48.274,42.6900,100
48061780615612,13:21:01.780,42.6800,100
48122441060993,13:22:02.441,42.6800,100
48122441597388,13:22:02.441,42.7000,3
48122441597388,13:22:02.441,42.7000,97
48122441765706,13:22:02.441,42.7000,100
48122441960343,13:22:02.441,42.7000,103
48135020302999,13:22:15.020,42.7100,100
48138843042897,13:22:18.843,42.7100,100
48142741068188,13:22:22.741,42.7000,2
48142741068188,13:22:22.741,42.7000,98
48142741101775,13:22:22.741,42.7000,2
48160007444735,13:22:40.007,42.6900,100
48212559292091,13:23:32.559,42.7100,100
48228506809191,13:23:48.506,42.7100,100
48228506809191,13:23:48.506,42.7100,100
48228506809191,13:23:48.506,42.7100,100
48230025259289,13:23:50.025,42.7100,100
48241462077856,13:24:01.462,42.7200,100
48250506299433,13:24:10.506,42.7100,13
48250506299433,13:24:10.506,42.7100,100
48250506480192,13:24:10.506,42.7100,100
48250506504385,13:24:10.506,42.7100,100
48250595093825,13:24:10.595,42.7200,100
48258686678033,13:24:18.686,42.7300,100
48261689938856,13:24:21.689,42.7400,100
48291844872834,13:24:51.844,42.7400,100
48305158138050,13:25:05.158,42.7200,100
48305158138050,13:25:05.158,42.7200,100
48306010346718,13:25:06.010,42.7200,100
48337279335767,13:25:37.279,42.7400,100
48375096276203,13:26:15.096,42.7500,100
48375096276203,13:26:15.096,42.7500,100
48375096276203,13:26:15.096,42.7500,12
48375595212633,13:26:15.595,42.7400,100
48386068148356,13:26:26.068,42.7300,100
48386068148356,13:26:26.068,42.7300,100
48413633998876,13:26:53.633,42.7200,100
48417426664489,13:26:57.426,42.7100,100
48500902653891,13:28:20.902,42.7200,100
48502671663505,13:28:22.671,42.7200,100
48517966328564,13:28:37.966,42.7200,100
48517966328564,13:28:37.966,42.7200,14
48585389089771,13:29:45.389,42.7400,100
48585389089771,13:29:45.389,42.7400,100
48586468687057,13:29:46.468,42.7400,200
48586468687057,13:29:46.468,42.7400,100
48586468826458,13:29:46.468,42.7400,100
48586468826458,13:29:46.468,42.7400,100
48586468893974,13:29:46.468,42.7400,100
48586468893974,13:29:46.468,42.7400,100
48586468893974,13:29:46.468,42.7400,100
48589913098952,13:29:49.913,42.7500,95
48589913122411,13:29:49.913,42.7500,5
48628125561707,13:30:28.125,42.7400,100
48647637962423,13:30:47.637,42.7400,100
48664057531170,13:31:04.057,42.7300,100
48664057531170,13:31:04.057,42.7300,100
48664057531170,13:31:04.057,42.7300,13
48664057531170,13:31:04.057,42.7300,15
48712217566388,13:31:52.217,42.7500,200
48738801515888,13:32:18.801,42.7600,100
48741821901397,13:32:21.821,42.7700,100
48741821934119,13:32:21.821,42.7700,100
48758721513336,13:32:38.721,42.7600,100
48759861736467,13:32:39.861,42.7600,100
48777406165396,13:32:57.406,42.7800,200
48777408348464,13:32:57.408,42.7800,100
48784125314278,13:33:04.125,42.7800,100
48831889435229,13:33:51.889,42.7700,100
48831889435229,13:33:51.889,42.7700,100
48831889435229,13:33:51.889,42.7700,100
48835755751112,13:33:55.755,42.7700,8
48837410638614,13:33:57.410,42.7700,100
48841397026590,13:34:01.397,42.7700,100
48851172306251,13:34:11.172,42.7600,100
48858412006148,13:34:18.412,42.7600,100
48858412006148,13:34:18.412,42.7600,100
48881328584918,13:34:41.328,42.7600,9
48881745748735,13:34:41.745,42.7500,100
48894954532002,13:34:54.954,42.7500,100
48903171353666,13:35:03.171,42.7500,1
48903171353666,13:35:03.171,42.7500,99
48903187618449,13:35:03.187,42.7500,1
48909754276672,13:35:09.754,42.7400,100
48909754898270,13:35:09.754,42.7400,97
48918053778554,13:35:18.053,42.7400,100
48918053829732,13:35:18.053,42.7400,24
48933652295311,13:35:33.652,42.7400,97
48935122996464,13:35:35.122,42.7400,100
49009947240576,13:36:49.947,42.7400,100
49059314661781,13:37:39.314,42.7400,100
49067188328532,13:37:47.188,42.7500,107
49067188470257,13:37:47.188,42.7500,240
49067188471395,13:37:47.188,42.7500,53
49075494653536,13:37:55.494,42.7600,100
49152441272381,13:39:12.441,42.7700,32
49321570831249,13:42:01.570,42.7700,200
49321570831249,13:42:01.570,42.7700,100
49383051986981,13:43:03.051,42.7500,100
49383052015401,13:43:03.052,42.7500,200
49383052015401,13:43:03.052,42.7500,6
49383052019236,13:43:03.052,42.7500,100
49414374396787,13:43:34.374,42.7500,100
49417565496142,13:43:37.565,42.7500,100
49430812174855,13:43:50.812,42.7600,100
49455225895349,13:44:15.225,42.7500,100
49455225895349,13:44:15.225,42.7500,7
49460621025938,13:44:20.621,42.7400,100
49470102795198,13:44:30.102,42.7300,20
49470102795198,13:44:30.102,42.7300,47
49470102803457,13:44:30.102,42.7300,34
49470103000032,13:44:30.103,42.7300,19
49470109591132,13:44:30.109,42.7300,5
49475443595145,13:44:35.443,42.7200,20
49475443595145,13:44:35.443,42.7200,5
49500507092536,13:45:00.507,42.7100,100
49500507092536,13:45:00.507,42.7100,100
49500507092536,13:45:00.507,42.7100,100
49500507092536,13:45:00.507,42.7100,100
49500507092536,13:45:00.507,42.7100,100
49500507092536,13:45:00.507,42.7100,100
49500507092536,13:45:00.507,42.7100,100
49500507615708,13:45:00.507,42.7200,100
49501281164290,13:45:01.281,42.7300,200
49501281164290,13:45:01.281,42.7300,100
49501281305575,13:45:01.281,42.7300,100
49501508427275,13:45:01.508,42.7200,200
49501508427275,13:45:01.508,42.7200,100
49501519372295,13:45:01.519,42.7200,100
49513812980661,13:45:13.812,42.7100,100
49513812980661,13:45:13.812,42.7100,100
49513875456179,13:45:13.875,42.7000,20
49513875456179,13:45:13.875,42.7000,100
49513879963909,13:45:13.879,42.7000,100
49514762306391,13:45:14.762,42.7000,100
49514762306391,13:45:14.762,42.7000,100
49514762737420,13:45:14.762,42.7100,100
49514762737420,13:45:14.762,42.7100,200
49542247780388,13:45:42.247,42.7400,100
49542247780388,13:45:42.247,42.7400,78
49542247811773,13:45:42.247,42.7400,22
49542248430004,13:45:42.248,42.7500,100
49542248571126,13:45:42.248,42.7500,100
49542248733938,13:45:42.248,42.7500,100
49542250962642,13:45:42.250,42.7500,100
49542250962642,13:45:42.250,42.7500,100
49542250962642,13:45:42.250,42.7500,100
49542788719263,13:45:42.788,42.7300,100
49575238153345,13:46:15.238,42.7400,10
49601418319543,13:46:41.418,42.7400,100
49632516818102,13:47:12.516,42.7300,5
49632516818102,13:47:12.516,42.7300,1
49632816932655,13:47:12.816,42.7200,100
49680358183338,13:48:00.358,42.7000,20
49680571590491,13:48:00.571,42.6900,20
49680571590491,13:48:00.571,42.6900,80
49748291438804,13:49:08.291,42.6800,100
49748291438804,13:49:08.291,42.6800,100
49761573039717,13:49:21.573,42.6700,10
49761573039717,13:49:21.573,42.6700,9
49761573039717,13:49:21.573,42.6700,100
49761573039717,13:49:21.573,42.6700,58
49761573089280,13:49:21.573,42.6700,42
49810370276756,13:50:10.370,42.6700,82
49810370325129,13:50:10.370,42.6700,218
49810370325129,13:50:10.370,42.6700,100
49810370325129,13:50:10.370,42.6700,100
49810969409299,13:50:10.969,42.6800,100
49882567357748,13:51:22.567,42.7000,15
49890132405412,13:51:30.132,42.6900,10
49890132405412,13:51:30.132,42.6900,22
49890132407003,13:51:30.132,42.6900,78
49890132407003,13:51:30.132,42.6900,100
49890132444065,13:51:30.132,42.6900,100
49985554179474,13:53:05.554,42.7100,100
49986819654753,13:53:06.819,42.7100,100
49986819654753,13:53:06.819,42.7100,100
49991744668208,13:53:11.744,42.7100,100
49991744668208,13:53:11.744,42.7100,100
49991746500354,13:53:11.746,42.7000,100
49991746500354,13:53:11.746,42.7000,100
49991746500354,13:53:11.746,42.7000,100
49991746500354,13:53:11.746,42.7000,100
49991746500354,13:53:11.746,42.7000,100
50040868951244,13:54:00.868,42.7200,100
50040868989481,13:54:00.868,42.7200,26
50040869016856,13:54:00.869,42.7200,74
50041499757066,13:54:01.499,42.7200,10
50044590640038,13:54:04.590,42.7200,200
50044590640038,13:54:04.590,42.7200,100
50056850221651,13:54:16.850,42.7100,8
50056850221651,13:54:16.850,42.7100,192
50087738880139,13:54:47.738,42.7400,14
50094459912930,13:54:54.459,42.7200,100
50094459939052,13:54:54.459,42.7200,100
50104735646779,13:55:04.735,42.7100,8
50104735646779,13:55:04.735,42.7100,92
50104735750255,13:55:04.735,42.7100,8
50104740111289,13:55:04.740,42.7000,100
50104740111289,13:55:04.740,42.7000,100
50104757402399,13:55:04.757,42.7000,20
50123713601937,13:55:23.713,42.6800,100
50171447690295,13:56:11.447,42.6900,100
50171510951479,13:56:11.510,42.6900,100
50171511101113,13:56:11.511,42.6900,10
50171950639252,13:56:11.950,42.6900,100
50171950639252,13:56:11.950,42.6900,100
50171950639252,13:56:11.950,42.6900,100
50220745798057,13:57:00.745,42.7100,100
50220745798057,13:57:00.745,42.7100,11
50220745799447,13:57:00.745,42.7100,44
50220745800060,13:57:00.745,42.7100,45
50339927086988,13:58:59.927,42.7000,100
50339927086988,13:58:59.927,42.7000,100
50339927086988,13:58:59.927,42.7000,7
50339927086988,13:58:59.927,42.7000,100
50339929565550,13:58:59.929,42.6900,100
50339930387977,13:58:59.930,42.6700,100
50339930775686,13:58:59.930,42.6700,100
50342857249672,13:59:02.857,42.7000,2
50344761971670,13:59:04.761,42.6900,100
50344761971670,13:59:04.761,42.6900,10
50344761971670,13:59:04.761,42.6900,1
50352902928984,13:59:12.902,42.6700,100
50355404642423,13:59:15.404,42.6900,1
50402687240690,14:00:02.687,42.6700,100
50402687240690,14:00:02.687,42.6700,18
50402689556269,14:00:02.689,42.6700,82
50402710588377,14:00:02.710,42.7000,1
50402710742280,14:00:02.710,42.6900,79
50402710742927,14:00:02.710,42.6900,21
50402713811242,14:00:02.713,42.6800,100
50402758653993,14:00:02.758,42.6800,100
50402758653993,14:00:02.758,42.6800,100
50402758695583,14:00:02.758,42.7000,99
50402758697287,14:00:02.758,42.7000,1
50404834086789,14:00:04.834,42.7200,30
50404834086789,14:00:04.834,42.7200,100
50405542587153,14:00:05.542,42.7300,100
50408993854992,14:00:08.993,42.8300,100
50408994170665,14:00:08.994,42.8400,2
50413054362740,14:00:13.054,42.9200,127
50413264358271,14:00:13.264,42.9200,73
50413264358271,14:00:13.264,42.9200,30
50413804436505,14:00:13.804,42.8800,100
50413804436505,14:00:13.804,42.8700,100
50415317127179,14:00:15.317,42.8900,50
50417589759099,14:00:17.589,42.8500,15
50418483971522,14:00:18.483,42.8400,20
50418484546837,14:00:18.484,42.8500,100
50418484546837,14:00:18.484,42.8500,70
50418484665720,14:00:18.484,42.8400,10
50418484665720,14:00:18.484,42.8400,10
50418484665720,14:00:18.484,42.8400,10
50418484665720,14:00:18.484,42.8400,30
50418498789055,14:00:18.498,42.8200,100
50418656745669,14:00:18.656,42.8500,100
50418656745669,14:00:18.656,42.8500,30
50418656877869,14:00:18.656,42.8400,100
50418657020698,14:00:18.657,42.8400,100
50418657292185,14:00:18.657,42.8500,85
50418657327519,14:00:18.657,42.8500,15
50418657327519,14:00:18.657,42.8500,100
50418657327519,14:00:18.657,42.8500,100
50419265147355,14:00:19.265,42.9100,100
50421451110997,14:00:21.451,42.8700,100
50423324786115,14:00:23.324,42.8600,100
50423336706978,14:00:23.336,42.8500,20
50423338593551,14:00:23.338,42.8400,20
50423857956653,14:00:23.857,42.8400,87
50423858486783,14:00:23.858,42.8400,87
50423858975062,14:00:23.858,42.8400,13
50423859642637,14:00:23.859,42.8500,100
50423864046438,14:00:23.864,42.8300,100
50423864046438,14:00:23.864,42.8300,100
50423864161150,14:00:23.864,42.8300,100
50423881276279,14:00:23.881,42.8500,100
50423887587256,14:00:23.887,42.8600,100
50434066559789,14:00:34.066,42.8600,100
50442130544506,14:00:42.130,42.8900,100
50442133512918,14:00:42.133,42.9000,53
50442146028431,14:00:42.146,42.9200,100
50442146907920,14:00:42.146,42.9300,100
50442147286348,14:00:42.147,42.9300,100
50442149842002,14:00:42.149,42.9300,100
50442150752450,14:00:42.150,42.9300,100
50444897267824,14:00:44.897,42.8900,100
50444897267824,14:00:44.897,42.8900,100
50444897267824,14:00:44.897,42.8900,9
50446641633909,14:00:46.641,42.8500,6
50446641633909,14:00:46.641,42.8500,100
50447059746853,14:00:47.059,42.8400,20
50447059906037,14:00:47.059,42.8100,10
50447059906037,14:00:47.059,42.8100,100
50447060397883,14:00:47.060,42.8200,51
50447060398650,14:00:47.060,42.8200,49
50464841547588,14:01:04.841,42.8600,100
50464841547588,14:01:04.841,42.8500,49
50464841547588,14:01:04.841,42.8500,51
50464841547588,14:01:04.841,42.8500,64
50471954709209,14:01:11.954,42.8700,33
50471955530817,14:01:11.955,42.8700,66
50471955531416,14:01:11.955,42.8800,99
50471955531416,14:01:11.955,42.8900,99
50471957299401,14:01:11.957,42.9000,100
50471958253166,14:01:11.958,42.9100,100
50471958253166,14:01:11.958,42.9200,100
50472044028117,14:01:12.044,42.8900,3
