timestamp,time,price,volume
34200613419978,09:30:00.613,0.0000,0
34294297163390,09:31:34.297,11.4000,400
34294297690902,09:31:34.297,11.4000,100
34299817901023,09:31:39.817,11.4200,100
34300303181681,09:31:40.303,11.4000,54
34300303692148,09:31:40.303,11.3900,100
34530541940391,09:35:30.541,11.3700,100
34577196608835,09:36:17.196,11.3500,100
34577196608835,09:36:17.196,11.3500,300
34577199051607,09:36:17.199,11.3400,200
34577199051607,09:36:17.199,11.3400,314
34606966422221,09:36:46.966,11.3400,100
34622145089901,09:37:02.145,11.3400,200
34622148693154,09:37:02.148,11.3400,100
34703027576501,09:38:23.027,11.3300,400
34731927787606,09:38:51.927,11.3200,7
34760803414109,09:39:20.803,11.3100,100
35280507964338,09:48:00.507,11.3500,400
35280508236541,09:48:00.508,11.3500,100
35280508528022,09:48:00.508,11.3500,100
35309481102708,09:48:29.481,11.3400,100
35484842642476,09:51:24.842,11.3400,100
35576808123385,09:52:56.808,11.3400,100
35576808302049,09:52:56.808,11.3400,21
35611399889054,09:53:31.399,11.3200,100
35611430465797,09:53:31.430,11.3100,500
35611611271469,09:53:31.611,11.3100,500
35611611271469,09:53:31.611,11.3100,200
35614852875648,09:53:34.852,11.3100,500
35614852875648,09:53:34.852,11.3100,500
35615295875713,09:53:35.295,11.3100,200
35617814409713,09:53:37.814,11.3100,100
35883534740575,09:58:03.534,11.3100,100
35883963108495,09:58:03.963,11.3100,100
35884092021427,09:58:04.092,11.3100,200
35885987730434,09:58:05.987,11.3100,300
35885988944439,09:58:05.988,11.3100,500
35885988944439,09:58:05.988,11.3100,1000
36100370115544,10:01:40.370,11.3500,414
36127044970796,10:02:07.044,11.3500,70
36420083628015,10:07:00.083,11.3500,16
36420083628015,10:07:00.083,11.3500,284
36420087823497,10:07:00.087,11.3500,200
36425893983939,10:07:05.893,11.3500,16
36425893983939,10:07:05.893,11.3500,84
36458538271617,10:07:38.538,11.3500,416
36458538373945,10:07:38.538,11.3500,100
36458539521230,10:07:38.539,11.3500,100
36458606672526,10:07:38.606,11.3500,200
36458681813676,10:07:38.681,11.3500,100
36458753231463,10:07:38.753,11.3500,500
36458753231463,10:07:38.753,11.3500,100
36466404666165,10:07:46.404,11.3500,500
36474433308109,10:07:54.433,11.3500,425
36474433412437,10:07:54.433,11.3500,75
36474433412437,10:07:54.433,11.3500,25
36474572480402,10:07:54.572,11.3500,426
36506608634781,10:08:26.608,11.3500,49
36506608634781,10:08:26.608,11.3500,376
36506608689137,10:08:26.608,11.3500,24
36545341215075,10:09:05.341,11.3500,100
36545341215075,10:09:05.341,11.3500,100
36545341215075,10:09:05.341,11.3500,100
36545341215075,10:09:05.341,11.3500,100
36545341215075,10:09:05.341,11.3500,100
36545341215075,10:09:05.341,11.3500,100
36545341215075,10:09:05.341,11.3500,100
36545341215075,10:09:05.341,11.3500,400
36545341215075,10:09:05.341,11.3500,100
36545341215075,10:09:05.341,11.3500,100
36545341215075,10:09:05.341,11.3500,300
36575031764395,10:09:35.031,11.3500,100
36607459462860,10:10:07.459,11.3600,100
36950545921652,10:15:50.545,11.3800,100
37173912031819,10:19:33.912,11.3700,17
37255323904734,10:20:55.323,11.3700,100
37285518592824,10:21:25.518,11.3700,100
37310751204376,10:21:50.751,11.3800,500
37310751204376,10:21:50.751,11.3800,200
37619386389298,10:26:59.386,11.3800,217
37619386429538,10:26:59.386,11.3800,200
37619386438587,10:26:59.386,11.3800,76
37619386465192,10:26:59.386,11.3800,7
37619386465192,10:26:59.386,11.3800,69
37619386470753,10:26:59.386,11.3800,60
37619386470753,10:26:59.386,11.3800,140
37619386474280,10:26:59.386,11.3800,200
37619386476167,10:26:59.386,11.3800,76
37619386527632,10:26:59.386,11.3800,100
37654787629992,10:27:34.787,11.3800,300
37682072705359,10:28:02.072,11.3800,24
37682072705359,10:28:02.072,11.3800,500
37692513757329,10:28:12.513,11.3800,500
37704524204529,10:28:24.524,11.3800,126
37704650734687,10:28:24.650,11.3800,374
37704650734687,10:28:24.650,11.3800,226
37714270467127,10:28:34.270,11.3800,500
37714270467127,10:28:34.270,11.3800,200
37717805699836,10:28:37.805,11.3800,100
37722387675322,10:28:42.387,11.3800,34
37722389630997,10:28:42.389,11.3800,100
37722389630997,10:28:42.389,11.3800,100
37722389630997,10:28:42.389,11.3800,100
37722389630997,10:28:42.389,11.3800,100
37722389630997,10:28:42.389,11.3800,100
37722389630997,10:28:42.389,11.3800,100
37722389630997,10:28:42.389,11.3800,100
37722389630997,10:28:42.389,11.3800,100
37722389630997,10:28:42.389,11.3800,100
37722389630997,10:28:42.389,11.3800,100
37722389630997,10:28:42.389,11.3800,100
37722389630997,10:28:42.389,11.3800,100
37722389630997,10:28:42.389,11.3800,100
37722389630997,10:28:42.389,11.3800,100
37722389630997,10:28:42.389,11.3800,100
37749257801788,10:29:09.257,11.3800,100
37756180980794,10:29:16.180,11.3900,100
37895629840943,10:31:35.629,11.4000,200
37895629840943,10:31:35.629,11.4000,400
38045369117652,10:34:05.369,11.4100,200
38172422593451,10:36:12.422,11.4200,100
38194370323181,10:36:34.370,11.4100,1
38901600009779,10:48:21.600,11.4400,300
39128478623878,10:52:08.478,11.4400,100
39304164788229,10:55:04.164,11.4200,400
39304200147600,10:55:04.200,11.4100,100
39304209755280,10:55:04.209,11.4100,400
39304209755280,10:55:04.209,11.4100,100
39304209755280,10:55:04.209,11.4100,77
39304209811314,10:55:04.209,11.4100,100
39304209838970,10:55:04.209,11.4100,100
39356678700477,10:55:56.678,11.4100,77
39356678700477,10:55:56.678,11.4100,100
39356678700477,10:55:56.678,11.4100,123
39356678727926,10:55:56.678,11.4100,77
39360371272865,10:56:00.371,11.4100,100
39360379601626,10:56:00.379,11.4100,26
39360492512476,10:56:00.492,11.4100,74
39360492512476,10:56:00.492,11.4100,100
39360492512476,10:56:00.492,11.4100,100
39360492512476,10:56:00.492,11.4100,100
39360492512476,10:56:00.492,11.4100,100
39360492512476,10:56:00.492,11.4100,100
39360492512476,10:56:00.492,11.4100,26
39360510771154,10:56:00.510,11.4100,370
39390948771856,10:56:30.948,11.4000,400
39390948771856,10:56:30.948,11.4000,100
39687293104625,11:01:27.293,11.4000,30
39687293104625,11:01:27.293,11.4000,170
39923943041076,11:05:23.943,11.3900,100
39978239600703,11:06:18.239,11.3900,100
39978239600703,11:06:18.239,11.3900,1
40192564791062,11:09:52.564,11.3900,100
40192564791062,11:09:52.564,11.3900,100
40447877569815,11:14:07.877,11.3900,100
40618987595880,11:16:58.987,11.3800,100
40618987595880,11:16:58.987,11.3800,100
40798147703430,11:19:58.147,11.3800,100
40798147703430,11:19:58.147,11.3800,100
41097378032274,11:24:57.378,11.3900,60
41654098984803,11:34:14.098,11.4000,1
41716672472331,11:35:16.672,11.4100,100
41716672499916,11:35:16.672,11.4100,69
41892316387422,11:38:12.316,11.4200,10
41892316387422,11:38:12.316,11.4200,10
42618078981803,11:50:18.078,11.4300,155
42679478230104,11:51:19.478,11.4500,200
42679478257244,11:51:19.478,11.4500,215
42682521733976,11:51:22.521,11.4500,85
42682521733976,11:51:22.521,11.4500,15
42683924208831,11:51:23.924,11.4500,100
42687005276701,11:51:27.005,11.4500,100
42802587781425,11:53:22.587,11.4500,100
42807709907640,11:53:27.709,11.4500,100
42885787772468,11:54:45.787,11.4400,100
43091831280660,11:58:11.831,11.4200,5
43091831280660,11:58:11.831,11.4200,95
43099391247306,11:58:19.391,11.4200,300
43099392218859,11:58:19.392,11.4200,5
43250656591154,12:00:50.656,11.4200,152
43773713896879,12:09:33.713,11.4400,57
43773713918731,12:09:33.713,11.4400,100
43773713944530,12:09:33.713,11.4400,4
43773713944530,12:09:33.713,11.4400,100
43773713944530,12:09:33.713,11.4400,100
43773713944530,12:09:33.713,11.4400,180
43804093989128,12:10:04.093,11.4500,3
43804956500904,12:10:04.956,11.4500,82
43804956500904,12:10:04.956,11.4500,18
43807952868209,12:10:07.952,11.4500,100
44081377705413,12:14:41.377,11.4400,200
44139727984291,12:15:39.727,11.4300,149
44383876553125,12:19:43.876,11.4300,10
44383876553125,12:19:43.876,11.4300,90
44629181965190,12:23:49.181,11.4400,1
44629183155052,12:23:49.183,11.4400,3
44634091764388,12:23:54.091,11.4400,100
45349770035806,12:35:49.770,11.4300,10
45349770035806,12:35:49.770,11.4300,100
45417539901612,12:36:57.539,11.4200,2
45417539901612,12:36:57.539,11.4200,5
45417539957976,12:36:57.539,11.4200,7
45554614752635,12:39:14.614,11.4200,100
45554614752635,12:39:14.614,11.4200,100
45678685109891,12:41:18.685,11.4200,5
46131799561638,12:48:51.799,11.4200,2
46984995694776,13:03:04.995,11.4200,500
47420023979538,13:10:20.023,11.4200,5
47420026968112,13:10:20.026,11.4200,5
47437967228633,13:10:37.967,11.4250,100
47437967228633,13:10:37.967,11.4300,1
47437967228633,13:10:37.967,11.4300,160
47437967228633,13:10:37.967,11.4300,39
47438068333299,13:10:38.068,11.4300,100
47446879402746,13:10:46.879,11.4300,200
47462004613489,13:11:02.004,11.4300,98
47462004613489,13:11:02.004,11.4300,100
47462004613489,13:11:02.004,11.4300,402
47462040473361,13:11:02.040,11.4300,300
47462040995116,13:11:02.040,11.4300,100
47462099435080,13:11:02.099,11.4300,200
47462099435080,13:11:02.099,11.4300,100
47462100875812,13:11:02.100,11.4300,700
47465106748389,13:11:05.106,11.4300,200
47668046737728,13:14:28.046,11.4200,74
47727255202396,13:15:27.255,11.4200,26
47802599975491,13:16:42.599,11.4200,10
48188056426572,13:23:08.056,11.4100,100
48192990929325,13:23:12.990,11.4200,100
48243374323956,13:24:03.374,11.4100,45
48243374323956,13:24:03.374,11.4100,10
48244915856231,13:24:04.915,11.4200,100
48244915856231,13:24:04.915,11.4200,100
48259983094046,13:24:19.983,11.4200,100
48834421461514,13:33:54.421,11.4000,100
49052145035808,13:37:32.145,11.4100,100
49342339522057,13:42:22.339,11.4100,200
49342339566965,13:42:22.339,11.4100,100
50407215442386,14:00:07.215,11.4000,100
50409030215556,14:00:09.030,11.4000,182
50409030215556,14:00:09.030,11.4000,1
50515722151508,14:01:55.722,11.4300,200
50634820743217,14:03:54.820,11.4300,100
50634820785319,14:03:54.820,11.4300,67
50710014453206,14:05:10.014,11.4500,41
50710014510540,14:05:10.014,11.4500,65
50786533475385,14:06:26.533,11.4500,276
50792789547695,14:06:32.789,11.4500,500
50831044505225,14:07:11.044,11.4500,100
50923682652401,14:08:43.682,11.4400,200
50923682866720,14:08:43.682,11.4300,200
50923683639465,14:08:43.683,11.4300,10
50923683640810,14:08:43.683,11.4300,130
51132135045476,14:12:12.135,11.4400,164
51132135045476,14:12:12.135,11.4400,2
51400315844962,14:16:40.315,11.4500,100
51417721271614,14:16:57.721,11.4500,21
51429840582110,14:17:09.840,11.4500,26
51429865410391,14:17:09.865,11.4500,100
51429874216273,14:17:09.874,11.4500,53
51481685916612,14:18:01.685,11.4500,170
51605049292140,14:20:05.049,11.4500,100
51605049292140,14:20:05.049,11.4500,100
51959058884661,14:25:59.058,11.4500,10
51959058884661,14:25:59.058,11.4500,100
51959058884661,14:25:59.058,11.4500,90
51959058997165,14:25:59.058,11.4500,26
52195663660481,14:29:55.663,11.4400,300
52195663660481,14:29:55.663,11.4400,4
52195663663991,14:29:55.663,11.4400,96
52440069144775,14:34:00.069,11.4300,2
52723480545964,14:38:43.480,11.4400,1
52723480545964,14:38:43.480,11.4400,171
52724087682804,14:38:44.087,11.4400,100
52969146003122,14:42:49.146,11.4400,100
52986973054244,14:43:06.973,11.4300,300
53084213014034,14:44:44.213,11.4400,148
53166351700954,14:46:06.351,11.4400,100
53166351793666,14:46:06.351,11.4400,82
53240380351041,14:47:20.380,11.4500,10
53494292271173,14:51:34.292,11.4300,200
54047700593673,15:00:47.700,11.4800,100
54246328695346,15:04:06.328,11.4600,100
54391327227079,15:06:31.327,11.4500,100
54641673499511,15:10:41.673,11.4700,200
55271501966125,15:21:11.501,11.4600,100
55271501966125,15:21:11.501,11.4600,200
55271503099033,15:21:11.503,11.4600,90
55295858751590,15:21:35.858,11.4600,10
55295858751590,15:21:35.858,11.4600,90
55295858858478,15:21:35.858,11.4600,10
55311111925955,15:21:51.111,11.4600,100
55334454544288,15:22:14.454,11.4500,100
55336315371419,15:22:16.315,11.4500,100
55447823513665,15:24:07.823,11.4500,100
55671957813120,15:27:51.957,11.4400,100
55690994491152,15:28:10.994,11.4500,2
55797812877226,15:29:57.812,11.4500,100
56020286965645,15:33:40.286,11.4500,100
56020288995750,15:33:40.288,11.4400,100
56347298309820,15:39:07.298,11.4500,1
56355263344011,15:39:15.263,11.4500,100
56355263344011,15:39:15.263,11.4500,100
56355263344011,15:39:15.263,11.4500,100
56379659865203,15:39:39.659,11.4500,400
56523427211586,15:42:03.427,11.4400,2
56576494770944,15:42:56.494,11.4500,100
56594143585578,15:43:14.143,11.4600,100
56637773589440,15:43:57.773,11.4600,100
56637773797462,15:43:57.773,11.4600,100
56637773797462,15:43:57.773,11.4600,200
56917526950843,15:48:37.526,11.4500,100
56950725251848,15:49:10.725,11.4500,150
56950725251848,15:49:10.725,11.4500,100
56950725251848,15:49:10.725,11.4500,200
56950725251848,15:49:10.725,11.4500,100
57169604120638,15:52:49.604,11.4400,100
57169604294231,15:52:49.604,11.4400,150
57169604294231,15:52:49.604,11.4400,100
57169604294231,15:52:49.604,11.4400,100
57169605650836,15:52:49.605,11.4400,99
57300226150083,15:55:00.226,11.4400,5
57300226150083,15:55:00.226,11.4400,100
57300226150083,15:55:00.226,11.4400,3
57300226150083,15:55:00.226,11.4400,92
57300226517738,15:55:00.226,11.4400,8
57300227523368,15:55:00.227,11.4400,100
57301014553613,15:55:01.014,11.4400,28
57351419948122,15:55:51.419,11.4500,2
57351419948122,15:55:51.419,11.4500,7
57383755776369,15:56:23.755,11.4600,1
57383755776369,15:56:23.755,11.4600,7
57471396224779,15:57:51.396,11.4600,100
57471397187421,15:57:51.397,11.4500,100
57471404734862,15:57:51.404,11.4500,99
57478583992719,15:57:58.583,11.4500,100
57490229434193,15:58:10.229,11.4500,100
57490233984661,15:58:10.233,11.4500,100
57506582816615,15:58:26.582,11.4550,7
57523035074099,15:58:43.035,11.4600,200
57523040159124,15:58:43.040,11.4600,300
57587097565511,15:59:47.097,11.4650,15
57587122364794,15:59:47.122,11.4700,104
57600634000050,16:00:00.634,0.0000,0
