timestamp,time,price,volume
32866688802791,09:07:46.688,0.3100,400
32975096069457,09:09:35.096,0.3100,400
33072990754809,09:11:12.990,0.3100,2500
34200259633817,09:30:00.259,0.3318,1000
34209641730071,09:30:09.641,0.3318,300
34259622511942,09:30:59.622,0.3318,300
34275067639337,09:31:15.067,0.3318,300
34287865523678,09:31:27.865,0.3300,600
34287901243000,09:31:27.901,0.3298,200
34288106973683,09:31:28.106,0.3298,300
34467215613029,09:34:27.215,0.3250,75
34550591087442,09:35:50.591,0.3248,100
34579789357243,09:36:19.789,0.3201,100
35041450401295,09:44:01.450,0.3100,10
35041471903537,09:44:01.471,0.3040,1
35041489433456,09:44:01.489,0.3030,35
36297042430708,10:04:57.042,0.3070,100
37589158386012,10:26:29.158,0.3001,100
37589158386012,10:26:29.158,0.3001,100
37703352804391,10:28:23.352,0.3070,100
37713676125474,10:28:33.676,0.3070,200
38706635266043,10:45:06.635,0.3070,50
38749197472856,10:45:49.197,0.3100,5
38776766171337,10:46:16.766,0.3296,1348
38776766171337,10:46:16.766,0.3298,852
38776770256805,10:46:16.770,0.3298,900
42705544983572,11:51:45.544,0.3015,100
42705545560816,11:51:45.545,0.3015,200
42977705879178,11:56:17.705,0.3150,300
46022526621610,12:47:02.526,0.3015,400
46022526621610,12:47:02.526,0.3015,500
46629538011555,12:57:09.538,0.3015,200
46629801046529,12:57:09.801,0.3124,100
46636272994993,12:57:16.272,0.3124,100
46644514125819,12:57:24.514,0.3123,300
46652134064902,12:57:32.134,0.3114,100
46659387155509,12:57:39.387,0.3124,100
46659387155509,12:57:39.387,0.3124,100
46676023959616,12:57:56.023,0.3124,100
47060251397595,13:04:20.251,0.3017,100
47186547601187,13:06:26.547,0.3017,400
47186547601187,13:06:26.547,0.3016,100
47186547601187,13:06:26.547,0.3016,423
47186547601187,13:06:26.547,0.3016,177
47938552869425,13:18:58.552,0.3021,100
47938552869425,13:18:58.552,0.3021,1000
47938552869425,13:18:58.552,0.3021,122
48028807297899,13:20:28.807,0.3100,100
48028807297899,13:20:28.807,0.3100,900
48072019125594,13:21:12.019,0.3087,200
48072019125594,13:21:12.019,0.3100,400
48169555937394,13:22:49.555,0.3074,100
48339556007627,13:25:39.556,0.3014,100
48339556007627,13:25:39.556,0.3014,10
48339556007627,13:25:39.556,0.3014,556
48826560279718,13:33:46.560,0.3012,168
49045589602646,13:37:25.589,0.3000,200
49045589602646,13:37:25.589,0.3000,210
49045590452598,13:37:25.590,0.3000,10
49046901289396,13:37:26.901,0.2990,300
49046902051505,13:37:26.902,0.2990,1000
49047532151274,13:37:27.532,0.2955,100
49049947567023,13:37:29.947,0.2950,100
49052521656885,13:37:32.521,0.2950,100
49097592282138,13:38:17.592,0.2950,100
49097593308439,13:38:17.593,0.2950,50
49097640561059,13:38:17.640,0.2950,50
49097640561059,13:38:17.640,0.2950,50
49097644386463,13:38:17.644,0.2950,50
49097644386463,13:38:17.644,0.2950,50
49105107919641,13:38:25.107,0.2950,50
49105107919641,13:38:25.107,0.2950,100
49105107919641,13:38:25.107,0.2950,350
49112280775258,13:38:32.280,0.2950,100
49112280775258,13:38:32.280,0.2950,785
49114735698221,13:38:34.735,0.2801,1
49119423088350,13:38:39.423,0.2700,1
49495032477078,13:44:55.032,0.2700,11
49675043508167,13:47:55.043,0.2790,1000
49676043950726,13:47:56.043,0.2780,1000
49731754920531,13:48:51.754,0.2700,1200
49731755762084,13:48:51.755,0.2600,1000
49731756691940,13:48:51.756,0.2577,200
49731756841265,13:48:51.756,0.2550,100
49731757041488,13:48:51.757,0.2501,1000
49731757187749,13:48:51.757,0.2500,200
49731757187749,13:48:51.757,0.2500,590
49731757187749,13:48:51.757,0.2500,500
49731757187749,13:48:51.757,0.2500,10
49885754676635,13:51:25.754,0.2698,100
49930806664451,13:52:10.806,0.2750,500
49968381589992,13:52:48.381,0.2770,800
49968381589992,13:52:48.381,0.2770,100
49968383077108,13:52:48.383,0.2771,300
49968383077108,13:52:48.383,0.2771,5
49988779984659,13:53:08.779,0.2800,300
50525067244388,14:02:05.067,0.2751,100
50695818843263,14:04:55.818,0.2730,2600
50736087112600,14:05:36.087,0.2760,600
50746144457164,14:05:46.144,0.2768,554
51080100962334,14:11:20.100,0.2770,1100
51371590362788,14:16:11.590,0.2800,100
51371590362788,14:16:11.590,0.2800,2000
51371590362788,14:16:11.590,0.2800,500
51371590362788,14:16:11.590,0.2800,600
51520836898926,14:18:40.836,0.2801,100
51520836898926,14:18:40.836,0.2801,200
51965850286005,14:26:05.850,0.2801,50
52060801460101,14:27:40.801,0.2800,129
52558171247372,14:35:58.171,0.2801,200
52558171247372,14:35:58.171,0.2801,600
52558171247372,14:35:58.171,0.2801,200
52558171247372,14:35:58.171,0.2801,100
52592122672369,14:36:32.122,0.2801,2
52622089938968,14:37:02.089,0.2802,200
52622089966346,14:37:02.089,0.2802,200
53421730838509,14:50:21.730,0.2900,148
53584891570434,14:53:04.891,0.2802,300
53584891570434,14:53:04.891,0.2802,700
53594458329071,14:53:14.458,0.2801,6048
53594458329071,14:53:14.458,0.2801,100
53594458329071,14:53:14.458,0.2801,100
53594458329071,14:53:14.458,0.2801,100
53594458329071,14:53:14.458,0.2801,100
53594458329071,14:53:14.458,0.2801,100
53594461544810,14:53:14.461,0.2800,21
53594468518088,14:53:14.468,0.2790,346
53594475268275,14:53:14.475,0.2770,400
53594476652974,14:53:14.476,0.2768,18
53594483336764,14:53:14.483,0.2600,100
54114292101576,15:01:54.292,0.2730,1
54114292101576,15:01:54.292,0.2730,100
54114292101576,15:01:54.292,0.2730,100
54114292101576,15:01:54.292,0.2730,199
54150581596002,15:02:30.581,0.2730,301
54150581596002,15:02:30.581,0.2730,100
54150582448047,15:02:30.582,0.2600,1
54150582448047,15:02:30.582,0.2600,361
54150583877271,15:02:30.583,0.2600,899
54150583935690,15:02:30.583,0.2600,100
54150583966569,15:02:30.583,0.2600,100
54264293330690,15:04:24.293,0.2600,1100
55224352423913,15:20:24.352,0.2700,1100
55596374568638,15:26:36.374,0.2730,1
55596375421775,15:26:36.375,0.2720,5
55780422410328,15:29:40.422,0.2710,45
55780423535018,15:29:40.423,0.2701,500
56015433324755,15:33:35.433,0.2700,100
56180441625274,15:36:20.441,0.2700,330
56180441625274,15:36:20.441,0.2700,185
56725455867291,15:45:25.455,0.2602,838
56935455953881,15:48:55.455,0.2603,50
57184471623148,15:53:04.471,0.2732,2
57265474563510,15:54:25.474,0.2700,198
57337012686733,15:55:37.012,0.2700,12
57377478039362,15:56:17.478,0.2700,100
57409488457761,15:56:49.488,0.2700,400
57434486576021,15:57:14.486,0.2700,100
57455488746982,15:57:35.488,0.2700,300
57456639552397,15:57:36.639,0.2700,5
57474489105573,15:57:54.489,0.2700,100
57491487726022,15:58:11.487,0.2700,200
57504488714272,15:58:24.488,0.2700,100
57518487734020,15:58:38.487,0.2700,200
57524488670347,15:58:44.488,0.2700,100
57531488669084,15:58:51.488,0.2700,100
57540489409392,15:59:00.489,0.2700,100
57545490564727,15:59:05.490,0.2700,100
57550488707695,15:59:10.488,0.2700,100
57553489001687,15:59:13.489,0.2700,100
57554489196412,15:59:14.489,0.2700,100
57559488852167,15:59:19.488,0.2700,100
57562488868438,15:59:22.488,0.2700,100
57565489013437,15:59:25.489,0.2700,100
57567491012410,15:59:27.491,0.2700,100
57569491260441,15:59:29.491,0.2700,100
57571491297351,15:59:31.491,0.2700,100
57574492655565,15:59:34.492,0.2700,100
57576493689541,15:59:36.493,0.2700,100
57578493908019,15:59:38.493,0.2700,200
57580493506441,15:59:40.493,0.2700,100
57582494153182,15:59:42.494,0.2700,100
57584493223289,15:59:44.493,0.2700,100
57586279232538,15:59:46.279,0.2700,6
57586495699768,15:59:46.495,0.2700,200
57589495291259,15:59:49.495,0.2700,100
57592494105349,15:59:52.494,0.2700,200
57595100583604,15:59:55.100,0.2700,72
57596487544671,15:59:56.487,0.2700,100
57597598339910,15:59:57.598,0.2700,115
57600485652625,16:00:00.485,0.2700,100
57600485652625,16:00:00.485,0.2700,100
65424056993507,18:10:24.056,0.2900,600
