timestamp,time,price,volume
32403807656899,09:00:03.807,36.3900,1
34080028932375,09:28:00.028,36.4000,200
34080028934182,09:28:00.028,36.4000,200
34080028935684,09:28:00.028,36.4000,100
34199376343594,09:29:59.376,36.3900,274
34199968170870,09:29:59.968,36.4200,122
34200681608398,09:30:00.681,36.4300,57139
34201430912970,09:30:01.430,36.5000,1
34215381048687,09:30:15.381,36.4500,1
34215875845715,09:30:15.875,36.4500,2
34215875901293,09:30:15.875,36.4500,67
34215876443235,09:30:15.876,36.4700,100
34215876443235,09:30:15.876,36.4700,148
34215876443235,09:30:15.876,36.4700,100
34215876443235,09:30:15.876,36.4700,10
34215876443235,09:30:15.876,36.4700,142
34215876502382,09:30:15.876,36.4700,23
34215880604090,09:30:15.880,36.4800,100
34215881212704,09:30:15.881,36.4700,500
34215881239874,09:30:15.881,36.4700,300
34215881470793,09:30:15.881,36.4700,300
34215881497990,09:30:15.881,36.4700,300
34217906262212,09:30:17.906,36.4600,100
34219604617336,09:30:19.604,36.4600,100
34219604626696,09:30:19.604,36.4600,100
34219604676186,09:30:19.604,36.4600,100
34219604759904,09:30:19.604,36.4600,200
34219604779136,09:30:19.604,36.4600,100
34219604779136,09:30:19.604,36.4600,100
34219604800079,09:30:19.604,36.4600,100
34219604933649,09:30:19.604,36.4700,500
34219604933649,09:30:19.604,36.4700,100
34219604933649,09:30:19.604,36.4700,100
34219604933649,09:30:19.604,36.4700,500
34219604933649,09:30:19.604,36.4700,100
34219604933649,09:30:19.604,36.4700,100
34219605445781,09:30:19.605,36.4700,200
34219622776934,09:30:19.622,36.4900,100
34219703618634,09:30:19.703,36.5100,500
34219703694005,09:30:19.703,36.5200,6
34219704376678,09:30:19.704,36.5300,100
34219704412162,09:30:19.704,36.5300,39
34219704412162,09:30:19.704,36.5300,100
34219778161261,09:30:19.778,36.5000,100
34230006726262,09:30:30.006,36.5300,50
34230006726262,09:30:30.006,36.5300,100
34230007497879,09:30:30.007,36.5500,600
34230007497879,09:30:30.007,36.5500,100
34241084371804,09:30:41.084,36.5300,24
34241084371804,09:30:41.084,36.5200,86
34249703946048,09:30:49.703,36.5600,100
34249703946048,09:30:49.703,36.5600,100
34249703946048,09:30:49.703,36.5600,118
34249703946048,09:30:49.703,36.5600,100
34249703946048,09:30:49.703,36.5600,500
34249709408946,09:30:49.709,36.5800,100
34249710742097,09:30:49.710,36.6000,200
34249710768016,09:30:49.710,36.6000,800
34250021126442,09:30:50.021,36.5900,100
34250705173493,09:30:50.705,36.5900,76
34250705173493,09:30:50.705,36.5900,100
34250705173493,09:30:50.705,36.5900,24
34250705201029,09:30:50.705,36.5900,76
34250705201029,09:30:50.705,36.5900,100
34250705201029,09:30:50.705,36.5900,100
34251972935543,09:30:51.972,36.6100,10
34252878892274,09:30:52.878,36.5900,100
34252878949063,09:30:52.878,36.5900,100
34252878949063,09:30:52.878,36.5900,100
34252879107746,09:30:52.879,36.5900,100
34252879107746,09:30:52.879,36.5900,100
34252899190288,09:30:52.899,36.5900,100
34252899267507,09:30:52.899,36.5900,100
34253024301319,09:30:53.024,36.5800,100
34256346573643,09:30:56.346,36.5900,100
34258955406831,09:30:58.955,36.5900,49
34258955406831,09:30:58.955,36.5800,500
34258955406831,09:30:58.955,36.5800,51
34259879420555,09:30:59.879,36.5800,49
34259879420555,09:30:59.879,36.5800,44
34259879420555,09:30:59.879,36.5800,7
34259879709924,09:30:59.879,36.5800,62
34260052250451,09:31:00.052,36.5800,100
34260545841863,09:31:00.545,36.5900,100
34260545941758,09:31:00.545,36.5900,35
34260595955991,09:31:00.595,36.5900,100
34260595955991,09:31:00.595,36.5900,100
34260609585203,09:31:00.609,36.5800,100
34261646724039,09:31:01.646,36.5700,100
34264212682075,09:31:04.212,36.5800,100
34264212682075,09:31:04.212,36.5800,100
34264212870187,09:31:04.212,36.5800,100
34267114917184,09:31:07.114,36.5700,100
34267114917184,09:31:07.114,36.5700,100
34269303773433,09:31:09.303,36.5700,100
34269304161456,09:31:09.304,36.5700,73
34269304176901,09:31:09.304,36.5700,27
34269304176901,09:31:09.304,36.5600,100
34275106951780,09:31:15.106,36.5800,100
34275106951780,09:31:15.106,36.5800,100
34275108260502,09:31:15.108,36.5800,100
34279005187756,09:31:19.005,36.5900,100
34280215665476,09:31:20.215,36.6000,100
34287954151848,09:31:27.954,36.6000,100
34287991351052,09:31:27.991,36.6100,42
34293087175830,09:31:33.087,36.6100,58
34293087175830,09:31:33.087,36.6100,100
34294057151949,09:31:34.057,36.6100,100
34303200370515,09:31:43.200,36.6300,106
34303200710633,09:31:43.200,36.6300,93
34303200710633,09:31:43.200,36.6300,7
34303200939592,09:31:43.200,36.6300,93
34303201585925,09:31:43.201,36.6500,3200
34303201610437,09:31:43.201,36.6500,4800
34307004211027,09:31:47.004,36.6700,100
34310935957495,09:31:50.935,36.6600,200
34310936149087,09:31:50.936,36.6600,200
34310936173003,09:31:50.936,36.6600,100
34310936173003,09:31:50.936,36.6600,100
34310936300512,09:31:50.936,36.6600,100
34310936483320,09:31:50.936,36.6600,100
34311559057430,09:31:51.559,36.6500,100
34311559225129,09:31:51.559,36.6500,100
34320013703539,09:32:00.013,36.6600,100
34320569308878,09:32:00.569,36.6700,100
34320569486585,09:32:00.569,36.6700,100
34320569486585,09:32:00.569,36.6700,100
34320870527623,09:32:00.870,36.6700,100
34320870527623,09:32:00.870,36.6700,100
34320870658870,09:32:00.870,36.6700,100
34320870658870,09:32:00.870,36.6600,100
34320870729855,09:32:00.870,36.6700,100
34321049646572,09:32:01.049,36.6600,100
34321466324303,09:32:01.466,36.6500,64
34321466905256,09:32:01.466,36.6500,36
34327216117505,09:32:07.216,36.6400,10
34327216117505,09:32:07.216,36.6300,100
34327216117505,09:32:07.216,36.6300,100
34327216117505,09:32:07.216,36.6300,90
34327216147438,09:32:07.216,36.6300,10
34328165702346,09:32:08.165,36.6300,100
34328165702346,09:32:08.165,36.6300,100
34328166025487,09:32:08.166,36.6400,100
34328166025487,09:32:08.166,36.6400,20
34328166027270,09:32:08.166,36.6400,80
34328166027270,09:32:08.166,36.6400,70
34328166043576,09:32:08.166,36.6400,30
34328166204737,09:32:08.166,36.6400,100
34328166204737,09:32:08.166,36.6400,100
34328166230648,09:32:08.166,36.6400,300
34328166333055,09:32:08.166,36.6400,12
34328166337875,09:32:08.166,36.6400,88
34328166356241,09:32:08.166,36.6300,100
34328166356241,09:32:08.166,36.6300,100
34328166356241,09:32:08.166,36.6300,100
34328166356241,09:32:08.166,36.6300,100
34328166423384,09:32:08.166,36.6300,100
34328166427186,09:32:08.166,36.6300,52
34328166450300,09:32:08.166,36.6300,48
34328166450300,09:32:08.166,36.6300,52
34328166465010,09:32:08.166,36.6300,48
34328166745619,09:32:08.166,36.6400,90
34328166831998,09:32:08.166,36.6400,10
34328166896136,09:32:08.166,36.6300,100
34328166896136,09:32:08.166,36.6300,100
34328170838792,09:32:08.170,36.6300,100
34328170862717,09:32:08.170,36.6300,100
34328194848115,09:32:08.194,36.6100,400
34328194860055,09:32:08.194,36.6100,200
34328194860055,09:32:08.194,36.6100,100
34328887157738,09:32:08.887,36.6000,100
34328887157738,09:32:08.887,36.6000,100
34328887323958,09:32:08.887,36.6000,100
34328887323958,09:32:08.887,36.6000,100
34328887356436,09:32:08.887,36.6000,100
34328891532596,09:32:08.891,36.6000,100
34328891784142,09:32:08.891,36.6000,100
34328891796065,09:32:08.891,36.6000,100
34328891820862,09:32:08.891,36.6000,100
34328891826475,09:32:08.891,36.6000,100
34330154690512,09:32:10.154,36.6000,100
34330154690512,09:32:10.154,36.6000,100
34330154690512,09:32:10.154,36.6000,100
34330154725559,09:32:10.154,36.6000,41
34333179027196,09:32:13.179,36.5900,100
34333179031458,09:32:13.179,36.5900,100
34333179051593,09:32:13.179,36.5900,100
34333179195670,09:32:13.179,36.5900,100
34333179195670,09:32:13.179,36.5900,100
34333213331222,09:32:13.213,36.5900,100
34333213331222,09:32:13.213,36.5900,100
34333213331222,09:32:13.213,36.5900,100
34334035465984,09:32:14.035,36.5800,100
34334102426118,09:32:14.102,36.5800,100
34334433676239,09:32:14.433,36.5800,100
34334435999472,09:32:14.435,36.5900,100
34336579172658,09:32:16.579,36.5800,100
34336579284243,09:32:16.579,36.5800,100
34337949920032,09:32:17.949,36.5800,100
34341010574591,09:32:21.010,36.5700,100
34341010574591,09:32:21.010,36.5700,100
34341010891986,09:32:21.010,36.5700,100
34341010891986,09:32:21.010,36.5700,100
34341011036799,09:32:21.011,36.5700,100
34341011036799,09:32:21.011,36.5700,100
34341015218187,09:32:21.015,36.5600,100
34341916561305,09:32:21.916,36.5600,100
34341919538504,09:32:21.919,36.5600,100
34341919987041,09:32:21.919,36.5500,100
34341920251572,09:32:21.920,36.5500,100
34341920251572,09:32:21.920,36.5500,100
34341920251572,09:32:21.920,36.5500,12
34341920257395,09:32:21.920,36.5500,88
34341920793315,09:32:21.920,36.5500,100
34341920793315,09:32:21.920,36.5500,200
34341920793315,09:32:21.920,36.5500,100
34341920793315,09:32:21.920,36.5500,100
34341920793315,09:32:21.920,36.5500,100
34341951176554,09:32:21.951,36.5400,100
34341951176554,09:32:21.951,36.5400,100
34341951503946,09:32:21.951,36.5400,100
34341951503946,09:32:21.951,36.5400,100
34341951503946,09:32:21.951,36.5400,100
34341951513949,09:32:21.951,36.5400,200
34341951513949,09:32:21.951,36.5400,100
34341951987224,09:32:21.951,36.5400,100
34342899595071,09:32:22.899,36.5200,100
34342899595071,09:32:22.899,36.5200,100
34342899595071,09:32:22.899,36.5200,100
34342899595071,09:32:22.899,36.5200,100
34342899666833,09:32:22.899,36.5200,100
34342899666833,09:32:22.899,36.5200,100
34342899666833,09:32:22.899,36.5200,100
34342899666833,09:32:22.899,36.5200,50
34342899788127,09:32:22.899,36.5200,100
34342899788127,09:32:22.899,36.5200,100
34342899788127,09:32:22.899,36.5200,100
34342899894020,09:32:22.899,36.5200,100
34342899917879,09:32:22.899,36.5200,100
34342899917879,09:32:22.899,36.5200,100
34342899948998,09:32:22.899,36.5200,100
34342899950259,09:32:22.899,36.5200,100
34342900016097,09:32:22.900,36.5200,100
34342900050387,09:32:22.900,36.5200,100
34342900105027,09:32:22.900,36.5200,100
34342900144605,09:32:22.900,36.5200,100
34343901072174,09:32:23.901,36.5200,100
34350620612909,09:32:30.620,36.5400,50
34350620821129,09:32:30.620,36.5400,50
34350620821129,09:32:30.620,36.5400,100
34350620821129,09:32:30.620,36.5400,100
34350621235855,09:32:30.621,36.5500,50
34360695172509,09:32:40.695,36.5500,100
34360695172509,09:32:40.695,36.5500,100
34360695983003,09:32:40.695,36.5600,100
34360696004893,09:32:40.696,36.5600,50
34360696015001,09:32:40.696,36.5600,50
34360696015001,09:32:40.696,36.5600,88
34361113783394,09:32:41.113,36.5800,100
34361115218801,09:32:41.115,36.5900,100
34371563584782,09:32:51.563,36.6000,150
34371563585284,09:32:51.563,36.6000,150
34371563615014,09:32:51.563,36.6000,200
34371953730463,09:32:51.953,36.6100,100
34373283148283,09:32:53.283,36.6200,100
34373283235870,09:32:53.283,36.6100,100
34373283370050,09:32:53.283,36.6100,100
34373283436225,09:32:53.283,36.6100,100
34373283875700,09:32:53.283,36.6200,100
34373286161541,09:32:53.286,36.6200,100
34373286186839,09:32:53.286,36.6200,100
34373286186839,09:32:53.286,36.6200,100
34373665584494,09:32:53.665,36.6100,100
34373676510235,09:32:53.676,36.6100,110
34373696084069,09:32:53.696,36.6100,100
34374207353473,09:32:54.207,36.6100,100
34374207353473,09:32:54.207,36.6100,100
34374977140947,09:32:54.977,36.6200,100
34375477243431,09:32:55.477,36.6200,100
34378197898230,09:32:58.197,36.6100,100
34378197898230,09:32:58.197,36.6100,100
34378197898230,09:32:58.197,36.6100,100
34378198012119,09:32:58.198,36.6100,100
34378198077801,09:32:58.198,36.6100,100
34378198077801,09:32:58.198,36.6100,100
34378198420546,09:32:58.198,36.6000,100
34378198420546,09:32:58.198,36.6000,100
34378198420546,09:32:58.198,36.6000,100
34378198420546,09:32:58.198,36.6000,100
34378198420546,09:32:58.198,36.6000,100
34378220728597,09:32:58.220,36.5900,100
34381123869173,09:33:01.123,36.5800,100
34381123869173,09:33:01.123,36.5700,123
34381123917698,09:33:01.123,36.5700,77
34381123917698,09:33:01.123,36.5700,100
34381123917698,09:33:01.123,36.5700,100
34381123964534,09:33:01.123,36.5700,100
34381124181552,09:33:01.124,36.5700,100
34381124181552,09:33:01.124,36.5700,100
34381124222376,09:33:01.124,36.5700,100
34381124222376,09:33:01.124,36.5700,100
34383873165390,09:33:03.873,36.5500,100
34383873165390,09:33:03.873,36.5500,100
34388579547582,09:33:08.579,36.5300,100
34392008032473,09:33:12.008,36.5200,100
34392008032473,09:33:12.008,36.5200,100
34392008136905,09:33:12.008,36.5200,100
34392008311844,09:33:12.008,36.5200,100
34392012651959,09:33:12.012,36.5200,100
34392066154406,09:33:12.066,36.5200,100
34396223901918,09:33:16.223,36.5500,100
34396227919965,09:33:16.227,36.5600,100
34396227954952,09:33:16.227,36.5600,65
34400858111313,09:33:20.858,36.5400,100
34400866887988,09:33:20.866,36.5400,100
34400976117770,09:33:20.976,36.5300,100
34400979223356,09:33:20.979,36.5200,100
34400979223356,09:33:20.979,36.5200,100
34400979722852,09:33:20.979,36.5200,250
34400979722852,09:33:20.979,36.5200,100
34400979722852,09:33:20.979,36.5100,100
34400979722852,09:33:20.979,36.5100,200
34400979722852,09:33:20.979,36.5100,50
34400979754214,09:33:20.979,36.5100,50
34400979754214,09:33:20.979,36.5100,100
34400979754214,09:33:20.979,36.5100,100
34400979754214,09:33:20.979,36.5100,100
34400979754214,09:33:20.979,36.5100,100
34400980262613,09:33:20.980,36.5100,76
34400980265055,09:33:20.980,36.5100,24
34400980265055,09:33:20.980,36.5200,100
34400980265055,09:33:20.980,36.5200,81
34400980384317,09:33:20.980,36.5200,19
34400980384317,09:33:20.980,36.5200,2
34401684971200,09:33:21.684,36.5100,100
34401684971200,09:33:21.684,36.5100,100
34402007891511,09:33:22.007,36.5100,100
34402107042597,09:33:22.107,36.5100,200
34402107042597,09:33:22.107,36.5100,100
34402107042597,09:33:22.107,36.5100,100
34402107042597,09:33:22.107,36.5000,200
34402108481507,09:33:22.108,36.5000,65
34402108685252,09:33:22.108,36.5000,100
34402108719530,09:33:22.108,36.5000,35
34402108719530,09:33:22.108,36.5000,115
34402138489339,09:33:22.138,36.5000,150
34402138648265,09:33:22.138,36.5000,35
34402138648265,09:33:22.138,36.5000,65
34402138687480,09:33:22.138,36.5000,35
34402138687480,09:33:22.138,36.5000,65
34402574734685,09:33:22.574,36.5000,35
34402574734685,09:33:22.574,36.5000,100
34402574801099,09:33:22.574,36.5000,100
34402716234395,09:33:22.716,36.5000,100
34403521951180,09:33:23.521,36.5000,200
34403521951180,09:33:23.521,36.5000,100
34403522320458,09:33:23.522,36.5000,100
34403522328178,09:33:23.522,36.5000,100
34404141110998,09:33:24.141,36.4900,200
34404141110998,09:33:24.141,36.4900,100
34405802762894,09:33:25.802,36.4900,100
34406713352144,09:33:26.713,36.4900,100
34408266233523,09:33:28.266,36.4800,100
34410092252292,09:33:30.092,36.4800,100
34410092252292,09:33:30.092,36.4800,100
34410092252292,09:33:30.092,36.4800,200
34410092252292,09:33:30.092,36.4800,200
34410092252292,09:33:30.092,36.4800,100
34410247879531,09:33:30.247,36.4800,100
34410349178108,09:33:30.349,36.4800,100
34411044983029,09:33:31.044,36.4800,100
34411044983029,09:33:31.044,36.4800,100
34411044983029,09:33:31.044,36.4800,100
34418584607934,09:33:38.584,36.4700,200
34418584607934,09:33:38.584,36.4700,300
34418584607934,09:33:38.584,36.4700,100
34419030436463,09:33:39.030,36.4600,2
34419030436463,09:33:39.030,36.4600,300
34419039843903,09:33:39.039,36.4500,100
34427997109597,09:33:47.997,36.4200,72
34427997109597,09:33:47.997,36.4200,28
34427997135590,09:33:47.997,36.4200,72
34427997286852,09:33:47.997,36.4200,100
34428002821176,09:33:48.002,36.4200,100
34428004290732,09:33:48.004,36.4100,100
34428004290732,09:33:48.004,36.4100,100
34428004384820,09:33:48.004,36.4100,100
34428004413313,09:33:48.004,36.4100,20
34428142441075,09:33:48.142,36.4100,100
34436524110464,09:33:56.524,36.4400,100
34436524167180,09:33:56.524,36.4400,100
34436524200338,09:33:56.524,36.4400,58
34436524200338,09:33:56.524,36.4400,100
34436524613555,09:33:56.524,36.4500,100
34436525029882,09:33:56.525,36.4600,1300
34436525029882,09:33:56.525,36.4600,100
34437785797909,09:33:57.785,36.4500,100
34437785797909,09:33:57.785,36.4500,100
34437785797909,09:33:57.785,36.4500,100
34437786560889,09:33:57.786,36.4500,100
34437787048526,09:33:57.787,36.4600,100
34437873190705,09:33:57.873,36.4600,100
34437873190705,09:33:57.873,36.4600,100
34437873190705,09:33:57.873,36.4600,100
34437873190705,09:33:57.873,36.4600,100
34443996862487,09:34:03.996,36.4700,50
34443997111136,09:34:03.997,36.4700,50
34450849449563,09:34:10.849,36.5100,100
34451064203597,09:34:11.064,36.5000,100
34460874877160,09:34:20.874,36.4700,100
34460874936353,09:34:20.874,36.4700,100
34461297879978,09:34:21.297,36.4600,100
34461298207981,09:34:21.298,36.4600,100
34461298234698,09:34:21.298,36.4600,100
34461300842794,09:34:21.300,36.4600,100
34461328406126,09:34:21.328,36.4500,200
34461328406126,09:34:21.328,36.4500,1000
34461497401246,09:34:21.497,36.4400,100
34461497498097,09:34:21.497,36.4400,100
34461497668192,09:34:21.497,36.4400,100
34461791043251,09:34:21.791,36.4300,73
34463001704850,09:34:23.001,36.4300,85
34463148098697,09:34:23.148,36.4300,42
34463148098697,09:34:23.148,36.4300,100
34463148098697,09:34:23.148,36.4300,58
34463219634661,09:34:23.219,36.4300,42
34463219634661,09:34:23.219,36.4300,58
34463832846673,09:34:23.832,36.4300,42
34463832846673,09:34:23.832,36.4300,58
34463833099140,09:34:23.833,36.4300,42
34468620282221,09:34:28.620,36.4400,122
34478839162073,09:34:38.839,36.4600,100
34478839162073,09:34:38.839,36.4600,100
34478839276633,09:34:38.839,36.4600,100
34478840036424,09:34:38.840,36.4600,100
34478851377333,09:34:38.851,36.4500,100
34479514558588,09:34:39.514,36.4500,100
34479514604810,09:34:39.514,36.4400,100
34482399985013,09:34:42.399,36.4200,100
34490090423686,09:34:50.090,36.4000,100
34490093136770,09:34:50.093,36.4000,100
34490093136770,09:34:50.093,36.4000,100
34490093136770,09:34:50.093,36.4000,100
34490093212132,09:34:50.093,36.4000,100
34492110045073,09:34:52.110,36.3900,1000
34493788559126,09:34:53.788,36.3700,200
34493788605832,09:34:53.788,36.3700,100
34493788678811,09:34:53.788,36.3800,100
34493788790293,09:34:53.788,36.3800,100
34493788815088,09:34:53.788,36.3800,300
34493789114804,09:34:53.789,36.3800,100
34493789139863,09:34:53.789,36.3800,100
34495993596984,09:34:55.993,36.3800,100
34512332738521,09:35:12.332,36.4300,100
34512332738521,09:35:12.332,36.4300,100
34512332844707,09:35:12.332,36.4300,100
34512333020997,09:35:12.333,36.4300,100
34512333564105,09:35:12.333,36.4300,100
34512339976217,09:35:12.339,36.4200,100
34512426611995,09:35:12.426,36.4200,100
34512426636346,09:35:12.426,36.4200,100
34512426636346,09:35:12.426,36.4200,100
34512426636346,09:35:12.426,36.4200,100
34512846573035,09:35:12.846,36.4100,34
34512846581246,09:35:12.846,36.4100,166
34512849340139,09:35:12.849,36.4200,100
34512849340139,09:35:12.849,36.4200,100
34512849525790,09:35:12.849,36.4200,100
34512849923335,09:35:12.849,36.4200,138
34513292533554,09:35:13.292,36.4200,100
34519003316648,09:35:19.003,36.3900,100
34519256382501,09:35:19.256,36.3900,100
34520486571429,09:35:20.486,36.3900,12
34522850073224,09:35:22.850,36.4200,165
34528703423628,09:35:28.703,36.4200,100
34528703797173,09:35:28.703,36.4300,100
34532511878534,09:35:32.511,36.4100,100
34532512418962,09:35:32.512,36.4100,100
34532512418962,09:35:32.512,36.4100,100
34532512418962,09:35:32.512,36.4100,100
34532512445161,09:35:32.512,36.4100,200
34532563530471,09:35:32.563,36.3900,100
34532563530471,09:35:32.563,36.3900,100
34533206611787,09:35:33.206,36.3900,100
34533206611787,09:35:33.206,36.3900,100
34533208551038,09:35:33.208,36.3900,100
34533208551038,09:35:33.208,36.3900,100
34533208551038,09:35:33.208,36.3900,100
34533208580101,09:35:33.208,36.3900,100
34533208580101,09:35:33.208,36.3900,100
34535940328730,09:35:35.940,36.4000,100
34535940328730,09:35:35.940,36.4000,100
34535940328730,09:35:35.940,36.4000,100
34535940328730,09:35:35.940,36.4000,100
34535940328730,09:35:35.940,36.4000,100
34552979498253,09:35:52.979,36.4000,100
34552979498253,09:35:52.979,36.4000,100
34552979498253,09:35:52.979,36.4000,100
34552979498253,09:35:52.979,36.4000,100
34552979498253,09:35:52.979,36.4000,100
34552983084868,09:35:52.983,36.4000,100
34552983084868,09:35:52.983,36.4000,100
34552983084868,09:35:52.983,36.4000,100
34552983084868,09:35:52.983,36.4000,200
34552983656631,09:35:52.983,36.4000,100
34552983656631,09:35:52.983,36.4000,100
34552983656631,09:35:52.983,36.4000,100
34552983656631,09:35:52.983,36.4000,100
34558276681819,09:35:58.276,36.4100,100
34558276681819,09:35:58.276,36.4100,10
34558276685793,09:35:58.276,36.4200,7
34558276694981,09:35:58.276,36.4200,53
34558276697714,09:35:58.276,36.4200,40
34558276697714,09:35:58.276,36.4200,300
34558277057155,09:35:58.277,36.4000,100
34558277057155,09:35:58.277,36.4000,100
34558277057155,09:35:58.277,36.4000,100
34558277111448,09:35:58.277,36.4000,100
34558277180699,09:35:58.277,36.4000,100
34558277182419,09:35:58.277,36.4000,17
34558277258903,09:35:58.277,36.4100,31
34558277380278,09:35:58.277,36.4100,69
34558279319398,09:35:58.279,36.4100,100
34558280713238,09:35:58.280,36.4300,100
34560216654074,09:36:00.216,36.4500,100
34566771901401,09:36:06.771,36.4300,100
34566772058267,09:36:06.772,36.4300,100
34566772058267,09:36:06.772,36.4300,100
34566772058267,09:36:06.772,36.4300,100
34566772246594,09:36:06.772,36.4300,100
34567078058504,09:36:07.078,36.4200,100
34567078058504,09:36:07.078,36.4200,100
34582967636942,09:36:22.967,36.3900,43
34582967647539,09:36:22.967,36.3900,57
34582967647539,09:36:22.967,36.3900,100
34582967647539,09:36:22.967,36.3900,100
34582967647539,09:36:22.967,36.3900,100
34582967649022,09:36:22.967,36.3900,100
34582967649022,09:36:22.967,36.3900,257
34582967664029,09:36:22.967,36.3900,43
34582967664029,09:36:22.967,36.3900,300
34582967735118,09:36:22.967,36.3900,200
34582967743741,09:36:22.967,36.3900,56
34582976968228,09:36:22.976,36.3800,94
34582976970666,09:36:22.976,36.3800,6
34582976970666,09:36:22.976,36.3800,100
34582976996675,09:36:22.976,36.3800,106
34583049606633,09:36:23.049,36.3800,100
34583049606633,09:36:23.049,36.3800,100
34584541133574,09:36:24.541,36.3800,94
34587125494064,09:36:27.125,36.3700,100
34587125527447,09:36:27.125,36.3700,100
34587125527447,09:36:27.125,36.3700,100
34587125905675,09:36:27.125,36.3700,100
34587126179221,09:36:27.126,36.3600,100
34587126179221,09:36:27.126,36.3600,100
34587126250101,09:36:27.126,36.3600,100
34587671417448,09:36:27.671,36.3700,100
34587671417448,09:36:27.671,36.3700,100
34587671417448,09:36:27.671,36.3700,100
34588517845401,09:36:28.517,36.3700,90
34588517871048,09:36:28.517,36.3700,10
34588517871048,09:36:28.517,36.3700,100
34588518673494,09:36:28.518,36.3800,100
34588518673494,09:36:28.518,36.3800,200
34588518673494,09:36:28.518,36.3800,100
34589006472086,09:36:29.006,36.3700,200
34589006472086,09:36:29.006,36.3700,100
34595254419311,09:36:35.254,36.3700,18
34595254518172,09:36:35.254,36.3700,82
34595254518172,09:36:35.254,36.3700,102
34595483118500,09:36:35.483,36.3700,100
34595483118500,09:36:35.483,36.3700,200
34599025175687,09:36:39.025,36.3600,100
34599025175687,09:36:39.025,36.3600,200
34599025175687,09:36:39.025,36.3600,100
34599025175687,09:36:39.025,36.3600,100
34599051277971,09:36:39.051,36.3600,200
34599051277971,09:36:39.051,36.3600,100
34601293601822,09:36:41.293,36.3700,100
34601293610806,09:36:41.293,36.3700,100
34601294071234,09:36:41.294,36.3800,56
34601294095260,09:36:41.294,36.3800,44
34609031981816,09:36:49.031,36.3600,100
34611498807847,09:36:51.498,36.3500,100
34611498807847,09:36:51.498,36.3500,25
34615202437473,09:36:55.202,36.3500,75
34615202437473,09:36:55.202,36.3500,100
34615202437473,09:36:55.202,36.3500,25
34615202986898,09:36:55.202,36.3600,100
34615202986898,09:36:55.202,36.3600,100
34615202986898,09:36:55.202,36.3600,100
34616674146956,09:36:56.674,36.3700,100
34616774969279,09:36:56.774,36.3800,200
34616774969279,09:36:56.774,36.3800,100
34619791397190,09:36:59.791,36.4000,100
34619791397190,09:36:59.791,36.4000,200
34623867594383,09:37:03.867,36.4300,100
34625176485699,09:37:05.176,36.4400,100
34627310709000,09:37:07.310,36.4200,200
34627792829072,09:37:07.792,36.4100,100
34627792829072,09:37:07.792,36.4100,100
34628794288355,09:37:08.794,36.4000,300
34628794288355,09:37:08.794,36.4000,100
34628794869590,09:37:08.794,36.4000,100
34628794869590,09:37:08.794,36.4000,100
34639464339534,09:37:19.464,36.4200,120
34639464339534,09:37:19.464,36.4200,280
34640063795843,09:37:20.063,36.4100,100
34640063795843,09:37:20.063,36.4100,100
34640088714383,09:37:20.088,36.4100,55
34647882501240,09:37:27.882,36.4100,100
34647882501240,09:37:27.882,36.4100,100
34647882819401,09:37:27.882,36.4100,100
34647882819401,09:37:27.882,36.4100,100
34651343662991,09:37:31.343,36.4000,100
34651343751742,09:37:31.343,36.4000,100
34651344161915,09:37:31.344,36.4000,100
34651346361432,09:37:31.346,36.4000,100
34651615953381,09:37:31.615,36.3900,100
34652395635698,09:37:32.395,36.3900,50
34652396041280,09:37:32.396,36.3900,50
34652396041280,09:37:32.396,36.3900,50
34652396513745,09:37:32.396,36.3900,50
34654811717887,09:37:34.811,36.3900,100
34654811717887,09:37:34.811,36.3900,100
34655274508965,09:37:35.274,36.3900,100
34661031886858,09:37:41.031,36.3800,100
34661031886858,09:37:41.031,36.3800,100
34661031886858,09:37:41.031,36.3800,100
34663136649476,09:37:43.136,36.3900,100
34666746482381,09:37:46.746,36.3900,5000
34668076569532,09:37:48.076,36.3800,100
34668076569532,09:37:48.076,36.3800,50
34668076607357,09:37:48.076,36.3800,50
34668076607357,09:37:48.076,36.3800,100
34668078251008,09:37:48.078,36.3800,100
34668078251008,09:37:48.078,36.3800,50
34672025695097,09:37:52.025,36.3800,50
34672025695097,09:37:52.025,36.3800,50
34672025722107,09:37:52.025,36.3800,50
34672751088991,09:37:52.751,36.3800,100
34673834980624,09:37:53.834,36.3700,100
34676472956774,09:37:56.472,36.3700,100
34676472956774,09:37:56.472,36.3700,100
34677258522560,09:37:57.258,36.3700,100
34678784178390,09:37:58.784,36.3900,100
34678784178390,09:37:58.784,36.3900,300
34678784178390,09:37:58.784,36.3900,2
34678784211203,09:37:58.784,36.3900,200
34689113670029,09:38:09.113,36.4400,100
34689113844912,09:38:09.113,36.4400,100
34689113937897,09:38:09.113,36.4400,100
34689113955652,09:38:09.113,36.4400,100
34689113959308,09:38:09.113,36.4400,100
34689113959938,09:38:09.113,36.4400,100
34690912403397,09:38:10.912,36.4300,100
34691352850499,09:38:11.352,36.4200,100
34692265663164,09:38:12.265,36.4100,100
34692265948039,09:38:12.265,36.4100,100
34692266035341,09:38:12.266,36.4100,10
34692266077553,09:38:12.266,36.4100,90
34693341666663,09:38:13.341,36.4200,100
34693341666663,09:38:13.341,36.4200,100
34699360961956,09:38:19.360,36.4500,400
34699360961956,09:38:19.360,36.4500,165
34699361993786,09:38:19.361,36.4600,100
34699361993786,09:38:19.361,36.4600,100
34699386305689,09:38:19.386,36.4900,100
34699386305689,09:38:19.386,36.4900,800
34699386305689,09:38:19.386,36.4900,54
34699386305689,09:38:19.386,36.4900,100
34699386305689,09:38:19.386,36.4900,100
34699884130714,09:38:19.884,36.4900,100
34699885004912,09:38:19.885,36.5000,2
34717318051553,09:38:37.318,36.5600,100
34720834489518,09:38:40.834,36.5400,100
34720834491862,09:38:40.834,36.5400,100
34720955276954,09:38:40.955,36.5400,100
34720955846410,09:38:40.955,36.5400,100
34733833295036,09:38:53.833,36.5400,100
34733833320107,09:38:53.833,36.5400,200
34736213401867,09:38:56.213,36.5500,25
34736213405237,09:38:56.213,36.5500,17
34736213408782,09:38:56.213,36.5500,212
34736213427548,09:38:56.213,36.5500,100
34736213432602,09:38:56.213,36.5500,146
34736213432602,09:38:56.213,36.5500,1
34736214454873,09:38:56.214,36.5600,100
34737341930953,09:38:57.341,36.5700,100
34737341930953,09:38:57.341,36.5700,100
34746284822674,09:39:06.284,36.5600,100
34746284822674,09:39:06.284,36.5600,100
34746284822674,09:39:06.284,36.5600,200
34746285157984,09:39:06.285,36.5600,100
34746285161126,09:39:06.285,36.5600,100
34746285166183,09:39:06.285,36.5600,100
34746285317859,09:39:06.285,36.5600,100
34746285514397,09:39:06.285,36.5600,100
34755585086545,09:39:15.585,36.5500,100
34759325861645,09:39:19.325,36.5500,100
34759358953166,09:39:19.358,36.5500,30
34792068215018,09:39:52.068,36.5400,100
34792068237451,09:39:52.068,36.5400,100
34792068319599,09:39:52.068,36.5400,100
34792068321014,09:39:52.068,36.5400,100
34792068607151,09:39:52.068,36.5400,100
34792068607151,09:39:52.068,36.5400,100
34795338009022,09:39:55.338,36.5600,100
34798976410962,09:39:58.976,36.5600,144
34798976410962,09:39:58.976,36.5600,100
34798976503791,09:39:58.976,36.5600,100
34798976528091,09:39:58.976,36.5600,100
34798976531591,09:39:58.976,36.5600,99
34798976568502,09:39:58.976,36.5600,100
34798978800042,09:39:58.978,36.5600,1
34805997937604,09:40:05.997,36.5700,21
34805997944286,09:40:05.997,36.5700,79
34805997944286,09:40:05.997,36.5700,71
34805998076766,09:40:05.998,36.5700,94
34805999570037,09:40:05.999,36.5800,100
34805999570037,09:40:05.999,36.5800,78
34805999605300,09:40:05.999,36.5800,22
34806608585236,09:40:06.608,36.5900,100
34806608585236,09:40:06.608,36.5900,100
34806890665845,09:40:06.890,36.6000,100
34806890961208,09:40:06.890,36.6000,6
34824850396002,09:40:24.850,36.6000,100
34845010375623,09:40:45.010,36.5800,100
34845010375623,09:40:45.010,36.5800,100
34845010375623,09:40:45.010,36.5800,100
34845010418647,09:40:45.010,36.5800,100
34845010446175,09:40:45.010,36.5800,100
34845010446175,09:40:45.010,36.5800,100
34845010446175,09:40:45.010,36.5800,100
34845010464240,09:40:45.010,36.5800,100
34845010480697,09:40:45.010,36.5800,200
34845010480697,09:40:45.010,36.5800,100
34845010482851,09:40:45.010,36.5800,100
34845010715618,09:40:45.010,36.5800,100
34847505285704,09:40:47.505,36.5800,100
34847505285704,09:40:47.505,36.5800,100
34850003611459,09:40:50.003,36.5900,100
34856498748044,09:40:56.498,36.5700,66
34856552437357,09:40:56.552,36.5800,100
34856552472212,09:40:56.552,36.5800,100
34856552472212,09:40:56.552,36.5800,100
34863289602441,09:41:03.289,36.5700,34
34863289602441,09:41:03.289,36.5700,100
34863289602441,09:41:03.289,36.5700,66
34863289655174,09:41:03.289,36.5700,34
34863289674552,09:41:03.289,36.5700,46
34863289682191,09:41:03.289,36.5700,54
34863289682191,09:41:03.289,36.5700,96
34863289714130,09:41:03.289,36.5700,4
34863289802397,09:41:03.289,36.5700,34
34863289818830,09:41:03.289,36.5700,66
34864540546504,09:41:04.540,36.5600,100
34864540841556,09:41:04.540,36.5600,100
34864540841556,09:41:04.540,36.5600,100
34864540888597,09:41:04.540,36.5600,429
34864540942980,09:41:04.540,36.5600,54
34864546544331,09:41:04.546,36.5500,44
34864546551219,09:41:04.546,36.5500,56
34864549896582,09:41:04.549,36.5500,1
34864549920457,09:41:04.549,36.5500,99
34864549923148,09:41:04.549,36.5500,99
34886514337247,09:41:26.514,36.5600,49
34886514343031,09:41:26.514,36.5600,51
34886514343031,09:41:26.514,36.5600,70
34886514357302,09:41:26.514,36.5600,30
34886514357302,09:41:26.514,36.5600,129
34886514357302,09:41:26.514,36.5600,182
34886514359043,09:41:26.514,36.5600,18
34886514359043,09:41:26.514,36.5600,100
34886514359043,09:41:26.514,36.5600,97
34886514360577,09:41:26.514,36.5600,203
34886514485735,09:41:26.514,36.5600,100
34886514737231,09:41:26.514,36.5600,1300
34886514737231,09:41:26.514,36.5600,100
34886516418294,09:41:26.516,36.5600,100
34887215217108,09:41:27.215,36.5700,100
34887215217108,09:41:27.215,36.5700,100
34892160121450,09:41:32.160,36.5600,5
34892877213493,09:41:32.877,36.5500,100
34897960422220,09:41:37.960,36.5400,100
34897960600187,09:41:37.960,36.5400,100
34897960600187,09:41:37.960,36.5400,1
34897960600187,09:41:37.960,36.5400,100
34897960624529,09:41:37.960,36.5400,200
34897960624529,09:41:37.960,36.5400,1
34897960704484,09:41:37.960,36.5400,100
34897960739319,09:41:37.960,36.5400,99
34898825930040,09:41:38.825,36.5400,100
34898825930040,09:41:38.825,36.5400,1
34898825930040,09:41:38.825,36.5400,99
34898825964434,09:41:38.825,36.5400,1
34898825989453,09:41:38.825,36.5400,1
34898826029884,09:41:38.826,36.5400,100
34898826035391,09:41:38.826,36.5400,99
34898975736995,09:41:38.975,36.5400,100
34900237746486,09:41:40.237,36.5300,100
34900237746486,09:41:40.237,36.5300,100
34900237746486,09:41:40.237,36.5300,1
34900237746486,09:41:40.237,36.5300,100
34900237793390,09:41:40.237,36.5300,100
34900237801388,09:41:40.237,36.5300,94
34900238225687,09:41:40.238,36.5300,6
34900238225687,09:41:40.238,36.5300,94
34900238268053,09:41:40.238,36.5300,100
34900238289171,09:41:40.238,36.5300,6
34901566293543,09:41:41.566,36.5300,98
34901566377570,09:41:41.566,36.5300,2
34901566377570,09:41:41.566,36.5300,98
34902436443420,09:41:42.436,36.5300,2
34904349995925,09:41:44.349,36.5300,100
34905805660846,09:41:45.805,36.5200,100
34905805660846,09:41:45.805,36.5200,100
34905805660846,09:41:45.805,36.5200,1
34905805660846,09:41:45.805,36.5200,99
34905805694959,09:41:45.805,36.5200,1
34905805895731,09:41:45.805,36.5200,7
34905815029874,09:41:45.815,36.5200,2
34907248117285,09:41:47.248,36.5200,93
34907248117285,09:41:47.248,36.5200,100
34907248117285,09:41:47.248,36.5200,100
34907248187387,09:41:47.248,36.5200,100
34907299137917,09:41:47.299,36.5200,100
34907299702421,09:41:47.299,36.5200,100
34907299702421,09:41:47.299,36.5200,100
34911298306632,09:41:51.298,36.5200,100
34911298306632,09:41:51.298,36.5200,100
34911684678104,09:41:51.684,36.5200,4
34914111018377,09:41:54.111,36.5200,100
34914134994336,09:41:54.134,36.5200,100
34914135568436,09:41:54.135,36.5200,100
34914304622628,09:41:54.304,36.5200,100
34914305979307,09:41:54.305,36.5100,200
34914305979307,09:41:54.305,36.5100,1
34917429855599,09:41:57.429,36.5200,100
34932923012246,09:42:12.923,36.5000,100
34932923038261,09:42:12.923,36.5000,12
34932923038261,09:42:12.923,36.5000,100
34932923111530,09:42:12.923,36.5000,100
34932923111530,09:42:12.923,36.5000,12
34932923134484,09:42:12.923,36.5000,88
34932923134484,09:42:12.923,36.5000,24
34932923185808,09:42:12.923,36.5000,76
34932923240604,09:42:12.923,36.5000,100
34932923240604,09:42:12.923,36.5000,12
34932923292967,09:42:12.923,36.5000,88
34932923292967,09:42:12.923,36.5000,12
34932923375072,09:42:12.923,36.5000,88
34932923375072,09:42:12.923,36.5000,12
34932923731738,09:42:12.923,36.5000,88
34938990204204,09:42:18.990,36.4800,21
34938990209934,09:42:18.990,36.4800,79
34938990209934,09:42:18.990,36.4800,100
34938990209934,09:42:18.990,36.4800,34
34938990217203,09:42:18.990,36.4800,166
34938990217203,09:42:18.990,36.4800,113
34938990218849,09:42:18.990,36.4800,87
34938997691704,09:42:18.997,36.4700,200
34938998050419,09:42:18.998,36.4700,100
34939393571661,09:42:19.393,36.4600,300
34939394269528,09:42:19.394,36.4600,400
34940076696879,09:42:20.076,36.4500,300
34940076696879,09:42:20.076,36.4500,100
34940077445807,09:42:20.077,36.4500,300
34942677750778,09:42:22.677,36.4400,100
34942677750778,09:42:22.677,36.4400,100
34942678081314,09:42:22.678,36.4400,100
34942678081314,09:42:22.678,36.4400,100
34947030335182,09:42:27.030,36.4400,100
34947030335182,09:42:27.030,36.4400,100
34950482271827,09:42:30.482,36.4400,100
34950482283348,09:42:30.482,36.4400,100
34950482346761,09:42:30.482,36.4400,100
34950482372310,09:42:30.482,36.4400,100
34951240451261,09:42:31.240,36.4600,1
34951631930923,09:42:31.631,36.4600,94
34955339742206,09:42:35.339,36.4700,200
34956000098101,09:42:36.000,36.5000,100
34956001281158,09:42:36.001,36.5100,100
34956001281158,09:42:36.001,36.5100,100
34957574894733,09:42:37.574,36.5000,100
34961360255183,09:42:41.360,36.5200,100
34961360255183,09:42:41.360,36.5200,100
34969711259593,09:42:49.711,36.5300,200
34969711289637,09:42:49.711,36.5300,100
34970610813885,09:42:50.610,36.5200,200
34970610820654,09:42:50.610,36.5200,200
34970610837156,09:42:50.610,36.5200,100
34970610893335,09:42:50.610,36.5200,200
34970611360498,09:42:50.611,36.5200,200
34970611885286,09:42:50.611,36.5200,12
34970612319770,09:42:50.612,36.5200,100
34970612319770,09:42:50.612,36.5200,100
34970612319770,09:42:50.612,36.5200,100
34970612319770,09:42:50.612,36.5200,100
34970624367116,09:42:50.624,36.5300,100
34970624367116,09:42:50.624,36.5300,100
34971544654239,09:42:51.544,36.5300,100
34971544654239,09:42:51.544,36.5300,200
34972671318112,09:42:52.671,36.5400,100
34972671318112,09:42:52.671,36.5400,100
34989192376511,09:43:09.192,36.5500,100
34989192849678,09:43:09.192,36.5600,100
34989192874940,09:43:09.192,36.5600,100
34989192874940,09:43:09.192,36.5600,100
34990288294577,09:43:10.288,36.5600,100
34993023509691,09:43:13.023,36.5500,100
34993023509691,09:43:13.023,36.5500,100
34993023509691,09:43:13.023,36.5500,500
34993189471265,09:43:13.189,36.5500,100
34993189471265,09:43:13.189,36.5500,100
34993189471265,09:43:13.189,36.5500,100
34993189471265,09:43:13.189,36.5500,100
34993189471265,09:43:13.189,36.5500,100
35002593140132,09:43:22.593,36.5500,15
35002758972953,09:43:22.758,36.5500,285
35002758972953,09:43:22.758,36.5500,100
35002760487317,09:43:22.760,36.5400,1307
35002760512038,09:43:22.760,36.5400,93
35002760512038,09:43:22.760,36.5400,100
35002760512038,09:43:22.760,36.5400,100
35004584212256,09:43:24.584,36.5400,100
35004592635322,09:43:24.592,36.5400,100
35004592635322,09:43:24.592,36.5400,100
35004592635322,09:43:24.592,36.5400,16
35004592635322,09:43:24.592,36.5400,84
35004622298335,09:43:24.622,36.5400,100
35004622298335,09:43:24.622,36.5400,64
35004627186071,09:43:24.627,36.5400,100
35013505173100,09:43:33.505,36.5400,16
35013508597477,09:43:33.508,36.5400,100
35013543278872,09:43:33.543,36.5400,100
35015844513012,09:43:35.844,36.5300,200
35017568458309,09:43:37.568,36.5300,100
35017568458309,09:43:37.568,36.5300,100
35017568458309,09:43:37.568,36.5300,100
35017568458309,09:43:37.568,36.5300,100
35017568505766,09:43:37.568,36.5300,100
35017568669227,09:43:37.568,36.5300,100
35017568669227,09:43:37.568,36.5300,100
35020008085419,09:43:40.008,36.5100,39
35020008090178,09:43:40.008,36.5100,61
35020013423073,09:43:40.013,36.5000,100
35020394512273,09:43:40.394,36.5000,100
35020394512273,09:43:40.394,36.5000,100
35020394512273,09:43:40.394,36.5000,1
35034950169625,09:43:54.950,36.5200,40
35034950182727,09:43:54.950,36.5200,60
35035460856944,09:43:55.460,36.5300,100
35035460856944,09:43:55.460,36.5300,100
35044395854160,09:44:04.395,36.5700,100
35044395878859,09:44:04.395,36.5700,100
35044397430170,09:44:04.397,36.5700,200
35045447869176,09:44:05.447,36.5700,100
35047173268453,09:44:07.173,36.5600,100
35047173358443,09:44:07.173,36.5600,100
35047173645239,09:44:07.173,36.5600,100
35047815206715,09:44:07.815,36.5400,100
35048844882115,09:44:08.844,36.5200,100
35058017529015,09:44:18.017,36.5100,100
35063704764242,09:44:23.704,36.5100,137
35063704764242,09:44:23.704,36.5100,20
35063704764242,09:44:23.704,36.5100,200
35063704764242,09:44:23.704,36.5100,100
35063704764242,09:44:23.704,36.5100,100
35063705239049,09:44:23.705,36.5200,53
35063705588676,09:44:23.705,36.5200,47
35064764287832,09:44:24.764,36.5200,82
35068233129091,09:44:28.233,36.5300,200
35081849365014,09:44:41.849,36.5200,100
35081851728138,09:44:41.851,36.5200,100
35081851728138,09:44:41.851,36.5300,100
35081851728138,09:44:41.851,36.5300,100
35081851754515,09:44:41.851,36.5300,100
35081852246450,09:44:41.852,36.5300,100
35081852246450,09:44:41.852,36.5300,100
35081862105810,09:44:41.862,36.5300,45
35081862105810,09:44:41.862,36.5300,55
35084399423519,09:44:44.399,36.5200,100
35084737856342,09:44:44.737,36.5200,100
35084737856342,09:44:44.737,36.5200,100
35086481499906,09:44:46.481,36.5300,100
35086481518008,09:44:46.481,36.5300,100
35086482828206,09:44:46.482,36.5300,100
35086482828206,09:44:46.482,36.5300,100
35087024152409,09:44:47.024,36.5200,100
35087848542606,09:44:47.848,36.5100,200
35087848542606,09:44:47.848,36.5100,100
35087848542606,09:44:47.848,36.5100,100
35087848542606,09:44:47.848,36.5100,100
35087848639674,09:44:47.848,36.5100,100
35087848639674,09:44:47.848,36.5100,100
35087848639674,09:44:47.848,36.5100,100
35087848957290,09:44:47.848,36.5100,89
35087848981359,09:44:47.848,36.5100,11
35087848981359,09:44:47.848,36.5100,100
35088100177296,09:44:48.100,36.5000,100
35088100229093,09:44:48.100,36.5000,7
35088100301794,09:44:48.100,36.5000,100
35088465083831,09:44:48.465,36.5000,100
35088465083831,09:44:48.465,36.5000,2488
35088465110088,09:44:48.465,36.5000,512
35088465124218,09:44:48.465,36.5000,100
35088925345342,09:44:48.925,36.5000,100
35088925513324,09:44:48.925,36.5000,100
35090965503129,09:44:50.965,36.5100,100
35090965503129,09:44:50.965,36.5100,100
35093918090174,09:44:53.918,36.5400,100
35100264818978,09:45:00.264,36.5500,100
35100264818978,09:45:00.264,36.5500,100
35100650406539,09:45:00.650,36.5600,100
35103182154270,09:45:03.182,36.5500,200
35103182154270,09:45:03.182,36.5500,38
35103182165678,09:45:03.182,36.5500,62
35103184846823,09:45:03.184,36.5400,100
35103216302348,09:45:03.216,36.5400,100
35103216302348,09:45:03.216,36.5400,100
35104597921405,09:45:04.597,36.5400,13
35104599948093,09:45:04.599,36.5400,87
35104599948093,09:45:04.599,36.5400,100
35115534734990,09:45:15.534,36.5300,100
35115534734990,09:45:15.534,36.5300,51
35115534747061,09:45:15.534,36.5300,49
35115534747061,09:45:15.534,36.5300,101
35115534763682,09:45:15.534,36.5300,30
35115535456439,09:45:15.535,36.5400,100
35117036837481,09:45:17.036,36.5500,8
35117036837481,09:45:17.036,36.5500,92
35124457059450,09:45:24.457,36.5400,100
35124457059450,09:45:24.457,36.5400,100
35124457059450,09:45:24.457,36.5400,100
35124457150525,09:45:24.457,36.5400,100
35124457150525,09:45:24.457,36.5400,100
35124842152384,09:45:24.842,36.5400,100
35127548716647,09:45:27.548,36.5300,100
35139251288977,09:45:39.251,36.5400,147
35146620076824,09:45:46.620,36.5200,100
35146620076824,09:45:46.620,36.5200,100
35146620208367,09:45:46.620,36.5200,100
35146620493739,09:45:46.620,36.5200,100
35146662525921,09:45:46.662,36.5200,100
35146662525921,09:45:46.662,36.5200,100
35150964501022,09:45:50.964,36.5200,100
35150965043258,09:45:50.965,36.5200,100
35150965043258,09:45:50.965,36.5200,100
35172087668013,09:46:12.087,36.5500,1
35172087693352,09:46:12.087,36.5500,849
35172087693352,09:46:12.087,36.5500,100
35174594183184,09:46:14.594,36.5700,100
35174726680465,09:46:14.726,36.5700,100
35179476144768,09:46:19.476,36.5600,200
35179476144768,09:46:19.476,36.5600,100
35179476144768,09:46:19.476,36.5600,100
35179476235867,09:46:19.476,36.5600,100
35179476236342,09:46:19.476,36.5600,100
35179476335309,09:46:19.476,36.5600,100
35179484870281,09:46:19.484,36.5600,2
35189398373986,09:46:29.398,36.5400,31
35190276967225,09:46:30.276,36.5300,100
35190276967225,09:46:30.276,36.5300,100
35190277212246,09:46:30.277,36.5300,100
35190300171365,09:46:30.300,36.5300,67
35190300197081,09:46:30.300,36.5300,33
35190300197081,09:46:30.300,36.5300,100
35201382785437,09:46:41.382,36.5300,100
35201382785437,09:46:41.382,36.5300,100
35201759511303,09:46:41.759,36.5300,100
35201765994632,09:46:41.765,36.5300,100
35201765994632,09:46:41.765,36.5300,100
35201766113647,09:46:41.766,36.5300,100
35205844534317,09:46:45.844,36.5200,100
35209093238053,09:46:49.093,36.5200,100
35209093238053,09:46:49.093,36.5200,100
35224441680335,09:47:04.441,36.5400,100
35225249268775,09:47:05.249,36.5500,48
35231794765232,09:47:11.794,36.5500,1500
35231794765232,09:47:11.794,36.5500,100
35231824532188,09:47:11.824,36.5600,5
35231824557993,09:47:11.824,36.5600,95
35231824557993,09:47:11.824,36.5600,100
35231824557993,09:47:11.824,36.5600,100
35237345183492,09:47:17.345,36.5600,3
35240367007241,09:47:20.367,36.5600,100
35260509024575,09:47:40.509,36.6000,100
35260509024575,09:47:40.509,36.6000,108
35261365272840,09:47:41.365,36.6000,100
35261365272840,09:47:41.365,36.6000,100
35261365272840,09:47:41.365,36.6000,100
35261365402567,09:47:41.365,36.6000,100
35261366782274,09:47:41.366,36.6000,100
35263149747951,09:47:43.149,36.6000,100
35263465318302,09:47:43.465,36.6000,100
35267276403813,09:47:47.276,36.6000,100
35267276516591,09:47:47.276,36.5900,100
35269396806443,09:47:49.396,36.5800,100
35269396806443,09:47:49.396,36.5800,100
35269396806443,09:47:49.396,36.5800,3
35269397100122,09:47:49.397,36.5800,100
35281573582333,09:48:01.573,36.5700,100
35286732654043,09:48:06.732,36.5600,100
35286732654043,09:48:06.732,36.5600,3000
35286798789905,09:48:06.798,36.5500,200
35286798789905,09:48:06.798,36.5500,100
35286798789905,09:48:06.798,36.5500,100
35286798791040,09:48:06.798,36.5500,46
35286798882095,09:48:06.798,36.5500,100
35286798882095,09:48:06.798,36.5500,100
35286798894060,09:48:06.798,36.5500,54
35286875934576,09:48:06.875,36.5300,54
35286875934576,09:48:06.875,36.5300,600
35287888191005,09:48:07.888,36.5200,100
35287893317230,09:48:07.893,36.5200,100
35287898919220,09:48:07.898,36.5200,1
35287927001581,09:48:07.927,36.5200,3
35287927028129,09:48:07.927,36.5200,196
35287927028129,09:48:07.927,36.5200,100
35287927028129,09:48:07.927,36.5200,100
35287927028129,09:48:07.927,36.5200,100
35287927028129,09:48:07.927,36.5200,100
35290030333354,09:48:10.030,36.5200,100
35290030356854,09:48:10.030,36.5200,100
35290887730084,09:48:10.887,36.5100,100
35290887730084,09:48:10.887,36.5100,100
35290887918392,09:48:10.887,36.5100,100
35290887918392,09:48:10.887,36.5100,1
35290888003644,09:48:10.888,36.5100,99
35290888003644,09:48:10.888,36.5100,1
35291081061164,09:48:11.081,36.5100,99
35291081061164,09:48:11.081,36.5100,100
35291081061164,09:48:11.081,36.5100,1
35292034187392,09:48:12.034,36.5000,300
35292034187392,09:48:12.034,36.5000,200
35292034233334,09:48:12.034,36.4900,144
35292034242993,09:48:12.034,36.4900,56
35292179624478,09:48:12.179,36.4900,200
35294648456612,09:48:14.648,36.4900,100
35295644564778,09:48:15.644,36.5000,100
35295644564778,09:48:15.644,36.5000,100
35296016477020,09:48:16.016,36.5100,100
35298088661556,09:48:18.088,36.5000,100
35300896301028,09:48:20.896,36.4900,200
35304251206187,09:48:24.251,36.5000,100
35304251206187,09:48:24.251,36.5000,100
35304251206187,09:48:24.251,36.5000,5
35316505573210,09:48:36.505,36.5000,100
35316505573210,09:48:36.505,36.5000,30
35316505573210,09:48:36.505,36.5000,70
35319561783238,09:48:39.561,36.5000,7
35321818802820,09:48:41.818,36.4900,100
35326534408074,09:48:46.534,36.4900,100
35330634707148,09:48:50.634,36.4700,100
35330634946657,09:48:50.634,36.4700,100
35330634946657,09:48:50.634,36.4700,100
35330634979849,09:48:50.634,36.4700,100
35330638390447,09:48:50.638,36.4700,100
35332349317831,09:48:52.349,36.4700,100
35336744101039,09:48:56.744,36.4800,200
35345073778249,09:49:05.073,36.4900,100
35351503573794,09:49:11.503,36.4900,10
35357880764352,09:49:17.880,36.5000,100
35357888664748,09:49:17.888,36.5100,100
35359648358065,09:49:19.648,36.5100,72
35364660014612,09:49:24.660,36.5000,100
35364660014612,09:49:24.660,36.5000,100
35364665399683,09:49:24.665,36.5000,100
35373879412311,09:49:33.879,36.4900,100
35373880030560,09:49:33.880,36.4900,100
35373880030560,09:49:33.880,36.4900,100
35373880093843,09:49:33.880,36.4900,20
35373880116083,09:49:33.880,36.4900,80
35373880119557,09:49:33.880,36.4900,100
35380172992958,09:49:40.172,36.4900,100
35380228575788,09:49:40.228,36.4800,59
35381112820787,09:49:41.112,36.4800,41
35381112820787,09:49:41.112,36.4800,59
35381112978482,09:49:41.112,36.4800,41
35381112978482,09:49:41.112,36.4800,100
35384007889952,09:49:44.007,36.4700,100
35384008510827,09:49:44.008,36.4700,100
35384008510827,09:49:44.008,36.4700,100
35384008537424,09:49:44.008,36.4700,100
35384008537424,09:49:44.008,36.4700,100
35384008950089,09:49:44.008,36.4800,100
35384008950089,09:49:44.008,36.4800,100
35386309098600,09:49:46.309,36.4800,100
35386309098600,09:49:46.309,36.4800,100
35386319983094,09:49:46.319,36.4800,100
35386319983094,09:49:46.319,36.4800,100
35386319983094,09:49:46.319,36.4800,100
35386320588789,09:49:46.320,36.4900,100
35390069315706,09:49:50.069,36.4900,100
35390069315706,09:49:50.069,36.4900,31
35390069315706,09:49:50.069,36.4900,6
35390069315706,09:49:50.069,36.4900,4
35393853667629,09:49:53.853,36.4800,100
35402530105881,09:50:02.530,36.4700,35
35405029014048,09:50:05.029,36.4700,100
35406115380868,09:50:06.115,36.4700,100
35408623543106,09:50:08.623,36.4700,100
35419835997014,09:50:19.835,36.4600,100
35419835997014,09:50:19.835,36.4600,1500
35419836297450,09:50:19.836,36.4600,100
35419836297450,09:50:19.836,36.4600,100
35419844765267,09:50:19.844,36.4600,100
35419848772665,09:50:19.848,36.4600,100
35419848772665,09:50:19.848,36.4600,100
35419856868473,09:50:19.856,36.4700,100
35422178608486,09:50:22.178,36.4600,100
35422179267365,09:50:22.179,36.4600,100
35422179267365,09:50:22.179,36.4600,100
35422189427224,09:50:22.189,36.4600,100
35422189427224,09:50:22.189,36.4600,100
35423812500132,09:50:23.812,36.4600,100
35424510097257,09:50:24.510,36.4600,100
35424510097257,09:50:24.510,36.4600,100
35424754517334,09:50:24.754,36.4600,100
35424755066999,09:50:24.755,36.4600,100
35424758213375,09:50:24.758,36.4600,100
35424758213375,09:50:24.758,36.4600,100
35431584342235,09:50:31.584,36.4500,100
35431584355819,09:50:31.584,36.4500,5
35431584355819,09:50:31.584,36.4500,3
35431584355819,09:50:31.584,36.4500,192
35444121126900,09:50:44.121,36.4500,8
35445230317911,09:50:45.230,36.4400,100
35445230317911,09:50:45.230,36.4400,100
35445230317911,09:50:45.230,36.4400,100
35445235752227,09:50:45.235,36.4400,100
35445235752227,09:50:45.235,36.4400,100
35445240251846,09:50:45.240,36.4400,1
35445743262167,09:50:45.743,36.4400,99
35447757756097,09:50:47.757,36.4500,100
35447757756097,09:50:47.757,36.4500,100
35447757756097,09:50:47.757,36.4500,100
35447757756097,09:50:47.757,36.4500,100
35447769127227,09:50:47.769,36.4600,3
35447769152183,09:50:47.769,36.4550,100
35447769152183,09:50:47.769,36.4600,97
35447769568705,09:50:47.769,36.4600,69
35447770110570,09:50:47.770,36.4600,31
35447770110570,09:50:47.770,36.4600,69
35447770536526,09:50:47.770,36.4600,100
35447811617790,09:50:47.811,36.4600,100
35447811617790,09:50:47.811,36.4600,700
35447811617790,09:50:47.811,36.4500,100
35447811617790,09:50:47.811,36.4500,100
35447811617790,09:50:47.811,36.4500,100
35447811617790,09:50:47.811,36.4500,100
35447811617790,09:50:47.811,36.4500,200
35447835459904,09:50:47.835,36.4500,4
35450247454867,09:50:50.247,36.4300,11
35450247454867,09:50:50.247,36.4300,200
35450418735414,09:50:50.418,36.4300,17
35455025291422,09:50:55.025,36.4200,100
35455025291422,09:50:55.025,36.4200,100
35455048231775,09:50:55.048,36.4200,100
35457463356125,09:50:57.463,36.4200,100
35458940374625,09:50:58.940,36.4100,100
35458940379556,09:50:58.940,36.4100,100
35458940589709,09:50:58.940,36.4100,100
35458951286793,09:50:58.951,36.4100,10
35459602558738,09:50:59.602,36.4100,90
35459602558738,09:50:59.602,36.4100,10
35460490201027,09:51:00.490,36.4100,100
35469937344935,09:51:09.937,36.4100,90
35477005471905,09:51:17.005,36.4100,100
35478919272002,09:51:18.919,36.4200,42
35478919285241,09:51:18.919,36.4200,58
35483930439131,09:51:23.930,36.4100,100
35484631117087,09:51:24.631,36.4000,93
35484631193934,09:51:24.631,36.4000,100
35484631253238,09:51:24.631,36.4000,100
35484631314662,09:51:24.631,36.4000,710
35484631345335,09:51:24.631,36.4000,497
35484640609848,09:51:24.640,36.4000,3
35493022902583,09:51:33.022,36.4000,100
35493022902583,09:51:33.022,36.4000,100
35500363571802,09:51:40.363,36.3900,100
35500654612062,09:51:40.654,36.3900,100
35500654866439,09:51:40.654,36.3900,100
35500654866439,09:51:40.654,36.3900,4
35500654866439,09:51:40.654,36.3900,100
35500665371607,09:51:40.665,36.3900,1
35500885526542,09:51:40.885,36.3900,100
35500885526542,09:51:40.885,36.3900,81
35500885556969,09:51:40.885,36.3900,181
35501161322559,09:51:41.161,36.3900,100
35501161322559,09:51:41.161,36.3900,100
35501161322559,09:51:41.161,36.3900,100
35502333532625,09:51:42.333,36.3900,19
35502333532625,09:51:42.333,36.3900,100
35506096674634,09:51:46.096,36.3800,200
35511605717340,09:51:51.605,36.3900,100
35513174907845,09:51:53.174,36.3950,200
35525523967725,09:52:05.523,36.4000,98
35525523992722,09:52:05.523,36.3950,102
35525524177242,09:52:05.524,36.3950,181
35525524184367,09:52:05.524,36.3950,17
35525524184367,09:52:05.524,36.4000,2
35525524189232,09:52:05.524,36.4000,100
35525526048494,09:52:05.526,36.4000,100
35525526048494,09:52:05.526,36.4000,100
35525526048494,09:52:05.526,36.4000,100
35525526048494,09:52:05.526,36.4000,100
35525526048494,09:52:05.526,36.4000,100
35526101674445,09:52:06.101,36.4000,1
35529924660396,09:52:09.924,36.3900,31
35529924660396,09:52:09.924,36.3900,97
35533019270020,09:52:13.019,36.3950,100
35534289618510,09:52:14.289,36.3900,3
35542198083239,09:52:22.198,36.3900,100
35542233954042,09:52:22.233,36.3900,100
35542932788692,09:52:22.932,36.3800,95
35542932973177,09:52:22.932,36.3800,205
35542933062282,09:52:22.933,36.3800,300
35546622743513,09:52:26.622,36.3800,100
35546622743513,09:52:26.622,36.3800,300
35554178309232,09:52:34.178,36.3800,79
35555024153117,09:52:35.024,36.3850,100
35557557178624,09:52:37.557,36.3850,100
35563667438572,09:52:43.667,36.3850,100
35563667438572,09:52:43.667,36.3900,24
35573932151951,09:52:53.932,36.3800,21
35573932151951,09:52:53.932,36.3800,79
35573932178773,09:52:53.932,36.3800,221
35573932178773,09:52:53.932,36.3800,33
35573932610874,09:52:53.932,36.3800,100
35573932610874,09:52:53.932,36.3800,100
35573932610874,09:52:53.932,36.3800,90
35573937338033,09:52:53.937,36.3800,200
35573937412473,09:52:53.937,36.3800,100
35573941824774,09:52:53.941,36.3800,4
35573945632612,09:52:53.945,36.3800,196
35573945632612,09:52:53.945,36.3800,100
35573945632612,09:52:53.945,36.3800,4
35573992729940,09:52:53.992,36.3800,96
35573992729940,09:52:53.992,36.3800,100
35585038414855,09:53:05.038,36.3700,100
35585038440098,09:53:05.038,36.3700,100
35585038440098,09:53:05.038,36.3700,200
35585038440098,09:53:05.038,36.3700,100
35585039818544,09:53:05.039,36.3700,100
35585039818544,09:53:05.039,36.3700,100
35585067300243,09:53:05.067,36.3700,200
35588514984972,09:53:08.514,36.3700,100
35588514984972,09:53:08.514,36.3700,100
35592137975267,09:53:12.137,36.3700,100
35592423360779,09:53:12.423,36.3600,200
35592423360779,09:53:12.423,36.3600,100
35592423360779,09:53:12.423,36.3600,100
35592423627645,09:53:12.423,36.3600,80
35592440096525,09:53:12.440,36.3600,4
35593457391330,09:53:13.457,36.3600,20
35593457391330,09:53:13.457,36.3600,100
35593457391330,09:53:13.457,36.3600,100
35594450333650,09:53:14.450,36.3500,100
35594450333650,09:53:14.450,36.3500,200
35594450333650,09:53:14.450,36.3500,1
35596073147627,09:53:16.073,36.3300,100
35597638256894,09:53:17.638,36.3200,100
35605950426351,09:53:25.950,36.3200,25
35612446430222,09:53:32.446,36.3100,410
35612446435089,09:53:32.446,36.3100,90
35615934741281,09:53:35.934,36.3000,100
35616089526455,09:53:36.089,36.3100,3
35616101543837,09:53:36.101,36.3000,1
35617660083590,09:53:37.660,36.3100,100
35617660091842,09:53:37.660,36.3100,100
35617660108977,09:53:37.660,36.3100,41
35617660108977,09:53:37.660,36.3100,100
35617660487877,09:53:37.660,36.3100,100
35617713576436,09:53:37.713,36.3100,100
35617713576436,09:53:37.713,36.3100,100
35617713576436,09:53:37.713,36.3100,100
35617713576436,09:53:37.713,36.3100,100
35617713576436,09:53:37.713,36.3100,100
35618987434949,09:53:38.987,36.3100,100
35618987434949,09:53:38.987,36.3100,100
35620821425179,09:53:40.821,36.3100,100
35623667858746,09:53:43.667,36.3100,200
35623667858746,09:53:43.667,36.3200,100
35623667887118,09:53:43.667,36.3200,100
35624213967795,09:53:44.213,36.3200,1500
35624213967795,09:53:44.213,36.3200,100
35624213967795,09:53:44.213,36.3200,100
35624784373661,09:53:44.784,36.3200,100
35624784373661,09:53:44.784,36.3200,100
35624784373661,09:53:44.784,36.3200,100
35625199559142,09:53:45.199,36.3200,100
35625199559142,09:53:45.199,36.3200,100
35632374047257,09:53:52.374,36.3200,100
35632374047257,09:53:52.374,36.3200,100
35632374047257,09:53:52.374,36.3200,100
35634459024647,09:53:54.459,36.3300,907
35634459051630,09:53:54.459,36.3300,493
35634459051630,09:53:54.459,36.3300,100
35636485636135,09:53:56.485,36.3400,100
35643271673732,09:54:03.271,36.3400,100
35643271673732,09:54:03.271,36.3400,100
35643271673732,09:54:03.271,36.3400,36
35644981361596,09:54:04.981,36.3500,200
35644981361596,09:54:04.981,36.3500,500
35644981386792,09:54:04.981,36.3500,104
35644981386792,09:54:04.981,36.3500,100
35648158086388,09:54:08.158,36.3500,200
35648158086388,09:54:08.158,36.3500,100
35648158086388,09:54:08.158,36.3500,200
35648158086388,09:54:08.158,36.3500,100
35649790293915,09:54:09.790,36.3450,200
35660698919965,09:54:20.698,36.3450,100
35661642032956,09:54:21.642,36.3400,100
35661642032956,09:54:21.642,36.3400,100
35661642032956,09:54:21.642,36.3400,34
35661642032956,09:54:21.642,36.3400,66
35661642060513,09:54:21.642,36.3400,34
35661642121008,09:54:21.642,36.3400,100
35661642121008,09:54:21.642,36.3400,100
35661642345291,09:54:21.642,36.3400,100
35661642444936,09:54:21.642,36.3400,100
35661650713826,09:54:21.650,36.3300,200
35661650713826,09:54:21.650,36.3300,3
35661650713826,09:54:21.650,36.3300,100
35661652627904,09:54:21.652,36.3400,1
35661661186342,09:54:21.661,36.3400,2
35662472127677,09:54:22.472,36.3300,100
35663144845811,09:54:23.144,36.3300,100
35666578829083,09:54:26.578,36.3400,189
35666587075337,09:54:26.587,36.3400,200
35666587075337,09:54:26.587,36.3400,100
35666587075337,09:54:26.587,36.3400,500
35666968344642,09:54:26.968,36.3500,2
35672476079486,09:54:32.476,36.3500,98
35672476079486,09:54:32.476,36.3500,2
35672476134356,09:54:32.476,36.3500,98
35672476134356,09:54:32.476,36.3500,100
35675346003745,09:54:35.346,36.3500,100
35675346003745,09:54:35.346,36.3500,100
35675362599381,09:54:35.362,36.3400,200
35675362629993,09:54:35.362,36.3400,511
35685161694727,09:54:45.161,36.3400,100
35685161694727,09:54:45.161,36.3400,100
35685161694727,09:54:45.161,36.3400,100
35685161694727,09:54:45.161,36.3400,100
35685161694727,09:54:45.161,36.3400,100
35685799266556,09:54:45.799,36.3400,100
35685799266556,09:54:45.799,36.3400,100
35685799266556,09:54:45.799,36.3400,100
35685799266556,09:54:45.799,36.3400,100
35692004268052,09:54:52.004,36.3500,100
35692380529448,09:54:52.380,36.3500,100
35692380529448,09:54:52.380,36.3500,100
35692380529448,09:54:52.380,36.3500,100
35692380529448,09:54:52.380,36.3500,200
35692392779488,09:54:52.392,36.3500,5
35702004197185,09:55:02.004,36.3500,100
35702004197185,09:55:02.004,36.3500,100
35702004197185,09:55:02.004,36.3500,100
35702004833422,09:55:02.004,36.3500,100
35702004833422,09:55:02.004,36.3500,200
35702004833422,09:55:02.004,36.3500,100
35702004833422,09:55:02.004,36.3500,77
35702273955864,09:55:02.273,36.3400,100
35702273955864,09:55:02.273,36.3400,1
35702273955864,09:55:02.273,36.3400,100
35702274059900,09:55:02.274,36.3400,100
35702274266190,09:55:02.274,36.3400,100
35706466184651,09:55:06.466,36.3300,100
35706466184651,09:55:06.466,36.3300,100
35706466184651,09:55:06.466,36.3300,95
35706466417722,09:55:06.466,36.3300,100
35706466417722,09:55:06.466,36.3300,10
35706466444524,09:55:06.466,36.3300,90
35706475221985,09:55:06.475,36.3300,1
35706485207517,09:55:06.485,36.3300,1
35706721170462,09:55:06.721,36.3300,100
35706721170462,09:55:06.721,36.3300,100
35708041136149,09:55:08.041,36.3200,100
35708041136149,09:55:08.041,36.3200,100
35742156077645,09:55:42.156,36.3200,100
35742156077645,09:55:42.156,36.3200,100
35742156077645,09:55:42.156,36.3200,100
35742156112047,09:55:42.156,36.3200,1
35742156112047,09:55:42.156,36.3200,3
35742156125009,09:55:42.156,36.3200,100
35742156128084,09:55:42.156,36.3200,4
35742156307836,09:55:42.156,36.3200,100
35742156313735,09:55:42.156,36.3200,7
35742156331258,09:55:42.156,36.3200,7
35742156331829,09:55:42.156,36.3200,7
35742156346883,09:55:42.156,36.3200,53
35742156374076,09:55:42.156,36.3200,22
35744773259736,09:55:44.773,36.3000,100
35744773464780,09:55:44.773,36.3000,100
35744773852197,09:55:44.773,36.3000,100
35744773852197,09:55:44.773,36.3000,100
35745712813695,09:55:45.712,36.2900,25
35745712813695,09:55:45.712,36.2900,100
35745712932629,09:55:45.712,36.2900,100
35745712932629,09:55:45.712,36.2900,25
35745712959148,09:55:45.712,36.2900,75
35747593259907,09:55:47.593,36.2700,100
35747593259907,09:55:47.593,36.2700,1
35747593398939,09:55:47.593,36.2700,100
35747593398939,09:55:47.593,36.2700,100
35747594042418,09:55:47.594,36.2700,100
35747594042418,09:55:47.594,36.2700,100
35747594042418,09:55:47.594,36.2700,9
35747594049709,09:55:47.594,36.2700,91
35747594049709,09:55:47.594,36.2700,114
35747594052911,09:55:47.594,36.2700,300
35747594062399,09:55:47.594,36.2700,150
35747594183883,09:55:47.594,36.2700,185
35747603463932,09:55:47.603,36.2700,3
35748199030020,09:55:48.199,36.2700,100
35749713846292,09:55:49.713,36.2600,200
35749713846292,09:55:49.713,36.2600,100
35749820500364,09:55:49.820,36.2600,100
35749820500364,09:55:49.820,36.2600,100
35750712774171,09:55:50.712,36.2600,100
35752604225605,09:55:52.604,36.2600,100
35753021042692,09:55:53.021,36.2600,100
35754005603458,09:55:54.005,36.2400,46
35754276121410,09:55:54.276,36.2400,100
35755149705414,09:55:55.149,36.2400,400
35755149935673,09:55:55.149,36.2400,54
35755658880884,09:55:55.658,36.2400,100
35758536506807,09:55:58.536,36.2400,200
35758536506807,09:55:58.536,36.2400,100
35758536506807,09:55:58.536,36.2400,100
35761476698624,09:56:01.476,36.2400,100
35761476698624,09:56:01.476,36.2400,100
35768122648640,09:56:08.122,36.2300,100
35768122648640,09:56:08.122,36.2300,2
35772371178380,09:56:12.371,36.2200,100
35772720378486,09:56:12.720,36.2200,100
35772720378486,09:56:12.720,36.2200,100
35772720378486,09:56:12.720,36.2100,600
35772720378486,09:56:12.720,36.2100,100
35772720378486,09:56:12.720,36.2100,200
35772720378486,09:56:12.720,36.2100,100
35772720378486,09:56:12.720,36.2100,200
35772720536297,09:56:12.720,36.2200,100
35772720937490,09:56:12.720,36.2100,100
35772721482532,09:56:12.721,36.2100,100
35772721482532,09:56:12.721,36.2100,100
35772721482532,09:56:12.721,36.2100,100
35772721482532,09:56:12.721,36.2100,100
35772721482532,09:56:12.721,36.2100,87
35774779501885,09:56:14.779,36.2100,1
35775473438416,09:56:15.473,36.2200,10
35777020330071,09:56:17.020,36.2300,99
35777273928496,09:56:17.273,36.2300,820
35777273953074,09:56:17.273,36.2300,181
35777273953074,09:56:17.273,36.2300,100
35777273953074,09:56:17.273,36.2300,100
35777531639131,09:56:17.531,36.2300,100
35777531639131,09:56:17.531,36.2300,100
35777531639131,09:56:17.531,36.2300,100
35777531639131,09:56:17.531,36.2300,100
35780272442163,09:56:20.272,36.2300,100
35789828354790,09:56:29.828,36.2300,100
35792252451029,09:56:32.252,36.2200,200
35804872783808,09:56:44.872,36.2400,100
35804872783808,09:56:44.872,36.2400,100
35805700440343,09:56:45.700,36.2500,101
35805700475167,09:56:45.700,36.2500,99
35805700475167,09:56:45.700,36.2500,5
35805702700002,09:56:45.702,36.2600,44
35811830810464,09:56:51.830,36.2600,3
35819005179039,09:56:59.005,36.2600,100
35820755810323,09:57:00.755,36.2600,31
35821302400075,09:57:01.302,36.2600,100
35821302801745,09:57:01.302,36.2600,37
35835005331633,09:57:15.005,36.2700,100
35835005414273,09:57:15.005,36.2700,100
35835123296360,09:57:15.123,36.2800,100
35836676134150,09:57:16.676,36.2900,100
35839526332124,09:57:19.526,36.2700,4
35839526332124,09:57:19.526,36.2700,100
35850713124586,09:57:30.713,36.2600,26
35850713780649,09:57:30.713,36.2600,74
35852788204656,09:57:32.788,36.2500,144
35861195143718,09:57:41.195,36.2700,100
35861195143718,09:57:41.195,36.2700,100
35863112614801,09:57:43.112,36.2500,100
35863112640975,09:57:43.112,36.2500,1256
35869577396332,09:57:49.577,36.2300,300
35869582052939,09:57:49.582,36.2300,100
35869582052939,09:57:49.582,36.2300,100
35869582052939,09:57:49.582,36.2300,100
35869582052939,09:57:49.582,36.2300,100
35869582052939,09:57:49.582,36.2300,100
35869870960298,09:57:49.870,36.2300,100
35869870960298,09:57:49.870,36.2300,22
35869870960298,09:57:49.870,36.2300,19
35869871024310,09:57:49.871,36.2300,81
35871550699012,09:57:51.550,36.2200,100
35871550742711,09:57:51.550,36.2200,100
35871550768156,09:57:51.550,36.2200,100
35871551817088,09:57:51.551,36.2200,100
35871552131812,09:57:51.552,36.2200,100
35871552498550,09:57:51.552,36.2200,100
35871552530466,09:57:51.552,36.2200,100
35871552530466,09:57:51.552,36.2200,100
35871552530466,09:57:51.552,36.2200,100
35871552530466,09:57:51.552,36.2200,100
35871858230889,09:57:51.858,36.2200,100
35871858230889,09:57:51.858,36.2200,100
35871858230889,09:57:51.858,36.2200,100
35874151990827,09:57:54.151,36.2300,100
35874151990827,09:57:54.151,36.2300,42
35876986266764,09:57:56.986,36.2400,100
35889748314732,09:58:09.748,36.2500,200
35889748314732,09:58:09.748,36.2500,15
35890672801035,09:58:10.672,36.2400,100
35890881696110,09:58:10.881,36.2400,100
35890881696110,09:58:10.881,36.2400,100
35891535050308,09:58:11.535,36.2400,100
35892567417066,09:58:12.567,36.2400,100
35899678879081,09:58:19.678,36.2300,100
35899678879081,09:58:19.678,36.2300,200
35902181028113,09:58:22.181,36.2300,100
35913346605371,09:58:33.346,36.2500,100
35928736810508,09:58:48.736,36.2500,100
35928736836055,09:58:48.736,36.2500,61
35928737234520,09:58:48.737,36.2500,100
35929198138585,09:58:49.198,36.2400,100
35930070581333,09:58:50.070,36.2300,100
35930070581333,09:58:50.070,36.2300,351
35939020491543,09:58:59.020,36.2300,100
35939020491543,09:58:59.020,36.2300,36
35939698809955,09:58:59.698,36.2300,100
35940291553395,09:59:00.291,36.2300,13
35944473624725,09:59:04.473,36.2400,100
35944476495333,09:59:04.476,36.2500,100
35944476698588,09:59:04.476,36.2500,100
35944476698588,09:59:04.476,36.2500,100
35944476698588,09:59:04.476,36.2500,28
35944476717811,09:59:04.476,36.2500,72
35944476717811,09:59:04.476,36.2500,28
35944476725398,09:59:04.476,36.2500,72
35952925676566,09:59:12.925,36.2600,8
35954764074305,09:59:14.764,36.2600,92
35964751232587,09:59:24.751,36.2700,100
35967229061308,09:59:27.229,36.2500,3
35973245760383,09:59:33.245,36.2500,97
35973245760383,09:59:33.245,36.2500,100
35973245760383,09:59:33.245,36.2500,67
35976929140170,09:59:36.929,36.2500,33
35976929140170,09:59:36.929,36.2500,95
35976929166757,09:59:36.929,36.2500,5
35976929182538,09:59:36.929,36.2500,5
35976929474654,09:59:36.929,36.2500,95
35991329662231,09:59:51.329,36.2500,100
35991329662231,09:59:51.329,36.2500,100
35991329662231,09:59:51.329,36.2500,64
35991329707251,09:59:51.329,36.2500,36
35991329707251,09:59:51.329,36.2500,186
35991329741383,09:59:51.329,36.2500,14
35991336865979,09:59:51.336,36.2500,14
35991336865979,09:59:51.336,36.2500,86
35991337851702,09:59:51.337,36.2500,14
35991337851702,09:59:51.337,36.2500,86
35997505822209,09:59:57.505,36.2400,100
35997505822209,09:59:57.505,36.2400,100
35997506075718,09:59:57.506,36.2400,100
35997506075718,09:59:57.506,36.2400,100
35997517608965,09:59:57.517,36.2400,5
35999864972960,09:59:59.864,36.2400,95
35999886452834,09:59:59.886,36.2300,100
35999886478301,09:59:59.886,36.2300,100
36002073317884,10:00:02.073,36.2200,100
36003736822302,10:00:03.736,36.2100,200
36003736822302,10:00:03.736,36.2100,100
36007124204501,10:00:07.124,36.2100,100
36007573699860,10:00:07.573,36.2000,200
36007573699860,10:00:07.573,36.2000,100
36007573699860,10:00:07.573,36.2000,4
36007573699860,10:00:07.573,36.2000,196
36007573737812,10:00:07.573,36.2000,4
36010865155602,10:00:10.865,36.2000,100
36010865178863,10:00:10.865,36.2000,25
36010865809863,10:00:10.865,36.2000,175
36010865809863,10:00:10.865,36.2000,100
36010865809863,10:00:10.865,36.2000,25
36019285002194,10:00:19.285,36.2000,100
36019285366224,10:00:19.285,36.2000,73
36019285413084,10:00:19.285,36.2000,27
36019285413084,10:00:19.285,36.2000,73
36019285414774,10:00:19.285,36.2000,27
36019285436644,10:00:19.285,36.2100,100
36019285436644,10:00:19.285,36.2100,152
36019285448145,10:00:19.285,36.2100,161
36019285449574,10:00:19.285,36.2100,87
36019285449574,10:00:19.285,36.2100,63
36019285450419,10:00:19.285,36.2100,37
36019286143002,10:00:19.286,36.2100,100
36019286143002,10:00:19.286,36.2100,100
36019286143002,10:00:19.286,36.2100,100
36020025179705,10:00:20.025,36.2100,100
36020041249156,10:00:20.041,36.2100,113
36020286463105,10:00:20.286,36.2100,100
36029673541926,10:00:29.673,36.2200,100
36038190620912,10:00:38.190,36.2300,20
36038190651529,10:00:38.190,36.2300,80
36038692671368,10:00:38.692,36.2400,100
36052170320169,10:00:52.170,36.2300,100
36052170320169,10:00:52.170,36.2300,100
36052239610779,10:00:52.239,36.2300,100
36055004607034,10:00:55.004,36.2300,100
36060374238370,10:01:00.374,36.2200,100
36060374238370,10:01:00.374,36.2200,100
36061016577370,10:01:01.016,36.2100,300
36061016603655,10:01:01.016,36.2100,987
36061016603655,10:01:01.016,36.2100,200
36061016617585,10:01:01.016,36.2100,100
36061503313398,10:01:01.503,36.2000,100
36061503313398,10:01:01.503,36.2000,100
36061503411121,10:01:01.503,36.2000,56
36061503421955,10:01:01.503,36.2000,44
36061503421955,10:01:01.503,36.2000,51
36066225605495,10:01:06.225,36.2100,100
36066225605495,10:01:06.225,36.2100,100
36066226899588,10:01:06.226,36.2200,200
36066226899588,10:01:06.226,36.2200,100
36068414941585,10:01:08.414,36.2200,200
36068414941585,10:01:08.414,36.2200,100
36069322646898,10:01:09.322,36.2200,100
36069322646898,10:01:09.322,36.2200,100
36069322646898,10:01:09.322,36.2200,100
36069323615326,10:01:09.323,36.2200,200
36069323615326,10:01:09.323,36.2200,100
36070026874636,10:01:10.026,36.2300,100
36070026874636,10:01:10.026,36.2300,100
36071027824388,10:01:11.027,36.2300,100
36074325155490,10:01:14.325,36.2300,100
36097004732118,10:01:37.004,36.2700,140
36097026654527,10:01:37.026,36.2700,100
36097026654527,10:01:37.026,36.2700,100
36097026654527,10:01:37.026,36.2700,100
36097026654527,10:01:37.026,36.2700,100
36097026654527,10:01:37.026,36.2700,55
36098963305336,10:01:38.963,36.2800,100
36099179294669,10:01:39.179,36.2800,100
36099179294669,10:01:39.179,36.2800,100
36099179294669,10:01:39.179,36.2800,100
36103299368541,10:01:43.299,36.2700,100
36103658296683,10:01:43.658,36.2700,100
36103658296683,10:01:43.658,36.2700,100
36109066226390,10:01:49.066,36.2600,100
36112025444868,10:01:52.025,36.2800,100
36112036118574,10:01:52.036,36.2800,100
36113026441983,10:01:53.026,36.2800,100
36122516107629,10:02:02.516,36.2800,100
36122516107629,10:02:02.516,36.2800,200
36137096140217,10:02:17.096,36.2800,100
36137096140217,10:02:17.096,36.2800,100
36137096140217,10:02:17.096,36.2800,2
36137096140217,10:02:17.096,36.2800,100
36137110256728,10:02:17.110,36.2800,10
36141202052046,10:02:21.202,36.2800,90
36141202052046,10:02:21.202,36.2800,10
36143886817217,10:02:23.886,36.2800,73
36143887264554,10:02:23.887,36.2800,17
36143887264554,10:02:23.887,36.2700,100
36143887264554,10:02:23.887,36.2700,100
36154612209573,10:02:34.612,36.2600,100
36154612493715,10:02:34.612,36.2600,100
36154908788314,10:02:34.908,36.2500,100
36160023547406,10:02:40.023,36.2400,8
36160023547406,10:02:40.023,36.2400,92
36160023574463,10:02:40.023,36.2400,8
36166649678045,10:02:46.649,36.2300,94
36166649685053,10:02:46.649,36.2300,6
36166649685053,10:02:46.649,36.2300,88
36166649782511,10:02:46.649,36.2300,12
36166649782511,10:02:46.649,36.2300,94
36166649865395,10:02:46.649,36.2300,200
36166650913505,10:02:46.650,36.2300,6
36166652427063,10:02:46.652,36.2300,100
36166686632467,10:02:46.686,36.2200,100
36166687600156,10:02:46.687,36.2200,200
36168800133328,10:02:48.800,36.2100,100
36168800161495,10:02:48.800,36.2100,100
36169098288015,10:02:49.098,36.2100,100
36169368732533,10:02:49.368,36.2100,100
36169368732533,10:02:49.368,36.2100,100
36169369341275,10:02:49.369,36.2100,36
36172892820782,10:02:52.892,36.2300,100
36178230752669,10:02:58.230,36.2300,11
36178231130020,10:02:58.231,36.2300,1
36179943142465,10:02:59.943,36.2300,24
36183624841912,10:03:03.624,36.2100,100
36183624841912,10:03:03.624,36.2100,76
36183624893252,10:03:03.624,36.2100,24
36186860462847,10:03:06.860,36.2100,100
36187036922365,10:03:07.036,36.2100,2
36188154032602,10:03:08.154,36.2100,98
36195904588512,10:03:15.904,36.2000,100
36195904666440,10:03:15.904,36.2000,100
36195904720332,10:03:15.904,36.2000,100
36201203207674,10:03:21.203,36.2050,300
36208438916708,10:03:28.438,36.2050,100
36215006204595,10:03:35.006,36.2000,100
36216875294215,10:03:36.875,36.2050,100
36216875300616,10:03:36.875,36.2050,102
36216875300616,10:03:36.875,36.2100,198
36216875307726,10:03:36.875,36.2100,2
36216875307726,10:03:36.875,36.2100,78
36216875312191,10:03:36.875,36.2100,22
36216875312191,10:03:36.875,36.2100,75
36216875353415,10:03:36.875,36.2100,25
36217514818592,10:03:37.514,36.2150,100
36217514818592,10:03:37.514,36.2200,100
36217514818592,10:03:37.514,36.2200,300
36218064470965,10:03:38.064,36.2200,100
36218888521587,10:03:38.888,36.2200,700
36218888546468,10:03:38.888,36.2200,100
36218888546468,10:03:38.888,36.2200,100
36223136151359,10:03:43.136,36.2200,75
36230405623676,10:03:50.405,36.2200,100
36230802620748,10:03:50.802,36.2100,100
36230802620748,10:03:50.802,36.2100,100
36230889841902,10:03:50.889,36.2100,100
36230889841902,10:03:50.889,36.2100,100
36230889841902,10:03:50.889,36.2100,100
36230889841902,10:03:50.889,36.2100,100
36230889841902,10:03:50.889,36.2100,100
36231904161690,10:03:51.904,36.2000,100
36231904161690,10:03:51.904,36.2000,122
36231947244397,10:03:51.947,36.2000,178
36231947244397,10:03:51.947,36.2000,200
36233413602893,10:03:53.413,36.2000,100
36233413602893,10:03:53.413,36.2000,122
36233413634673,10:03:53.413,36.2000,78
36233413634673,10:03:53.413,36.2000,300
36233788998860,10:03:53.788,36.2000,100
36233803600523,10:03:53.803,36.2000,100
36235498882315,10:03:55.498,36.2050,200
36236551810917,10:03:56.551,36.2100,200
36237723562086,10:03:57.723,36.2100,100
36237723562086,10:03:57.723,36.2100,100
36237723562086,10:03:57.723,36.2100,100
36237724092173,10:03:57.724,36.2100,100
36237724092173,10:03:57.724,36.2100,65
36237724175101,10:03:57.724,36.2100,100
36237724299920,10:03:57.724,36.2100,100
36237724488756,10:03:57.724,36.2100,100
36237724764842,10:03:57.724,36.2100,35
36237724764842,10:03:57.724,36.2100,15
36237724764842,10:03:57.724,36.2100,50
36238164920300,10:03:58.164,36.2100,100
36238164920300,10:03:58.164,36.2100,100
36239936929848,10:03:59.936,36.2200,100
36239936929848,10:03:59.936,36.2200,100
36250891569532,10:04:10.891,36.2300,100
36250891569532,10:04:10.891,36.2300,100
36250891569532,10:04:10.891,36.2300,100
36277849385296,10:04:37.849,36.2400,100
36278880102984,10:04:38.880,36.2300,100
36278880128629,10:04:38.880,36.2300,100
36278880128629,10:04:38.880,36.2300,100
36278880128629,10:04:38.880,36.2300,1
36278880145739,10:04:38.880,36.2300,153
36278880151869,10:04:38.880,36.2300,147
36279765033317,10:04:39.765,36.2200,100
36279765057406,10:04:39.765,36.2200,100
36279765062232,10:04:39.765,36.2200,100
36279765137636,10:04:39.765,36.2200,100
36279765799072,10:04:39.765,36.2200,100
36284910997717,10:04:44.910,36.2000,100
36284911951492,10:04:44.911,36.2000,100
36284911951492,10:04:44.911,36.2000,100
36284911951492,10:04:44.911,36.2000,100
36284911951492,10:04:44.911,36.2000,100
36284911951492,10:04:44.911,36.2000,100
36284911951492,10:04:44.911,36.2000,100
36285770281212,10:04:45.770,36.2100,100
36285770283873,10:04:45.770,36.2100,100
36285770319089,10:04:45.770,36.2100,100
36287015217963,10:04:47.015,36.2200,100
36289815871009,10:04:49.815,36.2200,100
36291131273677,10:04:51.131,36.2100,100
36294887154263,10:04:54.887,36.2000,12
36307826151551,10:05:07.826,36.2000,188
36307826767785,10:05:07.826,36.1900,35
36307828842341,10:05:07.828,36.1900,165
36307828842341,10:05:07.828,36.1900,100
36307828842341,10:05:07.828,36.1900,100
36314917653118,10:05:14.917,36.1800,200
36314917653118,10:05:14.917,36.1800,300
36314917653118,10:05:14.917,36.1800,100
36314917653118,10:05:14.917,36.1800,100
36315128948756,10:05:15.128,36.1800,100
36316231457403,10:05:16.231,36.1800,100
36316231457403,10:05:16.231,36.1800,100
36316494470226,10:05:16.494,36.1800,100
36316494470226,10:05:16.494,36.1800,100
36316512277515,10:05:16.512,36.1800,100
36316612726828,10:05:16.612,36.1800,100
36318356631172,10:05:18.356,36.1800,100
36318356631172,10:05:18.356,36.1800,100
36320607016275,10:05:20.607,36.1800,24
36320607016275,10:05:20.607,36.1800,20
36321370934130,10:05:21.370,36.1800,100
36321370934130,10:05:21.370,36.1800,100
36321370934130,10:05:21.370,36.1800,27
36321370934130,10:05:21.370,36.1800,173
36322003472848,10:05:22.003,36.1800,27
36322010750399,10:05:22.010,36.1700,73
36331809259218,10:05:31.809,36.1900,100
36331809259218,10:05:31.809,36.1900,100
36332762216733,10:05:32.762,36.2000,72
36339281371069,10:05:39.281,36.2100,200
36344272981946,10:05:44.272,36.2200,100
36352731842610,10:05:52.731,36.2100,600
36352731842610,10:05:52.731,36.2100,100
36352731842610,10:05:52.731,36.2100,200
36366189251879,10:06:06.189,36.2200,200
36366189251879,10:06:06.189,36.2200,100
36366189251879,10:06:06.189,36.2200,100
36366189251879,10:06:06.189,36.2200,48
36366197456474,10:06:06.197,36.2400,100
36377773387305,10:06:17.773,36.2400,4
36381027711758,10:06:21.027,36.2400,555
36381027737596,10:06:21.027,36.2400,945
36381027737596,10:06:21.027,36.2400,200
36381027737596,10:06:21.027,36.2400,100
36381027737596,10:06:21.027,36.2400,1
36381281279353,10:06:21.281,36.2300,100
36381334594374,10:06:21.334,36.2300,100
36381334594374,10:06:21.334,36.2300,100
36381334594374,10:06:21.334,36.2300,100
36381384412473,10:06:21.384,36.2300,100
36386004581510,10:06:26.004,36.2300,100
36386004609105,10:06:26.004,36.2300,300
36387104482613,10:06:27.104,36.2300,12
36398886863310,10:06:38.886,36.2300,100
36404255728498,10:06:44.255,36.2500,100
36404255728498,10:06:44.255,36.2500,500
36404255728498,10:06:44.255,36.2500,300
36404442924837,10:06:44.442,36.2500,100
36404661003184,10:06:44.661,36.2400,100
36420732131956,10:07:00.732,36.2400,100
36420732131956,10:07:00.732,36.2400,100
36420732157445,10:07:00.732,36.2400,100
36420732161666,10:07:00.732,36.2400,100
36420733343110,10:07:00.733,36.2400,100
36426913892313,10:07:06.913,36.2400,100
36426913892313,10:07:06.913,36.2400,100
36426913892313,10:07:06.913,36.2400,100
36426914061496,10:07:06.914,36.2400,67
36426914113590,10:07:06.914,36.2400,25
36426914325425,10:07:06.914,36.2400,8
36426914325425,10:07:06.914,36.2400,92
36426914463559,10:07:06.914,36.2400,8
36426915470447,10:07:06.915,36.2400,25
36426917311782,10:07:06.917,36.2400,75
36428767575664,10:07:08.767,36.2300,100
36428767601991,10:07:08.767,36.2300,100
36428767601991,10:07:08.767,36.2300,100
36428767606833,10:07:08.767,36.2300,200
36452324676635,10:07:32.324,36.2300,100
36452324676635,10:07:32.324,36.2300,277
36452324676635,10:07:32.324,36.2300,100
36452324676635,10:07:32.324,36.2300,100
36452324676635,10:07:32.324,36.2300,100
36452324729722,10:07:32.324,36.2300,25
36452324761108,10:07:32.324,36.2300,75
36452324761108,10:07:32.324,36.2300,100
36452324761108,10:07:32.324,36.2300,145
36452324931606,10:07:32.324,36.2300,55
36452443250482,10:07:32.443,36.2300,29
36452443292499,10:07:32.443,36.2300,71
36452443292499,10:07:32.443,36.2300,100
36452443292499,10:07:32.443,36.2300,100
36452798207993,10:07:32.798,36.2300,100
36452798207993,10:07:32.798,36.2300,100
36453008657991,10:07:33.008,36.2300,100
36455532357922,10:07:35.532,36.2300,100
36455532738668,10:07:35.532,36.2300,100
36455852342202,10:07:35.852,36.2300,100
36455852342202,10:07:35.852,36.2300,100
36455852342202,10:07:35.852,36.2300,100
36455852342202,10:07:35.852,36.2300,100
36455852342202,10:07:35.852,36.2300,100
36455852342202,10:07:35.852,36.2300,100
36455852716158,10:07:35.852,36.2300,100
36461112548046,10:07:41.112,36.2400,100
36461112548046,10:07:41.112,36.2400,100
36461112580343,10:07:41.112,36.2400,200
36462858636217,10:07:42.858,36.2400,100
36462861941279,10:07:42.861,36.2400,100
36467764716464,10:07:47.764,36.2300,100
36467764716464,10:07:47.764,36.2300,100
36467764716464,10:07:47.764,36.2300,100
36467764716464,10:07:47.764,36.2300,100
36467764804530,10:07:47.764,36.2300,100
36467764804530,10:07:47.764,36.2300,100
36467764804530,10:07:47.764,36.2300,100
36469243722268,10:07:49.243,36.2300,100
36469243722268,10:07:49.243,36.2300,100
36478502237750,10:07:58.502,36.2300,100
36478502237750,10:07:58.502,36.2300,43
36478531778618,10:07:58.531,36.2300,100
36481547015133,10:08:01.547,36.2300,100
36481547045090,10:08:01.547,36.2300,100
36481550385304,10:08:01.550,36.2300,100
36481858303670,10:08:01.858,36.2300,100
36486319996117,10:08:06.319,36.2300,100
36496241631702,10:08:16.241,36.2300,100
36496241631702,10:08:16.241,36.2300,54
36497624306072,10:08:17.624,36.2300,100
36502186953889,10:08:22.186,36.2400,100
36502187801693,10:08:22.187,36.2500,300
36502187801693,10:08:22.187,36.2500,245
36502187801693,10:08:22.187,36.2500,300
36502197301024,10:08:22.197,36.2600,100
36502197329856,10:08:22.197,36.2600,2
36502240290576,10:08:22.240,36.2600,100
36502240327214,10:08:22.240,36.2600,100
36505950888208,10:08:25.950,36.2600,100
36505950913770,10:08:25.950,36.2600,100
36517427093775,10:08:37.427,36.2500,1
36517427093775,10:08:37.427,36.2500,37
36517427122267,10:08:37.427,36.2500,63
36517427122267,10:08:37.427,36.2500,100
36517427122267,10:08:37.427,36.2500,100
36517430385954,10:08:37.430,36.2500,100
36517430431398,10:08:37.430,36.2500,100
36517430431398,10:08:37.430,36.2500,100
36517585224079,10:08:37.585,36.2500,100
36519552120148,10:08:39.552,36.2500,100
36519552120148,10:08:39.552,36.2500,58
36519552148568,10:08:39.552,36.2500,142
36522372538624,10:08:42.372,36.2500,100
36522372538624,10:08:42.372,36.2500,100
36531170525808,10:08:51.170,36.2600,13
36531170525808,10:08:51.170,36.2600,87
36531170558127,10:08:51.170,36.2600,13
36534450203903,10:08:54.450,36.2700,100
36538456950337,10:08:58.456,36.2900,3
36538456950337,10:08:58.456,36.2900,97
36546963937263,10:09:06.963,36.2900,100
36546964080458,10:09:06.964,36.2900,100
36546964080458,10:09:06.964,36.2900,100
36546964105578,10:09:06.964,36.2900,100
36546964115708,10:09:06.964,36.2900,100
36552852117289,10:09:12.852,36.3000,100
36552852117289,10:09:12.852,36.3000,1500
36552852117289,10:09:12.852,36.3000,500
36552852183694,10:09:12.852,36.3000,900
36552852183694,10:09:12.852,36.3000,656
36552852248105,10:09:12.852,36.3000,100
36552852256194,10:09:12.852,36.3000,44
36552852256194,10:09:12.852,36.3000,100
36552852256194,10:09:12.852,36.3000,400
36552876367245,10:09:12.876,36.2900,100
36552876367245,10:09:12.876,36.2900,100
36552876367245,10:09:12.876,36.2900,100
36552876367245,10:09:12.876,36.2900,100
36553374341487,10:09:13.374,36.2900,100
36553374363185,10:09:13.374,36.2900,100
36553569692519,10:09:13.569,36.2900,100
36553571780521,10:09:13.571,36.2900,200
36560265188125,10:09:20.265,36.3000,100
36565665619414,10:09:25.665,36.3000,100
36565665630971,10:09:25.665,36.3000,100
36565665632402,10:09:25.665,36.3000,100
36569860746140,10:09:29.860,36.2900,100
36569860746140,10:09:29.860,36.2900,100
36570516139516,10:09:30.516,36.2900,64
36570516139516,10:09:30.516,36.2900,100
36574296094367,10:09:34.296,36.3100,64
36574296149822,10:09:34.296,36.3100,36
36574296693700,10:09:34.296,36.3100,200
36578971870386,10:09:38.971,36.3200,4
36582490526199,10:09:42.490,36.3200,200
36582490594169,10:09:42.490,36.3200,200
36582490594169,10:09:42.490,36.3200,100
36582490660987,10:09:42.490,36.3200,100
36588892836819,10:09:48.892,36.3300,100
36588892836819,10:09:48.892,36.3300,36
36588892869637,10:09:48.892,36.3300,64
36588892869637,10:09:48.892,36.3300,100
36589075640471,10:09:49.075,36.3300,100
36589286135525,10:09:49.286,36.3300,71
36599516366749,10:09:59.516,36.3300,100
36614266977057,10:10:14.266,36.3400,1
36614266977057,10:10:14.266,36.3400,100
36614271094796,10:10:14.271,36.3500,100
36614271158716,10:10:14.271,36.3500,30
36614272966759,10:10:14.272,36.3500,100
36614272966759,10:10:14.272,36.3500,100
36614272966759,10:10:14.272,36.3500,100
36614272994276,10:10:14.272,36.3500,100
36614273247117,10:10:14.273,36.3500,60
36614273291548,10:10:14.273,36.3500,40
36623306607553,10:10:23.306,36.3400,100
36623306607553,10:10:23.306,36.3400,100
36623306607553,10:10:23.306,36.3400,100
36623306607553,10:10:23.306,36.3400,100
36623987483046,10:10:23.987,36.3400,200
36626350640206,10:10:26.350,36.3400,72
36629171906927,10:10:29.171,36.3400,1
36639417416715,10:10:39.417,36.3400,27
36639417416715,10:10:39.417,36.3400,73
36639417449249,10:10:39.417,36.3400,27
36639417449249,10:10:39.417,36.3400,100
36639417449249,10:10:39.417,36.3400,100
36640019479715,10:10:40.019,36.3400,100
36655879964381,10:10:55.879,36.3400,100
36655879964381,10:10:55.879,36.3400,100
36655879964381,10:10:55.879,36.3400,100
36655879964381,10:10:55.879,36.3400,100
36655879964381,10:10:55.879,36.3400,100
36655879965836,10:10:55.879,36.3400,100
36655879965836,10:10:55.879,36.3400,205
36663632892894,10:11:03.632,36.3400,100
36667433136902,10:11:07.433,36.3500,100
36667433136902,10:11:07.433,36.3500,100
36667433136902,10:11:07.433,36.3500,100
36676626278314,10:11:16.626,36.3700,100
36676626304915,10:11:16.626,36.3700,100
36676631759919,10:11:16.631,36.3700,3
36676631784160,10:11:16.631,36.3700,97
36676631784160,10:11:16.631,36.3700,200
36676632945749,10:11:16.632,36.3700,100
36676632945749,10:11:16.632,36.3700,100
36676632945749,10:11:16.632,36.3700,100
36676632945749,10:11:16.632,36.3700,62
36679009726654,10:11:19.009,36.3800,100
36679009726654,10:11:19.009,36.3800,100
36679010140924,10:11:19.010,36.3800,25
36686887296898,10:11:26.887,36.3900,100
36686887676904,10:11:26.887,36.3900,100
36687262968155,10:11:27.262,36.3900,289
36687262968155,10:11:27.262,36.3900,11
36687262993772,10:11:27.262,36.3900,89
36687288607784,10:11:27.288,36.3800,6
36687288633192,10:11:27.288,36.3800,45
36687288633192,10:11:27.288,36.3800,100
36687288633192,10:11:27.288,36.3800,600
36687297595504,10:11:27.297,36.3800,1
36687307734637,10:11:27.307,36.3800,1
36687451919991,10:11:27.451,36.3800,98
36689637928837,10:11:29.637,36.3800,100
36689637928837,10:11:29.637,36.3800,100
36693143071433,10:11:33.143,36.3900,1
36694645349703,10:11:34.645,36.3900,75
36694645349703,10:11:34.645,36.3900,25
36694645386209,10:11:34.645,36.3900,75
36694646732972,10:11:34.646,36.3900,100
36694646732972,10:11:34.646,36.3900,25
36694649833859,10:11:34.649,36.3900,100
36695140911363,10:11:35.140,36.3850,200
36695140911363,10:11:35.140,36.3900,100
36695143107180,10:11:35.143,36.3900,100
36695143107180,10:11:35.143,36.3900,100
36696274780029,10:11:36.274,36.4000,100
36696274780029,10:11:36.274,36.4000,50
36697245617806,10:11:37.245,36.4100,1
36697245643099,10:11:37.245,36.4100,199
36697245643099,10:11:37.245,36.4100,100
36697245643099,10:11:37.245,36.4100,200
36697245643099,10:11:37.245,36.4100,100
36697245644594,10:11:37.245,36.4100,200
36697340746921,10:11:37.340,36.4000,200
36697340746921,10:11:37.340,36.4000,100
36700513720165,10:11:40.513,36.3900,75
36700513720165,10:11:40.513,36.3900,100
36700514019289,10:11:40.514,36.3900,88
36700514022624,10:11:40.514,36.3900,12
36700514022624,10:11:40.514,36.3900,13
36700514045143,10:11:40.514,36.3900,87
36700514045143,10:11:40.514,36.3900,25
36708689178887,10:11:48.689,36.4100,137
36708691201836,10:11:48.691,36.4100,63
36708691201836,10:11:48.691,36.4100,37
36708691506890,10:11:48.691,36.4100,63
36708691506890,10:11:48.691,36.4100,100
36708691506890,10:11:48.691,36.4100,100
36710446515650,10:11:50.446,36.4100,100
36710446559443,10:11:50.446,36.4100,100
36710446897092,10:11:50.446,36.4100,100
36710446897092,10:11:50.446,36.4100,52
36710448330900,10:11:50.448,36.4100,300
36711208524832,10:11:51.208,36.4100,100
36711409154738,10:11:51.409,36.4100,100
36711409154738,10:11:51.409,36.4100,100
36713309462615,10:11:53.309,36.4100,200
36713309490139,10:11:53.309,36.4100,100
36713309490139,10:11:53.309,36.4100,100
36713309490139,10:11:53.309,36.4100,200
36713309620840,10:11:53.309,36.4100,100
36713309640965,10:11:53.309,36.4100,100
36713315466090,10:11:53.315,36.4100,100
36713324170894,10:11:53.324,36.4100,7
36713324199117,10:11:53.324,36.4100,100
36713365654094,10:11:53.365,36.4200,100
36715006775408,10:11:55.006,36.4300,100
36715802948803,10:11:55.802,36.4300,1
36720125806967,10:12:00.125,36.4200,100
36720125813116,10:12:00.125,36.4200,100
36720125985653,10:12:00.125,36.4200,100
36720126283911,10:12:00.126,36.4200,100
36721851721744,10:12:01.851,36.4300,100
36736617281390,10:12:16.617,36.4300,100
36736617304568,10:12:16.617,36.4300,100
36736617339142,10:12:16.617,36.4300,194
36736617349077,10:12:16.617,36.4300,1006
36736617349077,10:12:16.617,36.4300,200
36736617349077,10:12:16.617,36.4300,100
36738865312090,10:12:18.865,36.4300,20
36743031007997,10:12:23.031,36.4200,100
36743031007997,10:12:23.031,36.4200,100
36743031007997,10:12:23.031,36.4200,200
36743031007997,10:12:23.031,36.4200,100
36743031617321,10:12:23.031,36.4200,100
36743031617321,10:12:23.031,36.4200,100
36743031617321,10:12:23.031,36.4200,100
36743233624189,10:12:23.233,36.4200,100
36743233624189,10:12:23.233,36.4200,100
36743715008974,10:12:23.715,36.4200,100
36743715578814,10:12:23.715,36.4200,100
36743716081147,10:12:23.716,36.4200,200
36752490593642,10:12:32.490,36.4200,200
36752491113196,10:12:32.491,36.4200,100
36752491113196,10:12:32.491,36.4200,1
36754547097538,10:12:34.547,36.4300,100
36754548486463,10:12:34.548,36.4300,2
36756480856107,10:12:36.480,36.4300,98
36756480890432,10:12:36.480,36.4300,100
36789416869445,10:13:09.416,36.4200,100
36789416869445,10:13:09.416,36.4200,400
36789416869445,10:13:09.416,36.4200,400
36789416869445,10:13:09.416,36.4200,500
36789417225248,10:13:09.417,36.4200,100
36789417225248,10:13:09.417,36.4200,200
36789417225248,10:13:09.417,36.4200,400
36789417225248,10:13:09.417,36.4200,100
36789417225248,10:13:09.417,36.4200,100
36789417264653,10:13:09.417,36.4200,100
36789417377664,10:13:09.417,36.4200,195
36789417446646,10:13:09.417,36.4200,100
36789417446646,10:13:09.417,36.4200,100
36789417446646,10:13:09.417,36.4200,100
36789417446646,10:13:09.417,36.4200,100
36789417446646,10:13:09.417,36.4200,100
36789417522959,10:13:09.417,36.4200,100
36789418402619,10:13:09.418,36.4200,196
36789418402619,10:13:09.418,36.4200,300
36789418402619,10:13:09.418,36.4200,100
36789418402619,10:13:09.418,36.4200,105
36789459853682,10:13:09.459,36.4200,100
36789460936771,10:13:09.460,36.4200,100
36796398106736,10:13:16.398,36.4250,200
36796402403374,10:13:16.402,36.4300,100
36796402403374,10:13:16.402,36.4300,100
36802732900573,10:13:22.732,36.4300,100
36817004362006,10:13:37.004,36.4400,100
36824008497688,10:13:44.008,36.4300,100
36824008497688,10:13:44.008,36.4300,100
36824008497688,10:13:44.008,36.4300,100
36824008512486,10:13:44.008,36.4300,100
36824008941533,10:13:44.008,36.4300,100
36824008941533,10:13:44.008,36.4300,100
36824008941533,10:13:44.008,36.4300,100
36824022116215,10:13:44.022,36.4300,100
36824060018099,10:13:44.060,36.4200,100
36824060018099,10:13:44.060,36.4200,100
36824060018099,10:13:44.060,36.4200,100
36824382213191,10:13:44.382,36.4200,100
36833279301408,10:13:53.279,36.4100,100
36833279301408,10:13:53.279,36.4100,100
36833279301408,10:13:53.279,36.4100,100
36833279301408,10:13:53.279,36.4100,100
36833279301408,10:13:53.279,36.4100,241
36833279301408,10:13:53.279,36.4100,176
36833279330498,10:13:53.279,36.4100,524
36833279330498,10:13:53.279,36.4100,600
36833279330498,10:13:53.279,36.4100,200
36833281086046,10:13:53.281,36.4100,100
36833281476173,10:13:53.281,36.4100,100
36833281684746,10:13:53.281,36.4100,100
36833282320992,10:13:53.282,36.4100,100
36833283218742,10:13:53.283,36.4100,100
36834861429926,10:13:54.861,36.4000,100
36834965780296,10:13:54.965,36.4000,200
36841977322614,10:14:01.977,36.3900,100
36841977322614,10:14:01.977,36.3900,100
36841977322614,10:14:01.977,36.3900,100
36841977322614,10:14:01.977,36.3900,100
36841977322614,10:14:01.977,36.3900,100
36841977322614,10:14:01.977,36.3900,100
36841977322614,10:14:01.977,36.3900,100
36841977428005,10:14:01.977,36.3900,100
36841977428005,10:14:01.977,36.3900,100
36841977428005,10:14:01.977,36.3900,100
36841977428005,10:14:01.977,36.3900,931
36841977827328,10:14:01.977,36.3900,100
36841977878147,10:14:01.977,36.3900,100
36842020693461,10:14:02.020,36.3900,100
36842020693461,10:14:02.020,36.3900,400
36849126216821,10:14:09.126,36.3900,100
36849126216821,10:14:09.126,36.3900,44
36849126216821,10:14:09.126,36.3900,1
36849126216821,10:14:09.126,36.3900,55
36858125616351,10:14:18.125,36.3900,45
36858125616351,10:14:18.125,36.3900,100
36858125616351,10:14:18.125,36.3900,55
36860605154871,10:14:20.605,36.3900,45
36860605154871,10:14:20.605,36.3900,55
36860605486970,10:14:20.605,36.3900,45
36860605486970,10:14:20.605,36.3900,100
36860605486970,10:14:20.605,36.3900,100
36865057606855,10:14:25.057,36.3800,100
36865057606855,10:14:25.057,36.3800,200
36865057606855,10:14:25.057,36.3800,100
36865094546991,10:14:25.094,36.3800,100
36866665219152,10:14:26.665,36.3700,400
36866665219152,10:14:26.665,36.3700,100
36866665641554,10:14:26.665,36.3700,100
36866716820344,10:14:26.716,36.3700,100
36868205707437,10:14:28.205,36.3600,100
36875411254683,10:14:35.411,36.3600,200
36875411254683,10:14:35.411,36.3600,400
36875411301143,10:14:35.411,36.3600,100
36881656451642,10:14:41.656,36.3600,50
36884017211535,10:14:44.017,36.3600,50
36884017211535,10:14:44.017,36.3600,100
36884017211535,10:14:44.017,36.3600,50
36885607831337,10:14:45.607,36.3600,50
36885607831337,10:14:45.607,36.3600,100
36885607831337,10:14:45.607,36.3600,100
36886068189965,10:14:46.068,36.3500,104
36886068192008,10:14:46.068,36.3500,203
36886068200157,10:14:46.068,36.3500,93
36886068200157,10:14:46.068,36.3500,100
36886068945430,10:14:46.068,36.3400,95
36886068945430,10:14:46.068,36.3400,5
36886069501367,10:14:46.069,36.3400,95
36886069501367,10:14:46.069,36.3400,5
36886080239348,10:14:46.080,36.3400,95
36886080239348,10:14:46.080,36.3400,100
36886080239348,10:14:46.080,36.3400,100
36890246200276,10:14:50.246,36.3300,100
36890246200276,10:14:50.246,36.3300,55
36890246239010,10:14:50.246,36.3300,57
36890246282774,10:14:50.246,36.3300,155
36890246652982,10:14:50.246,36.3300,33
36890246652982,10:14:50.246,36.3300,100
36890246652982,10:14:50.246,36.3300,22
36890246737259,10:14:50.246,36.3300,78
36890246737259,10:14:50.246,36.3300,77
36890256145132,10:14:50.256,36.3300,100
36890257724458,10:14:50.257,36.3300,23
36890257724458,10:14:50.257,36.3300,100
36893715086183,10:14:53.715,36.3300,100
36893715086183,10:14:53.715,36.3300,100
36893715086183,10:14:53.715,36.3300,77
36893715086183,10:14:53.715,36.3300,23
36898423633476,10:14:58.423,36.3300,100
36898423633476,10:14:58.423,36.3300,1
36898423661813,10:14:58.423,36.3300,99
36898423661813,10:14:58.423,36.3300,100
36902020661156,10:15:02.020,36.3300,100
36902647213555,10:15:02.647,36.3300,100
36902649295056,10:15:02.649,36.3200,300
36902649295056,10:15:02.649,36.3200,100
36902651733905,10:15:02.651,36.3200,100
36907393135681,10:15:07.393,36.3200,100
36907393394124,10:15:07.393,36.3200,100
36907393394124,10:15:07.393,36.3200,100
36907648807940,10:15:07.648,36.3200,100
36911310701410,10:15:11.310,36.3100,100
36911310701410,10:15:11.310,36.3100,100
36911479414921,10:15:11.479,36.3100,100
36911479414921,10:15:11.479,36.3100,100
36911479455231,10:15:11.479,36.3100,200
36917435059178,10:15:17.435,36.3100,38
36917435059178,10:15:17.435,36.3100,100
36921207935799,10:15:21.207,36.3100,27
36922912389981,10:15:22.912,36.3100,100
36933318898305,10:15:33.318,36.3000,200
36933318898305,10:15:33.318,36.3000,100
36933318898305,10:15:33.318,36.3000,100
36933318898305,10:15:33.318,36.3000,100
36933319053416,10:15:33.319,36.3000,39
36933319060186,10:15:33.319,36.3000,61
36933319060186,10:15:33.319,36.3000,100
36933319060186,10:15:33.319,36.3000,100
36933319060186,10:15:33.319,36.3000,39
36933319305247,10:15:33.319,36.3000,61
36934553415102,10:15:34.553,36.2900,100
36934553415102,10:15:34.553,36.2900,300
36934553415102,10:15:34.553,36.2900,100
36936263867467,10:15:36.263,36.2900,100
36936263867467,10:15:36.263,36.2900,100
36936263867467,10:15:36.263,36.2900,100
36936263867467,10:15:36.263,36.2900,100
36936263867467,10:15:36.263,36.2900,100
36936367469255,10:15:36.367,36.2950,200
36936367469255,10:15:36.367,36.3000,100
36936367469255,10:15:36.367,36.3000,100
36936367469255,10:15:36.367,36.3000,100
36936367469255,10:15:36.367,36.3000,800
36936367469255,10:15:36.367,36.3000,100
36936367526872,10:15:36.367,36.3000,100
36936367676133,10:15:36.367,36.3000,100
36936367676133,10:15:36.367,36.3000,1300
36938899990054,10:15:38.899,36.3100,200
36938899997484,10:15:38.899,36.3100,100
36938899997484,10:15:38.899,36.3100,49
36938900015456,10:15:38.900,36.3100,51
36940470038390,10:15:40.470,36.3200,100
36940470038390,10:15:40.470,36.3200,100
36941518862849,10:15:41.518,36.3300,6
36943970419064,10:15:43.970,36.3400,100
36943970419064,10:15:43.970,36.3400,100
36945319642809,10:15:45.319,36.3500,21
36945319684090,10:15:45.319,36.3500,20
36946801460975,10:15:46.801,36.3500,200
36948116307371,10:15:48.116,36.3500,200
36949521343237,10:15:49.521,36.3650,100
36952383933357,10:15:52.383,36.3700,100
36952383933357,10:15:52.383,36.3700,100
36953579963028,10:15:53.579,36.3700,100
36953579963028,10:15:53.579,36.3700,100
36958501840713,10:15:58.501,36.3700,100
36959006670324,10:15:59.006,36.3800,100
36959006670324,10:15:59.006,36.3800,63
36959006670324,10:15:59.006,36.3800,37
36964215091509,10:16:04.215,36.3800,200
36964215427207,10:16:04.215,36.3800,100
36964215465520,10:16:04.215,36.3800,4
36964215506951,10:16:04.215,36.3800,56
36967395140555,10:16:07.395,36.3800,100
36967395258951,10:16:07.395,36.3800,100
36968691367301,10:16:08.691,36.3800,86
36968691367301,10:16:08.691,36.3800,14
36968691427212,10:16:08.691,36.3800,86
36969010235760,10:16:09.010,36.3900,200
36970502481903,10:16:10.502,36.3900,200
36970502818630,10:16:10.502,36.3900,49
36972289875948,10:16:12.289,36.3900,51
36972289875948,10:16:12.289,36.3900,100
36972289875948,10:16:12.289,36.3900,2
36972289875948,10:16:12.289,36.3900,47
36972298625270,10:16:12.298,36.4000,200
36972299236464,10:16:12.299,36.4000,100
36978470678138,10:16:18.470,36.4100,200
36978470678138,10:16:18.470,36.4100,100
36978470678138,10:16:18.470,36.4100,181
36978682954712,10:16:18.682,36.4200,100
36980469332031,10:16:20.469,36.4200,100
36980526325129,10:16:20.526,36.4200,90
36980526349852,10:16:20.526,36.4200,10
36980526349852,10:16:20.526,36.4200,100
36980796588818,10:16:20.796,36.4200,200
36980796588818,10:16:20.796,36.4200,100
36982631653788,10:16:22.631,36.4300,100
36983333492060,10:16:23.333,36.4400,105
36985009483123,10:16:25.009,36.4400,100
36985009483123,10:16:25.009,36.4400,100
36985009483123,10:16:25.009,36.4400,100
36985858532851,10:16:25.858,36.4300,100
36985858532851,10:16:25.858,36.4300,100
36985858532851,10:16:25.858,36.4300,100
36985858532851,10:16:25.858,36.4300,100
36987384858223,10:16:27.384,36.4400,100
36995172097367,10:16:35.172,36.4500,112
36999878957842,10:16:39.878,36.4600,100
37001074989908,10:16:41.074,36.4600,200
37002394030380,10:16:42.394,36.4700,100
37002394030380,10:16:42.394,36.4700,100
37003448634997,10:16:43.448,36.4700,61
37003448634997,10:16:43.448,36.4700,100
37003448634997,10:16:43.448,36.4700,39
37004342067244,10:16:44.342,36.4600,200
37004342067244,10:16:44.342,36.4600,100
37004342195160,10:16:44.342,36.4600,200
37004592139457,10:16:44.592,36.4600,200
37005826398118,10:16:45.826,36.4600,100
37005826398118,10:16:45.826,36.4600,100
37005879606991,10:16:45.879,36.4600,100
37005938179530,10:16:45.938,36.4700,300
37006016850897,10:16:46.016,36.4800,300
37008636923712,10:16:48.636,36.4700,100
37008636951075,10:16:48.636,36.4700,100
37008636951075,10:16:48.636,36.4700,100
37008636951075,10:16:48.636,36.4700,100
37008636962059,10:16:48.636,36.4700,300
37009469268786,10:16:49.469,36.4600,100
37010550213097,10:16:50.550,36.4600,100
37010550237690,10:16:50.550,36.4600,200
37016951670087,10:16:56.951,36.4500,300
37016951670087,10:16:56.951,36.4500,200
37016951670087,10:16:56.951,36.4500,100
37016951806967,10:16:56.951,36.4500,100
37016951833605,10:16:56.951,36.4500,100
37016951894131,10:16:56.951,36.4500,100
37016951894131,10:16:56.951,36.4500,100
37016955108657,10:16:56.955,36.4400,100
37016955512011,10:16:56.955,36.4400,100
37016956249546,10:16:56.956,36.4400,96
37016956275375,10:16:56.956,36.4400,4
37016956275375,10:16:56.956,36.4400,100
37016956276295,10:16:56.956,36.4400,100
37021512308999,10:17:01.512,36.4400,100
37029966699673,10:17:09.966,36.4500,100
37029966699673,10:17:09.966,36.4500,100
