timestamp,time,price,volume
34200345317261,09:30:00.345,34.1600,100
34200703755304,09:30:00.703,0.0000,0
34400628304828,09:33:20.628,34.2700,100
34404293315282,09:33:24.293,34.2600,100
34412397057300,09:33:32.397,34.2400,100
34421291207856,09:33:41.291,34.2300,2
34441816509288,09:34:01.816,34.2300,100
34488558512054,09:34:48.558,34.2000,100
34497205511062,09:34:57.205,34.1900,100
34497205538158,09:34:57.205,34.1900,100
34501115569672,09:35:01.115,34.2100,100
34501115569672,09:35:01.115,34.2100,100
34529957548699,09:35:29.957,34.2200,100
34529957548699,09:35:29.957,34.2200,100
34530678592838,09:35:30.678,34.2100,100
34568302445212,09:36:08.302,34.2200,100
34568302445212,09:36:08.302,34.2200,300
34584052929199,09:36:24.052,34.2300,100
34609438635313,09:36:49.438,34.2200,100
34609438635313,09:36:49.438,34.2200,300
34620118170443,09:37:00.118,34.2400,100
34620899679798,09:37:00.899,34.2300,100
34621908393312,09:37:01.908,34.2300,100
34621908393312,09:37:01.908,34.2300,276
34621908420504,09:37:01.908,34.2300,24
34655528035679,09:37:35.528,34.2400,100
34662864562441,09:37:42.864,34.2500,43
34662864591577,09:37:42.864,34.2500,257
34662866237970,09:37:42.866,34.2500,143
34663403090579,09:37:43.403,34.2500,100
34663403136445,09:37:43.403,34.2500,57
34704578960205,09:38:24.578,34.3000,100
34709788479910,09:38:29.788,34.3000,100
34740808275239,09:39:00.808,34.3200,2
34751035600261,09:39:11.035,34.3200,1
34751035627232,09:39:11.035,34.3200,9
34770425839634,09:39:30.425,34.3000,100
34770425839634,09:39:30.425,34.3000,100
34846771783443,09:40:46.771,34.2900,500
34846874749997,09:40:46.874,34.2900,100
34846875291226,09:40:46.875,34.2900,108
34846875344352,09:40:46.875,34.2900,100
34846876338812,09:40:46.876,34.2900,100
34846877370396,09:40:46.877,34.2900,100
34860913963069,09:41:00.913,34.3200,100
34860913963069,09:41:00.913,34.3200,92
34860913963069,09:41:00.913,34.3200,500
34861103155929,09:41:01.103,34.3300,100
34920454210511,09:42:00.454,34.3000,100
34935681992470,09:42:15.681,34.3000,6
34935682021445,09:42:15.682,34.3000,94
34935682021445,09:42:15.682,34.3000,100
34994149568955,09:43:14.149,34.3400,1
34994149642416,09:43:14.149,34.3400,99
35021275789510,09:43:41.275,34.3300,100
35059864840943,09:44:19.864,34.3000,52
35061481615140,09:44:21.481,34.2900,100
35061481615140,09:44:21.481,34.2900,52
35077160076688,09:44:37.160,34.2900,1
35077160076688,09:44:37.160,34.2900,100
35102096167315,09:45:02.096,34.3100,1
35102096503814,09:45:02.096,34.3100,99
35105613405439,09:45:05.613,34.3100,300
35105613405439,09:45:05.613,34.3100,1000
35107425840756,09:45:07.425,34.3200,100
35108183203952,09:45:08.183,34.3200,100
35108183203952,09:45:08.183,34.3200,100
35116043869842,09:45:16.043,34.3300,100
35133059471479,09:45:33.059,34.3300,300
35133059471479,09:45:33.059,34.3300,1200
35135673120612,09:45:35.673,34.3300,100
35135673120612,09:45:35.673,34.3300,100
35139623137427,09:45:39.623,34.3300,2
35149154142134,09:45:49.154,34.3400,100
35151272079710,09:45:51.272,34.3400,100
35151272079710,09:45:51.272,34.3400,100
35152895560974,09:45:52.895,34.3400,100
35152895560974,09:45:52.895,34.3400,100
35166008146854,09:46:06.008,34.3300,100
35166138720830,09:46:06.138,34.3300,100
35166138720830,09:46:06.138,34.3300,100
35184712680929,09:46:24.712,34.3300,100
35202655259851,09:46:42.655,34.3400,100
35202655259851,09:46:42.655,34.3400,87
35202656069082,09:46:42.656,34.3400,13
35233181728970,09:47:13.181,34.3300,100
35235477401348,09:47:15.477,34.3300,100
35235477401348,09:47:15.477,34.3300,100
35242887024372,09:47:22.887,34.3300,100
35242887067516,09:47:22.887,34.3300,100
35258550573531,09:47:38.550,34.3200,100
35259779529592,09:47:39.779,34.3100,100
35262724958731,09:47:42.724,34.3100,100
35262724958731,09:47:42.724,34.3100,100
35287894218330,09:48:07.894,34.3000,100
35303286339811,09:48:23.286,34.3000,100
35303286339811,09:48:23.286,34.3000,100
35330637709101,09:48:50.637,34.2900,100
35330637719044,09:48:50.637,34.2900,100
35330639097447,09:48:50.639,34.2900,100
35331529552620,09:48:51.529,34.2800,1
35331530281071,09:48:51.530,34.2800,99
35334557731566,09:48:54.557,34.2800,100
35348698883223,09:49:08.698,34.2800,100
35349149613444,09:49:09.149,34.2800,100
35349444805733,09:49:09.444,34.2800,100
35349444805733,09:49:09.444,34.2800,100
35373129116020,09:49:33.129,34.3000,100
35373129116020,09:49:33.129,34.3000,100
35424248849791,09:50:24.248,34.3200,89
35434978390745,09:50:34.978,34.3100,19
35533759531846,09:52:13.759,34.2800,100
35533759531846,09:52:13.759,34.2800,100
35534033149378,09:52:14.033,34.2700,19
35534033223347,09:52:14.033,34.2700,19
35767228483959,09:56:07.228,34.2300,38
35767228538254,09:56:07.228,34.2300,32
35767228538254,09:56:07.228,34.2300,100
35893978319070,09:58:13.978,34.2300,1
36166647128340,10:02:46.647,34.2000,100
36166688530940,10:02:46.688,34.1900,100
36166688530940,10:02:46.688,34.1900,100
36322227486854,10:05:22.227,34.1500,100
36344096639660,10:05:44.096,34.1500,100
36406428229042,10:06:46.428,34.1500,100
36442284397656,10:07:22.284,34.1200,1
36442284425526,10:07:22.284,34.1200,99
36442284425526,10:07:22.284,34.1200,100
36454395529506,10:07:34.395,34.1100,100
36454395529506,10:07:34.395,34.1100,100
36685395576842,10:11:25.395,34.1200,100
36691247409297,10:11:31.247,34.1300,36
36708689171732,10:11:48.689,34.1400,100
36779117856555,10:12:59.117,34.1500,72
36803929759721,10:13:23.929,34.1700,100
36803930326019,10:13:23.930,34.1700,72
36814801444997,10:13:34.801,34.1800,100
36840208845235,10:14:00.208,34.1800,200
36941038351160,10:15:41.038,34.1700,1
37032940560352,10:17:12.940,34.1400,100
37032940560352,10:17:12.940,34.1400,100
37032940560352,10:17:12.940,34.1400,100
37090803123709,10:18:10.803,34.1000,1
37091886860482,10:18:11.886,34.1000,123
37140061711292,10:19:00.061,34.1100,1
37140061740703,10:19:00.061,34.1100,99
37140061740703,10:19:00.061,34.1100,100
37149699844994,10:19:09.699,34.1100,58
37149699881525,10:19:09.699,34.1100,1
37158505145558,10:19:18.505,34.1000,100
37240356006081,10:20:40.356,34.1400,100
37273299613217,10:21:13.299,34.1300,100
37314663013870,10:21:54.663,34.1400,1
37334875907488,10:22:14.875,34.1500,100
37362177899575,10:22:42.177,34.1300,100
37362177899575,10:22:42.177,34.1300,100
37447002095458,10:24:07.002,34.1200,1
37468598395266,10:24:28.598,34.1100,100
37546556628860,10:25:46.556,34.1400,200
37557459847405,10:25:57.459,34.1400,1
37574008936935,10:26:14.008,34.1300,100
37669211042217,10:27:49.211,34.1200,100
37778603549080,10:29:38.603,34.1300,57
37778603588704,10:29:38.603,34.1300,230
37795210841894,10:29:55.210,34.1200,1
37795213038598,10:29:55.213,34.1200,199
37800068875893,10:30:00.068,34.1500,200
37800068875893,10:30:00.068,34.1500,1100
37800068875893,10:30:00.068,34.1500,200
37800071208601,10:30:00.071,34.1600,100
37800071208601,10:30:00.071,34.1600,1100
37800081956796,10:30:00.081,34.1700,100
37800088167865,10:30:00.088,34.1800,100
37800089822527,10:30:00.089,34.1900,100
37800090632634,10:30:00.090,34.2000,100
37800091937492,10:30:00.091,34.2100,100
37800091978184,10:30:00.091,34.2200,19
37800092012493,10:30:00.092,34.2200,62
37800092631138,10:30:00.092,34.2200,19
37816777699290,10:30:16.777,34.1800,200
37816777724038,10:30:16.777,34.1800,324
37816777813929,10:30:16.777,34.1800,76
37817021544968,10:30:17.021,34.1800,200
37822739895747,10:30:22.739,34.1800,5
37836548909301,10:30:36.548,34.1900,500
37836700582931,10:30:36.700,34.1900,500
37842416073938,10:30:42.416,34.2000,100
37842416365053,10:30:42.416,34.2000,400
37842416365053,10:30:42.416,34.2000,300
37842417422834,10:30:42.417,34.2000,200
37842417422834,10:30:42.417,34.2000,500
37845290979441,10:30:45.290,34.2100,500
37852904286884,10:30:52.904,34.2200,81
37852904286884,10:30:52.904,34.2200,100
37852904286884,10:30:52.904,34.2200,319
37867500587012,10:31:07.500,34.2300,100
37867500843897,10:31:07.500,34.2300,400
37867500843897,10:31:07.500,34.2300,200
37867500873888,10:31:07.500,34.2300,300
37883712949950,10:31:23.712,34.2400,100
37892027838907,10:31:32.027,34.2500,187
37919472269802,10:31:59.472,34.2500,300
37919472295394,10:31:59.472,34.2500,144
37919472347128,10:31:59.472,34.2500,300
37919472514335,10:31:59.472,34.2500,300
37919472798160,10:31:59.472,34.2500,156
37921200954650,10:32:01.200,34.2500,100
37924412202688,10:32:04.412,34.2400,200
37924412227160,10:32:04.412,34.2400,157
37960023735195,10:32:40.023,34.2500,100
37999540195509,10:33:19.540,34.2500,100
38073535070882,10:34:33.535,34.2600,187
38152183881046,10:35:52.183,34.2700,64
38180764513205,10:36:20.764,34.2700,187
38253261946384,10:37:33.261,34.2400,52
38275873220131,10:37:55.873,34.2100,100
38275873220131,10:37:55.873,34.2100,20
38275873220131,10:37:55.873,34.2100,52
38277507078003,10:37:57.507,34.2100,37
38277507106246,10:37:57.507,34.2100,63
38282129056156,10:38:02.129,34.2200,100
38293810793545,10:38:13.810,34.2300,100
38293810793545,10:38:13.810,34.2300,100
38340100992824,10:39:00.100,34.2200,400
38539345727415,10:42:19.345,34.2100,277
38539345750202,10:42:19.345,34.2100,587
38539345754212,10:42:19.345,34.2100,159
39147720807989,10:52:27.720,34.1800,100
39244416531798,10:54:04.416,34.1600,287
39353771860640,10:55:53.771,34.2000,100
39362372551699,10:56:02.372,34.2000,100
39435492565486,10:57:15.492,34.2200,1
39536757872770,10:58:56.757,34.2200,287
39538105241801,10:58:58.105,34.2200,63
39608082381999,11:00:08.082,34.2500,1
39657377998966,11:00:57.377,34.2800,1
39663240923833,11:01:03.240,34.3000,100
39663486169739,11:01:03.486,34.3200,100
39663486169739,11:01:03.486,34.3200,100
39663486169739,11:01:03.486,34.3200,200
39663496119604,11:01:03.496,34.3200,100
39663496119604,11:01:03.496,34.3200,100
39663645716629,11:01:03.645,34.3200,100
39663645716629,11:01:03.645,34.3200,100
39663916210485,11:01:03.916,34.3200,100
39663916210485,11:01:03.916,34.3200,83
39663916467518,11:01:03.916,34.3200,17
39666848765887,11:01:06.848,34.3100,9
39666849882953,11:01:06.849,34.3100,1291
39684616842882,11:01:24.616,34.3200,200
39684857153404,11:01:24.857,34.3200,1
40163638202807,11:09:23.638,34.3400,100
40404393281082,11:13:24.393,34.3400,100
40404393281082,11:13:24.393,34.3400,100
40606005445617,11:16:46.005,34.3800,100
40677900609017,11:17:57.900,34.4100,100
40717500369814,11:18:37.500,34.3900,3
40772446731567,11:19:32.446,34.4000,100
40772446731567,11:19:32.446,34.4000,88
40772446777588,11:19:32.446,34.4000,12
40913120929732,11:21:53.120,34.3800,287
40924830576660,11:22:04.830,34.3800,300
40924830582265,11:22:04.830,34.3800,344
40956412614655,11:22:36.412,34.3700,588
40956412644856,11:22:36.412,34.3700,1
40956412938024,11:22:36.412,34.3700,611
40956460209130,11:22:36.460,34.3600,100
40956460237600,11:22:36.460,34.3600,2
40956460320346,11:22:36.460,34.3600,198
41105218873180,11:25:05.218,34.4100,100
41105219275198,11:25:05.219,34.4100,200
41142815353134,11:25:42.815,34.3700,100
41142815353134,11:25:42.815,34.3700,100
41246343790866,11:27:26.343,34.3500,146
41246344361543,11:27:26.344,34.3500,154
41284536015421,11:28:04.536,34.3500,100
41284536015421,11:28:04.536,34.3500,88
41290646459496,11:28:10.646,34.3500,199
41340580722543,11:29:00.580,34.3400,587
41632019832941,11:33:52.019,34.3600,100
41828751583103,11:37:08.751,34.3700,88
41860829947774,11:37:40.829,34.3800,100
41860829947774,11:37:40.829,34.3800,100
41860829947774,11:37:40.829,34.3800,100
41860829947774,11:37:40.829,34.3800,200
41860829947774,11:37:40.829,34.3800,300
41863530555145,11:37:43.530,34.3800,1499
41863530597697,11:37:43.530,34.3800,296
41863530624392,11:37:43.530,34.3800,429
41863530677188,11:37:43.530,34.3800,96
41863530677188,11:37:43.530,34.3800,200
41863530704528,11:37:43.530,34.3800,100
41981363225965,11:39:41.363,34.3600,100
42054387940507,11:40:54.387,34.3800,100
42054387940507,11:40:54.387,34.3800,1200
42074391312579,11:41:14.391,34.3800,27
42129404714602,11:42:09.404,34.3800,100
42129404714602,11:42:09.404,34.3800,100
42297757326288,11:44:57.757,34.3900,88
42297757360161,11:44:57.757,34.3900,12
42297918612401,11:44:57.918,34.3900,100
42297918612401,11:44:57.918,34.3900,1000
42363219870523,11:46:03.219,34.3800,116
42363219895014,11:46:03.219,34.3800,111
42363220210377,11:46:03.220,34.3800,60
42609565435471,11:50:09.565,34.4000,160
42609565482533,11:50:09.565,34.4000,396
42609565547438,11:50:09.565,34.4000,544
42612884773800,11:50:12.884,34.3900,100
42612884773800,11:50:12.884,34.3900,72
42612884800207,11:50:12.884,34.3900,1028
42729492754532,11:52:09.492,34.3700,100
42729492754532,11:52:09.492,34.3700,100
42731470449812,11:52:11.470,34.3600,100
42773162133525,11:52:53.162,34.3600,200
42773162133525,11:52:53.162,34.3600,100
42950711955656,11:55:50.711,34.3700,85
42950711999380,11:55:50.711,34.3700,15
42950903929398,11:55:50.903,34.3700,100
42993036450096,11:56:33.036,34.3800,200
43075532323829,11:57:55.532,34.3800,397
43075532347710,11:57:55.532,34.3800,82
43075532357305,11:57:55.532,34.3800,587
43126442248587,11:58:46.442,34.3900,100
43226608494373,12:00:26.608,34.4100,100
43226608494373,12:00:26.608,34.4100,1200
43320198521649,12:02:00.198,34.3800,100
43396853848571,12:03:16.853,34.4100,100
43417597671519,12:03:37.597,34.4100,100
43467501207058,12:04:27.501,34.4100,300
43599223919594,12:06:39.223,34.4100,100
43599223919594,12:06:39.223,34.4100,150
43633822347184,12:07:13.822,34.4000,100
43633822347184,12:07:13.822,34.4000,100
43633822347184,12:07:13.822,34.4000,100
43633822347184,12:07:13.822,34.4000,1600
43735132375852,12:08:55.132,34.4000,44
43735132405356,12:08:55.132,34.4000,56
44025404428426,12:13:45.404,34.4100,14
44058999990890,12:14:18.999,34.3800,100
44059000065227,12:14:19.000,34.3800,100
44059000119027,12:14:19.000,34.3800,100
44358760449831,12:19:18.760,34.3700,18
44379606749467,12:19:39.606,34.3700,100
44637068067683,12:23:57.068,34.3500,100
44689072226663,12:24:49.072,34.3400,200
44783388047825,12:26:23.388,34.3300,100
44863269240349,12:27:43.269,34.3400,287
44879100807455,12:27:59.100,34.3500,100
45302494037672,12:35:02.494,34.3200,100
45352121833237,12:35:52.121,34.3200,1000
45352121833237,12:35:52.121,34.3200,100
45557971089169,12:39:17.971,34.3000,498
45557971638174,12:39:17.971,34.3000,340
45557971766663,12:39:17.971,34.3000,587
45578080408798,12:39:38.080,34.3200,287
45641226817079,12:40:41.226,34.3200,100
45641226817079,12:40:41.226,34.3200,500
45641226817079,12:40:41.226,34.3200,100
45893325924619,12:44:53.325,34.3200,287
46022957433581,12:47:02.957,34.3400,100
46022957461839,12:47:02.957,34.3400,483
46275956509341,12:51:15.956,34.3500,100
46275956509341,12:51:15.956,34.3500,100
46284280757331,12:51:24.280,34.3500,100
46284280757331,12:51:24.280,34.3500,100
46284280757331,12:51:24.280,34.3500,500
46306494603430,12:51:46.494,34.3500,433
46311444693861,12:51:51.444,34.3500,200
46311444721014,12:51:51.444,34.3500,602
46311444725531,12:51:51.444,34.3500,131
46311444725531,12:51:51.444,34.3500,42
46311445981084,12:51:51.445,34.3500,358
46311447164111,12:51:51.447,34.3500,400
46428054292078,12:53:48.054,34.3500,100
46557023858832,12:55:57.023,34.3300,4
46557023885506,12:55:57.023,34.3300,96
46557023885506,12:55:57.023,34.3300,100
46557023885506,12:55:57.023,34.3300,487
46800078727399,13:00:00.078,34.3400,200
46895832599908,13:01:35.832,34.3200,399
46895832644193,13:01:35.832,34.3200,100
46895832978590,13:01:35.832,34.3200,308
46895833000029,13:01:35.833,34.3200,100
46895833037344,13:01:35.833,34.3200,100
46913435387032,13:01:53.435,34.3100,48
46913435413461,13:01:53.435,34.3100,52
46914362799957,13:01:54.362,34.3100,200
46981305421963,13:03:01.305,34.3100,100
46998389347853,13:03:18.389,34.3100,100
47086138000236,13:04:46.138,34.3100,400
47086138000236,13:04:46.138,34.3100,184
47105848483504,13:05:05.848,34.3000,100
47105848876204,13:05:05.848,34.3000,90
47105849529278,13:05:05.849,34.3000,310
47843725263830,13:17:23.725,34.3300,100
47953333342856,13:19:13.333,34.3300,100
47953333342856,13:19:13.333,34.3300,100
48083359235687,13:21:23.359,34.3200,7
48083359359652,13:21:23.359,34.3200,221
48277011205545,13:24:37.011,34.3200,100
48291844674924,13:24:51.844,34.3200,561
48291844735826,13:24:51.844,34.3200,39
48488534727939,13:28:08.534,34.3100,100
48511925794431,13:28:31.925,34.3100,100
48600887100981,13:30:00.887,34.3100,100
48600887100981,13:30:00.887,34.3100,100
48600887100981,13:30:00.887,34.3100,600
48625989817798,13:30:25.989,34.3100,1315
48644029087783,13:30:44.029,34.3100,587
48644029117499,13:30:44.029,34.3100,21
48644029117499,13:30:44.029,34.3100,500
48783026734742,13:33:03.026,34.3300,1
48940282043099,13:35:40.282,34.3200,100
49493146072625,13:44:53.146,34.2900,100
49969549127273,13:52:49.549,34.2900,200
50253187687228,13:57:33.187,34.2900,200
50253187687228,13:57:33.187,34.2900,600
50402714621150,14:00:02.714,34.2800,300
50402714621150,14:00:02.714,34.2800,400
50402714902658,14:00:02.714,34.2600,1400
50402828203990,14:00:02.828,34.2900,15
50405741339660,14:00:05.741,34.3200,100
50406720266452,14:00:06.720,34.3100,100
50423324495039,14:00:23.324,34.4000,300
50423325541018,14:00:23.325,34.4000,800
50423325816860,14:00:23.325,34.3900,1600
50423325816860,14:00:23.325,34.3900,700
50423325816860,14:00:23.325,34.3900,700
50442166475982,14:00:42.166,34.4200,100
50444863244304,14:00:44.863,34.4100,100
50446510523879,14:00:46.510,34.3800,363
50466733332824,14:01:06.733,34.4100,100
50471958243319,14:01:11.958,34.4100,200
50471961153635,14:01:11.961,34.4200,1038
50471961647820,14:01:11.961,34.4200,319
50471962174268,14:01:11.962,34.4200,143
50537828206120,14:02:17.828,34.3900,100
50537828240498,14:02:17.828,34.3900,100
50599221028514,14:03:19.221,34.4300,187
50652623118948,14:04:12.623,34.4800,287
50823872427630,14:07:03.872,34.5100,187
50905042800338,14:08:25.042,34.5100,500
50924412059682,14:08:44.412,34.5100,100
50928076835546,14:08:48.076,34.5200,100
50999385094435,14:09:59.385,34.4900,200
50999760672784,14:09:59.760,34.4800,200
51009532152401,14:10:09.532,34.5100,100
51016938965064,14:10:16.938,34.5100,100
51016938965064,14:10:16.938,34.5100,67
51033267774500,14:10:33.267,34.4900,100
51082564665317,14:11:22.564,34.5100,87
51097041889037,14:11:37.041,34.5100,100
51124123829271,14:12:04.123,34.5100,113
51124123855542,14:12:04.123,34.5100,287
51124991463011,14:12:04.991,34.5100,100
51133512540923,14:12:13.512,34.5200,400
51165811259188,14:12:45.811,34.5200,400
51172671058364,14:12:52.671,34.5200,400
51183481803567,14:13:03.481,34.5200,400
51234461156944,14:13:54.461,34.5300,99
51234462496659,14:13:54.462,34.5300,1
51263625949293,14:14:23.625,34.5400,400
51263625949293,14:14:23.625,34.5400,1500
51268722579160,14:14:28.722,34.5400,33
51268722785693,14:14:28.722,34.5400,22
51268722898589,14:14:28.722,34.5400,345
51292876383384,14:14:52.876,34.5500,100
51300164933327,14:15:00.164,34.5400,400
51300164933327,14:15:00.164,34.5400,100
51300177365675,14:15:00.177,34.5300,100
51300177365675,14:15:00.177,34.5300,400
51300177365675,14:15:00.177,34.5300,100
51300177365675,14:15:00.177,34.5300,100
51300177365675,14:15:00.177,34.5300,200
51300177365675,14:15:00.177,34.5300,100
51300311843193,14:15:00.311,34.5200,400
51300311843193,14:15:00.311,34.5200,200
51302801315688,14:15:02.801,34.5050,100
51302801315688,14:15:02.801,34.5100,100
51302801315688,14:15:02.801,34.5100,300
51302801342999,14:15:02.801,34.5100,100
51302802136335,14:15:02.802,34.5100,100
51304448166050,14:15:04.448,34.5200,16
51305542990718,14:15:05.542,34.5300,100
51305542990718,14:15:05.542,34.5300,400
51306577324617,14:15:06.577,34.5300,100
51308593132474,14:15:08.593,34.5200,200
51347090849814,14:15:47.090,34.5200,100
51347091202294,14:15:47.091,34.5200,300
51366268013250,14:16:06.268,34.5300,100
51430881012407,14:17:10.881,34.5600,340
51431705038177,14:17:11.705,34.5600,60
51474357002346,14:17:54.357,34.5300,400
51474357002346,14:17:54.357,34.5300,188
51474357224285,14:17:54.357,34.5300,48
51474357226955,14:17:54.357,34.5300,587
51481633363215,14:18:01.633,34.5500,487
51481633469950,14:18:01.633,34.5500,100
51583913989605,14:19:43.913,34.5700,100
51635664414164,14:20:35.664,34.5500,100
51649853237080,14:20:49.853,34.5500,100
51649853237080,14:20:49.853,34.5500,100
51649853237080,14:20:49.853,34.5500,300
51649853237080,14:20:49.853,34.5500,100
51649853237080,14:20:49.853,34.5500,400
51653984913883,14:20:53.984,34.5500,100
51661237554306,14:21:01.237,34.5800,1
51661241118280,14:21:01.241,34.5800,100
51759083180915,14:22:39.083,34.6300,200
51759083563951,14:22:39.083,34.6300,901
51793923297356,14:23:13.923,34.6200,400
51793923297356,14:23:13.923,34.6200,100
51793923297356,14:23:13.923,34.6200,56
51801235519833,14:23:21.235,34.6200,200
51806972233040,14:23:26.972,34.6350,100
51806972233040,14:23:26.972,34.6300,200
51877022095242,14:24:37.022,34.6200,100
51932661794169,14:25:32.661,34.6200,413
52115903878066,14:28:35.903,34.5300,100
52116403107923,14:28:36.403,34.5300,200
52269964376894,14:31:09.964,34.5500,300
52269964376894,14:31:09.964,34.5500,100
52269964376894,14:31:09.964,34.5500,100
52269964376894,14:31:09.964,34.5500,300
52269964417806,14:31:09.964,34.5500,628
52578445327999,14:36:18.445,34.5100,100
52578445327999,14:36:18.445,34.5100,400
52585887157668,14:36:25.887,34.5100,100
52585887157668,14:36:25.887,34.5100,100
52585887157668,14:36:25.887,34.5100,100
52585887339273,14:36:25.887,34.5100,300
52585887339273,14:36:25.887,34.5100,84
52628954446470,14:37:08.954,34.5000,100
52682222227164,14:38:02.222,34.5400,100
52720016241489,14:38:40.016,34.5500,100
52835583936906,14:40:35.583,34.5300,187
52892292764313,14:41:32.292,34.5500,100
53000484863607,14:43:20.484,34.5500,487
53017725809346,14:43:37.725,34.5600,100
53017725809346,14:43:37.725,34.5600,100
53111662504036,14:45:11.662,34.5700,1
53129051244842,14:45:29.051,34.5700,100
53189263048279,14:46:29.263,34.5900,44
53196685375610,14:46:36.685,34.5900,200
53240500314413,14:47:20.500,34.6200,100
53251935871034,14:47:31.935,34.6100,100
53251935871034,14:47:31.935,34.6100,100
53390025066766,14:49:50.025,34.6300,1
53394250031399,14:49:54.250,34.6300,450
53394250074280,14:49:54.250,34.6300,313
53394250097462,14:49:54.250,34.6300,587
53394250156798,14:49:54.250,34.6300,313
53394250215440,14:49:54.250,34.6300,313
53394250268995,14:49:54.250,34.6300,313
53400619300808,14:50:00.619,34.6300,587
53400619339678,14:50:00.619,34.6300,716
53401059664343,14:50:01.059,34.6300,187
53401060140678,14:50:01.060,34.6300,75
53446760311190,14:50:46.760,34.6100,100
53446760311190,14:50:46.760,34.6100,100
53446760311190,14:50:46.760,34.6100,100
53446760329421,14:50:46.760,34.6100,100
53446760349553,14:50:46.760,34.6100,400
53470335618810,14:51:10.335,34.5900,298
53470335697438,14:51:10.335,34.5900,202
53470335697438,14:51:10.335,34.5900,96
53470335711085,14:51:10.335,34.5900,4
53511099654651,14:51:51.099,34.6000,500
53540947237093,14:52:20.947,34.6300,77
53540947316489,14:52:20.947,34.6300,372
53542010433812,14:52:22.010,34.6350,100
53542010433812,14:52:22.010,34.6400,1
53542010433812,14:52:22.010,34.6400,293
53542011671526,14:52:22.011,34.6400,298
53611916665211,14:53:31.916,34.6700,100
53625616497261,14:53:45.616,34.6700,100
53638485671967,14:53:58.485,34.6700,433
53638485750110,14:53:58.485,34.6700,67
53789700748767,14:56:29.700,34.6600,163
53789701233188,14:56:29.701,34.6600,298
53799436321423,14:56:39.436,34.6700,100
53799436321423,14:56:39.436,34.6700,100
53817080052362,14:56:57.080,34.6600,29
53817080082442,14:56:57.080,34.6600,71
53817080082442,14:56:57.080,34.6600,500
53947647257841,14:59:07.647,34.6700,100
54158056202561,15:02:38.056,34.6500,100
54232131419504,15:03:52.131,34.6300,500
54264394238388,15:04:24.394,34.6000,100
54306457330265,15:05:06.457,34.5900,18
54306457622956,15:05:06.457,34.5900,298
54333291612289,15:05:33.291,34.5800,35
54375332152864,15:06:15.332,34.5400,100
54449854950755,15:07:29.854,34.5400,100
54643091771976,15:10:43.091,34.5000,600
54643468488482,15:10:43.468,34.5000,100
54643468488482,15:10:43.468,34.5000,300
54643468488482,15:10:43.468,34.5000,200
54643468488482,15:10:43.468,34.5000,261
54811547138747,15:13:31.547,34.4900,100
54947274424801,15:15:47.274,34.5200,61
54947274880912,15:15:47.274,34.5200,539
54992781339453,15:16:32.781,34.5300,200
54992781339453,15:16:32.781,34.5300,6
54992781372434,15:16:32.781,34.5300,194
54999121700990,15:16:39.121,34.5100,200
54999121700990,15:16:39.121,34.5100,100
55027513683620,15:17:07.513,34.5200,200
55031130813379,15:17:11.130,34.5200,6
55031130841797,15:17:11.130,34.5200,194
55031130841797,15:17:11.130,34.5200,200
55045611518468,15:17:25.611,34.5200,28
55097102340862,15:18:17.102,34.5100,500
55097102370268,15:18:17.102,34.5100,200
55127906528911,15:18:47.906,34.5100,100
55127906528911,15:18:47.906,34.5100,396
55127906553506,15:18:47.906,34.5100,104
55167432039040,15:19:27.432,34.5200,200
55173058344269,15:19:33.058,34.5300,200
55270142450222,15:21:10.142,34.5600,12
55270142451426,15:21:10.142,34.5600,363
55270143060746,15:21:10.143,34.5600,894
55463595421984,15:24:23.595,34.5100,200
55463595421984,15:24:23.595,34.5100,500
55528248348933,15:25:28.248,34.4900,493
55528249588476,15:25:28.249,34.4900,107
55528249588476,15:25:28.249,34.4900,200
55642503290479,15:27:22.503,34.4900,500
55755595095538,15:29:15.595,34.5100,100
55872403650991,15:31:12.403,34.5000,101
55872403697848,15:31:12.403,34.5000,1571
55872403899048,15:31:12.403,34.5000,115
55872404074291,15:31:12.404,34.5000,113
55947655413624,15:32:27.655,34.5200,307
55947655443244,15:32:27.655,34.5200,1
55947655481512,15:32:27.655,34.5200,249
55947655497217,15:32:27.655,34.5200,243
56011706815499,15:33:31.706,34.5300,500
56125339363499,15:35:25.339,34.5300,148
56125339483276,15:35:25.339,34.5300,953
56173518988066,15:36:13.518,34.5500,35
56173519249270,15:36:13.519,34.5500,500
56173519273615,15:36:13.519,34.5500,365
56323527417123,15:38:43.527,34.5600,101
56403527654413,15:40:03.527,34.5400,749
56403527724544,15:40:03.527,34.5400,151
56480468274441,15:41:20.468,34.5200,400
56480469085584,15:41:20.469,34.5200,199
56480469532498,15:41:20.469,34.5200,200
56480471340532,15:41:20.471,34.5200,101
56498824220361,15:41:38.824,34.5100,100
56498824665292,15:41:38.824,34.5100,200
56500546735149,15:41:40.546,34.5000,200
56505904071178,15:41:45.904,34.5000,200
56505905241888,15:41:45.905,34.5000,200
56505905241888,15:41:45.905,34.5000,599
56505905477146,15:41:45.905,34.5000,301
56566044035187,15:42:46.044,34.5100,100
56566044035187,15:42:46.044,34.5100,498
56566044098133,15:42:46.044,34.5100,60
56566044408167,15:42:46.044,34.5100,249
56566044550708,15:42:46.044,34.5100,93
56580119700932,15:43:00.119,34.5200,749
56580119732841,15:43:00.119,34.5200,151
57013363416964,15:50:13.363,34.5500,71
57215243496338,15:53:35.243,34.5000,100
57215243496338,15:53:35.243,34.5000,149
57215244078509,15:53:35.244,34.5000,199
57288603416775,15:54:48.603,34.5000,473
57300944422253,15:55:00.944,34.5300,100
57302596280386,15:55:02.596,34.5300,300
57303029042156,15:55:03.029,34.5300,100
57303375939331,15:55:03.375,34.5300,100
57313360948901,15:55:13.360,34.5500,183
57313360994223,15:55:13.360,34.5500,17
57313360994223,15:55:13.360,34.5500,100
57322745728192,15:55:22.745,34.5500,100
57332341667874,15:55:32.341,34.5600,100
57352265965310,15:55:52.265,34.5800,100
57369704835013,15:56:09.704,34.5800,90
57369704835013,15:56:09.704,34.5800,310
57369704843314,15:56:09.704,34.5800,90
57411429734877,15:56:51.429,34.5600,300
57487348342148,15:58:07.348,34.5400,100
57501536545368,15:58:21.536,34.5400,100
57501553532326,15:58:21.553,34.5400,100
57509073551317,15:58:29.073,34.5500,100
57509244864064,15:58:29.244,34.5500,100
57509245146151,15:58:29.245,34.5500,100
57543476499668,15:59:03.476,34.5700,300
57543476499668,15:59:03.476,34.5700,300
57543476499668,15:59:03.476,34.5700,89
57552322735928,15:59:12.322,34.5600,100
57552322735928,15:59:12.322,34.5600,299
57570311667867,15:59:30.311,34.5500,300
57585350457402,15:59:45.350,34.5450,100
57591185905561,15:59:51.185,34.5500,100
57600177593364,16:00:00.177,34.5800,200
57600500239602,16:00:00.500,0.0000,0
