timestamp,time,price,volume
34200430970987,09:30:00.430,9.5000,21323
34205892240460,09:30:05.892,9.5000,100
34205892240460,09:30:05.892,9.5000,100
34261151577943,09:31:01.151,9.5100,100
34261151577943,09:31:01.151,9.5300,100
34261152015340,09:31:01.152,9.5200,100
34261153717253,09:31:01.153,9.5100,50
34261153717253,09:31:01.153,9.5100,50
34261153770871,09:31:01.153,9.5100,50
34261623255632,09:31:01.623,9.5100,41
34295179413702,09:31:35.179,9.5200,235
34295179480332,09:31:35.179,9.5200,265
34408867113166,09:33:28.867,9.5000,100
34408867113166,09:33:28.867,9.5000,100
34408867113166,09:33:28.867,9.5000,200
34408867191601,09:33:28.867,9.5100,100
34408868369850,09:33:28.868,9.5100,200
34408868395143,09:33:28.868,9.5100,100
34408868622330,09:33:28.868,9.5100,100
34409461731578,09:33:29.461,9.5400,670
34409461731578,09:33:29.461,9.5400,6
34419402706517,09:33:39.402,9.5400,100
34420433020622,09:33:40.433,9.5400,100
34420433020622,09:33:40.433,9.5400,100
34425852965113,09:33:45.852,9.5300,100
34425853525358,09:33:45.853,9.5400,100
34425854074904,09:33:45.854,9.5400,19
34425854344775,09:33:45.854,9.5400,81
34425854344775,09:33:45.854,9.5400,19
34431349245059,09:33:51.349,9.5400,100
34431349311153,09:33:51.349,9.5300,100
34431349311153,09:33:51.349,9.5300,100
34431349311153,09:33:51.349,9.5300,100
34432563248105,09:33:52.563,9.5300,100
34434064881961,09:33:54.064,9.5400,100
34436274606985,09:33:56.274,9.5400,100
34436275727258,09:33:56.275,9.5300,200
34444116278094,09:34:04.116,9.5400,200
34450864925661,09:34:10.864,9.5400,100
34460473247493,09:34:20.473,9.5500,57
34460473750593,09:34:20.473,9.5500,43
34460473750593,09:34:20.473,9.5500,100
34460524500635,09:34:20.524,9.5500,100
34460524500635,09:34:20.524,9.5500,63
34465168028368,09:34:25.168,9.5400,100
34465168399306,09:34:25.168,9.5300,100
34479814465835,09:34:39.814,9.5200,100
34479814651898,09:34:39.814,9.5200,100
34483266958405,09:34:43.266,9.5300,100
34486276829424,09:34:46.276,9.5300,100
34486276829424,09:34:46.276,9.5300,100
34487271147781,09:34:47.271,9.5200,100
34501089417608,09:35:01.089,9.5100,100
34501089417608,09:35:01.089,9.5100,100
34501089417608,09:35:01.089,9.5100,100
34501140172705,09:35:01.140,9.5100,200
34501140172705,09:35:01.140,9.5100,100
34517474286974,09:35:17.474,9.5200,100
34517474312218,09:35:17.474,9.5200,100
34521622363288,09:35:21.622,9.5300,100
34521622363288,09:35:21.622,9.5300,700
34531387229454,09:35:31.387,9.5300,100
34578676626024,09:36:18.676,9.5200,100
34578676626024,09:36:18.676,9.5200,100
34578687168949,09:36:18.687,9.5200,100
34580278009293,09:36:20.278,9.5200,100
34584659988778,09:36:24.659,9.5100,27
34584660024570,09:36:24.660,9.5100,48
34584660041752,09:36:24.660,9.5100,25
34585681189133,09:36:25.681,9.5100,100
34585681189133,09:36:25.681,9.5100,100
34585681189133,09:36:25.681,9.5100,100
34585681189133,09:36:25.681,9.5100,100
34585681764772,09:36:25.681,9.5100,100
34585681764772,09:36:25.681,9.5100,100
34585681764772,09:36:25.681,9.5100,100
34585681764772,09:36:25.681,9.5100,100
34585681764772,09:36:25.681,9.5100,100
34585686746329,09:36:25.686,9.5200,100
34585686746329,09:36:25.686,9.5200,100
34585686746329,09:36:25.686,9.5200,100
34585686746329,09:36:25.686,9.5200,100
34585686746329,09:36:25.686,9.5200,100
34585686746329,09:36:25.686,9.5200,100
34585686746329,09:36:25.686,9.5200,100
34585686746329,09:36:25.686,9.5200,100
34585695881410,09:36:25.695,9.5300,100
34585695881410,09:36:25.695,9.5300,100
34585695881410,09:36:25.695,9.5300,100
34585695881410,09:36:25.695,9.5300,100
34585696536459,09:36:25.696,9.5300,100
34585696536459,09:36:25.696,9.5300,100
34585701086152,09:36:25.701,9.5300,200
34585701086152,09:36:25.701,9.5300,100
34585701086152,09:36:25.701,9.5300,100
34585701086152,09:36:25.701,9.5300,100
34585701086152,09:36:25.701,9.5300,100
34585701086152,09:36:25.701,9.5300,100
34585701086152,09:36:25.701,9.5300,100
34585708302357,09:36:25.708,9.5400,100
34585708302357,09:36:25.708,9.5400,100
34585708302357,09:36:25.708,9.5400,100
34585708302357,09:36:25.708,9.5400,100
34585708302357,09:36:25.708,9.5400,100
34591932068931,09:36:31.932,9.5400,100
34593863918851,09:36:33.863,9.5400,100
34594623429149,09:36:34.623,9.5300,100
34596883727689,09:36:36.883,9.5200,100
34596883727689,09:36:36.883,9.5200,100
34603554377030,09:36:43.554,9.5100,100
34603554436757,09:36:43.554,9.5100,100
34603554604794,09:36:43.554,9.5100,100
34605456775456,09:36:45.456,9.5050,100
34605456775456,09:36:45.456,9.5000,100
34605496405408,09:36:45.496,9.5000,25
34616528915655,09:36:56.528,9.5050,500
34616528915655,09:36:56.528,9.5000,75
34616528915655,09:36:56.528,9.5000,100
34616528915655,09:36:56.528,9.5000,125
34616529449784,09:36:56.529,9.5000,75
34616529449784,09:36:56.529,9.5000,200
34616529449784,09:36:56.529,9.5000,100
34617473190693,09:36:57.473,9.5000,100
34617473190693,09:36:57.473,9.5000,500
34617473723630,09:36:57.473,9.5100,100
34617473723630,09:36:57.473,9.5100,100
34617473723630,09:36:57.473,9.5100,100
34621520680477,09:37:01.520,9.5200,47
34621520705927,09:37:01.520,9.5200,53
34631366669878,09:37:11.366,9.5200,100
34634725383115,09:37:14.725,9.5200,10
34651652892948,09:37:31.652,9.5300,100
34651652892948,09:37:31.652,9.5300,300
34651652892948,09:37:31.652,9.5300,100
34651652892948,09:37:31.652,9.5300,100
34651661414475,09:37:31.661,9.5400,100
34651661414475,09:37:31.661,9.5400,100
34651661414475,09:37:31.661,9.5400,400
34651661414475,09:37:31.661,9.5400,100
34651672517548,09:37:31.672,9.5400,100
34651672517548,09:37:31.672,9.5400,100
34651679661650,09:37:31.679,9.5500,100
34651679661650,09:37:31.679,9.5500,100
34651679661650,09:37:31.679,9.5500,100
34651679661650,09:37:31.679,9.5500,100
34651679661650,09:37:31.679,9.5500,100
34651679661650,09:37:31.679,9.5500,100
34667063323172,09:37:47.063,9.5400,100
34667063323172,09:37:47.063,9.5400,14
34667063858052,09:37:47.063,9.5400,86
34672859267988,09:37:52.859,9.5300,100
34672859428153,09:37:52.859,9.5300,100
34672859428153,09:37:52.859,9.5300,100
34672859428153,09:37:52.859,9.5300,100
34672859428153,09:37:52.859,9.5300,100
34672859428153,09:37:52.859,9.5300,100
34672859428153,09:37:52.859,9.5300,100
34672859428153,09:37:52.859,9.5300,100
34672859428153,09:37:52.859,9.5300,100
34677480517175,09:37:57.480,9.5400,100
34677480517175,09:37:57.480,9.5400,100
34677480517175,09:37:57.480,9.5400,100
34677480517175,09:37:57.480,9.5400,100
34677482155545,09:37:57.482,9.5500,100
34677482182862,09:37:57.482,9.5500,100
34677482182862,09:37:57.482,9.5500,100
34677482182862,09:37:57.482,9.5500,100
34677482182862,09:37:57.482,9.5500,100
34677510950557,09:37:57.510,9.5600,100
34677510950557,09:37:57.510,9.5600,100
34680388219499,09:38:00.388,9.5600,100
34680388219499,09:38:00.388,9.5600,100
34680389298264,09:38:00.389,9.5500,100
34684050967865,09:38:04.050,9.5500,100
34684050967865,09:38:04.050,9.5500,100
34684050967865,09:38:04.050,9.5500,80
34684050967865,09:38:04.050,9.5500,100
34684076831414,09:38:04.076,9.5550,100
34684076831414,09:38:04.076,9.5600,100
34684076831414,09:38:04.076,9.5600,100
34684076831414,09:38:04.076,9.5600,100
34687483945014,09:38:07.483,9.5700,100
34687483945014,09:38:07.483,9.5700,100
34717919907892,09:38:37.919,9.5900,92
34717919946502,09:38:37.919,9.5900,8
34717919946502,09:38:37.919,9.5900,100
34717919952018,09:38:37.919,9.5900,100
34717920165629,09:38:37.920,9.6000,100
34717920165629,09:38:37.920,9.6000,1
34717920165629,09:38:37.920,9.6000,100
34717920633540,09:38:37.920,9.6000,100
34726277071592,09:38:46.277,9.5900,8
34733251286239,09:38:53.251,9.5900,100
34736830438107,09:38:56.830,9.5800,100
34736830438107,09:38:56.830,9.5800,100
34736830438107,09:38:56.830,9.5800,100
34736830466461,09:38:56.830,9.5800,1
34737500087710,09:38:57.500,9.5700,4
34738304614060,09:38:58.304,9.5600,100
34738304614060,09:38:58.304,9.5600,100
34744494850097,09:39:04.494,9.5500,100
34744495231527,09:39:04.495,9.5400,100
34744495231527,09:39:04.495,9.5400,100
34744500955246,09:39:04.500,9.5400,100
34764172198686,09:39:24.172,9.5400,100
34764172198686,09:39:24.172,9.5400,100
34767626537808,09:39:27.626,9.5500,100
34796433782159,09:39:56.433,9.5500,100
34796433961549,09:39:56.433,9.5400,100
34800949000419,09:40:00.949,9.5300,100
34800949428446,09:40:00.949,9.5200,100
34800965894738,09:40:00.965,9.5200,1
34801051024614,09:40:01.051,9.5200,100
34845139164454,09:40:45.139,9.5200,100
34845139164454,09:40:45.139,9.5200,100
34877290114482,09:41:17.290,9.5300,100
34877290114482,09:41:17.290,9.5300,100
34877290114482,09:41:17.290,9.5300,200
34894279256396,09:41:34.279,9.5400,100
34894279285988,09:41:34.279,9.5400,300
34894280759442,09:41:34.280,9.5400,100
34913633515123,09:41:53.633,9.5600,100
34913633515123,09:41:53.633,9.5600,100
34913633515123,09:41:53.633,9.5600,100
34913633515123,09:41:53.633,9.5600,20
34936084884207,09:42:16.084,9.5300,100
34940535346554,09:42:20.535,9.5200,100
34959038284992,09:42:39.038,9.5200,100
34959038284992,09:42:39.038,9.5200,100
34959038284992,09:42:39.038,9.5200,330
34959038284992,09:42:39.038,9.5200,100
34959038284992,09:42:39.038,9.5200,100
34959038418488,09:42:39.038,9.5200,100
34959038498280,09:42:39.038,9.5200,100
34989409524303,09:43:09.409,9.5300,100
34989409524303,09:43:09.409,9.5300,100
34993109186916,09:43:13.109,9.5400,100
34993109186916,09:43:13.109,9.5400,100
34993109186916,09:43:13.109,9.5400,100
35004591588790,09:43:24.591,9.5400,100
35007452142240,09:43:27.452,9.5300,100
35007452180016,09:43:27.452,9.5300,284
35007452188222,09:43:27.452,9.5300,16
35055650315542,09:44:15.650,9.4900,100
35059998426281,09:44:19.998,9.4900,100
35060280280234,09:44:20.280,9.4900,100
35072279515182,09:44:32.279,9.4600,100
35077276894909,09:44:37.276,9.4600,423
35077276894909,09:44:37.276,9.4600,100
35077277046248,09:44:37.277,9.4700,100
35077277046248,09:44:37.277,9.4700,100
35077605032085,09:44:37.605,9.4700,100
35091104626679,09:44:51.104,9.4600,100
35091104626679,09:44:51.104,9.4600,100
35091104626679,09:44:51.104,9.4600,208
35091104626679,09:44:51.104,9.4600,100
35117327165627,09:45:17.327,9.4700,200
35129977171003,09:45:29.977,9.4600,100
35129977276039,09:45:29.977,9.4600,100
35129977276039,09:45:29.977,9.4600,84
35130011581328,09:45:30.011,9.4500,100
35130011581328,09:45:30.011,9.4500,100
35130011581328,09:45:30.011,9.4500,100
35130011581328,09:45:30.011,9.4500,100
35159225265736,09:45:59.225,9.4500,200
35159225265736,09:45:59.225,9.4500,100
35162081965438,09:46:02.081,9.4600,100
35162081994180,09:46:02.081,9.4600,330
35162085636288,09:46:02.085,9.4600,100
35162085636288,09:46:02.085,9.4600,100
35272151328719,09:47:52.151,9.4700,100
35272570026597,09:47:52.570,9.4700,100
35272570053553,09:47:52.570,9.4700,100
35272570053553,09:47:52.570,9.4700,100
35272570053553,09:47:52.570,9.4700,100
35275570844170,09:47:55.570,9.4600,100
35281278386439,09:48:01.278,9.4500,100
35281278410716,09:48:01.278,9.4500,100
35283585353594,09:48:03.585,9.4400,100
35286279252212,09:48:06.279,9.4300,100
35286279401513,09:48:06.279,9.4300,100
35286280269219,09:48:06.280,9.4300,100
35286280269219,09:48:06.280,9.4300,100
35286280269219,09:48:06.280,9.4300,48
35286280351409,09:48:06.280,9.4300,52
35286280803640,09:48:06.280,9.4300,100
35288865923088,09:48:08.865,9.4400,450
35288865923088,09:48:08.865,9.4400,100
35289923281154,09:48:09.923,9.4400,450
35289923281154,09:48:09.923,9.4400,100
35325168748404,09:48:45.168,9.4500,100
35330702756763,09:48:50.702,9.4500,100
35330703869355,09:48:50.703,9.4500,100
35330703869355,09:48:50.703,9.4500,100
35330703944660,09:48:50.703,9.4500,100
35363107938422,09:49:23.107,9.4700,100
35363107943050,09:49:23.107,9.4700,100
35363110871696,09:49:23.110,9.4700,100
35363110949762,09:49:23.110,9.4700,100
35363111162821,09:49:23.111,9.4700,33
35363111230965,09:49:23.111,9.4700,67
35366276932262,09:49:26.276,9.4600,100
35366276932262,09:49:26.276,9.4600,100
35379303799152,09:49:39.303,9.4700,100
35379303800517,09:49:39.303,9.4700,100
35379303800517,09:49:39.303,9.4700,100
35397708832899,09:49:57.708,9.4600,100
35397708832899,09:49:57.708,9.4600,100
35397708832899,09:49:57.708,9.4600,100
35397708832899,09:49:57.708,9.4600,100
35410118537863,09:50:10.118,9.4600,200
35498641802872,09:51:38.641,9.4800,100
35498641802872,09:51:38.641,9.4800,100
35498642013898,09:51:38.642,9.4800,100
35554563518931,09:52:34.563,9.4800,64
35559984540536,09:52:39.984,9.4700,100
35574745671283,09:52:54.745,9.4800,200
35610384216155,09:53:30.384,9.4900,100
35610384216155,09:53:30.384,9.4900,100
35610384216155,09:53:30.384,9.4900,100
35610384216155,09:53:30.384,9.4900,100
35610384216155,09:53:30.384,9.4900,100
35610384216155,09:53:30.384,9.4900,100
35610384932037,09:53:30.384,9.4900,100
35610384932037,09:53:30.384,9.4900,100
35610384932037,09:53:30.384,9.4900,100
35610384932037,09:53:30.384,9.4900,100
35610384932037,09:53:30.384,9.4900,100
35610385987046,09:53:30.385,9.4900,100
35610386032058,09:53:30.386,9.4900,100
35610386032058,09:53:30.386,9.4900,100
35610386032058,09:53:30.386,9.4900,100
35610387953558,09:53:30.387,9.4900,100
35610387953558,09:53:30.387,9.4900,100
35610387953558,09:53:30.387,9.4900,100
35631576180548,09:53:51.576,9.5100,100
35666980325894,09:54:26.980,9.5000,100
35666980325894,09:54:26.980,9.5000,100
35686243916751,09:54:46.243,9.5000,50
35686243944560,09:54:46.243,9.5000,150
35720107184072,09:55:20.107,9.5000,100
35743329784184,09:55:43.329,9.4900,100
35756227222991,09:55:56.227,9.4800,100
35765826095304,09:56:05.826,9.4700,200
35768390276563,09:56:08.390,9.4700,200
35770930477032,09:56:10.930,9.4700,200
35837955033887,09:57:17.955,9.4700,100
35837955033887,09:57:17.955,9.4700,100
35837955033887,09:57:17.955,9.4700,100
35837955033887,09:57:17.955,9.4700,100
35837986437464,09:57:17.986,9.4700,100
35849144555858,09:57:29.144,9.4800,200
35850701486793,09:57:30.701,9.4900,200
35859630609894,09:57:39.630,9.4900,100
35872552261475,09:57:52.552,9.4800,100
35872553111724,09:57:52.553,9.4800,100
35872553111724,09:57:52.553,9.4800,100
35872553111724,09:57:52.553,9.4800,100
35872553111724,09:57:52.553,9.4800,100
35886706940276,09:58:06.706,9.4900,100
35914291594903,09:58:34.291,9.4900,100
35930443545609,09:58:50.443,9.5000,100
35962979657352,09:59:22.979,9.5100,100
35962979657352,09:59:22.979,9.5100,100
35962979657352,09:59:22.979,9.5100,100
35963173680260,09:59:23.173,9.5000,100
35963173680260,09:59:23.173,9.5000,100
35963173680260,09:59:23.173,9.5000,56
35985008974094,09:59:45.008,9.5000,100
35985009002225,09:59:45.009,9.5000,100
35985009002225,09:59:45.009,9.5000,100
36003976664680,10:00:03.976,9.4800,100
36003976664680,10:00:03.976,9.4800,100
36003976664680,10:00:03.976,9.4800,100
36003976664680,10:00:03.976,9.4800,100
36004023362312,10:00:04.023,9.4700,100
36008420898439,10:00:08.420,9.4800,100
36008420898439,10:00:08.420,9.4800,100
36008420898439,10:00:08.420,9.4800,100
36008420898439,10:00:08.420,9.4800,100
36008420898439,10:00:08.420,9.4800,100
36010004541432,10:00:10.004,9.4700,100
36010004541432,10:00:10.004,9.4700,100
36010004541432,10:00:10.004,9.4700,100
36016469322532,10:00:16.469,9.4700,200
36110653207815,10:01:50.653,9.4700,100
36110653207815,10:01:50.653,9.4700,100
36110653207815,10:01:50.653,9.4700,200
36110653207815,10:01:50.653,9.4700,100
36112024787400,10:01:52.024,9.4700,100
36112024787400,10:01:52.024,9.4700,150
36112024952042,10:01:52.024,9.4700,50
36129511038312,10:02:09.511,9.4800,300
36161156829596,10:02:41.156,9.4700,100
36161166248160,10:02:41.166,9.4700,100
36161730025282,10:02:41.730,9.4700,100
36166697360902,10:02:46.697,9.4600,100
36166698616999,10:02:46.698,9.4600,100
36166698989609,10:02:46.698,9.4600,100
36170061465564,10:02:50.061,9.4600,200
36170061465564,10:02:50.061,9.4600,38
36179839195044,10:02:59.839,9.4600,100
36240874727610,10:04:00.874,9.4600,50
36240874757954,10:04:00.874,9.4600,50
36292768048754,10:04:52.768,9.4600,100
36292768048754,10:04:52.768,9.4600,100
36292768048754,10:04:52.768,9.4600,200
36292768048754,10:04:52.768,9.4600,39
36292768451015,10:04:52.768,9.4600,100
36310807116548,10:05:10.807,9.4500,100
36310807116548,10:05:10.807,9.4500,100
36310826441371,10:05:10.826,9.4500,100
36310826441371,10:05:10.826,9.4500,100
36310826441371,10:05:10.826,9.4500,44
36310826756366,10:05:10.826,9.4500,56
36310826756366,10:05:10.826,9.4500,144
36329373156915,10:05:29.373,9.4400,1900
36329373156915,10:05:29.373,9.4400,100
36329373156915,10:05:29.373,9.4400,100
36329373204014,10:05:29.373,9.4400,100
36351278428506,10:05:51.278,9.4300,100
36356279177485,10:05:56.279,9.4200,100
36361403581396,10:06:01.403,9.4000,100
36361403581396,10:06:01.403,9.4000,200
36371276636594,10:06:11.276,9.4000,100
36375031230744,10:06:15.031,9.3900,10
36375031230744,10:06:15.031,9.3900,90
36381119047580,10:06:21.119,9.4000,100
36381119047580,10:06:21.119,9.4000,200
36385167760631,10:06:25.167,9.4100,100
36395939633807,10:06:35.939,9.4100,100
36398277082812,10:06:38.277,9.4000,100
36422961116729,10:07:02.961,9.3900,10
36423011122046,10:07:03.011,9.3900,200
36423011122046,10:07:03.011,9.3900,100
36428072199512,10:07:08.072,9.3900,200
36428072199512,10:07:08.072,9.3900,100
36481640566868,10:08:01.640,9.3900,10
36481640597621,10:08:01.640,9.3900,90
36507776132886,10:08:27.776,9.4000,200
36520613311979,10:08:40.613,9.4100,100
36539257227591,10:08:59.257,9.4300,100
36539315536499,10:08:59.315,9.4300,100
36567811900099,10:09:27.811,9.4400,100
36574312047303,10:09:34.312,9.4400,100
36586552982648,10:09:46.552,9.4400,100
36597260437779,10:09:57.260,9.4500,200
36600151621424,10:10:00.151,9.4500,100
36605226960672,10:10:05.226,9.4500,100
36606631981641,10:10:06.631,9.4400,100
36616277271099,10:10:16.277,9.4300,100
36621277804425,10:10:21.277,9.4300,100
36628670183594,10:10:28.670,9.4300,100
36628670183594,10:10:28.670,9.4300,200
36628670183594,10:10:28.670,9.4300,200
36708688927183,10:11:48.688,9.4400,10
36708688927183,10:11:48.688,9.4400,90
36708689201090,10:11:48.689,9.4400,10
36708689201090,10:11:48.689,9.4400,90
36708689295390,10:11:48.689,9.4400,10
36756806560673,10:12:36.806,9.4500,100
36756806737455,10:12:36.806,9.4500,100
36773808115934,10:12:53.808,9.4400,100
36778532862930,10:12:58.532,9.4400,100
36793472753903,10:13:13.472,9.4400,100
36793472753903,10:13:13.472,9.4400,100
36793986052711,10:13:13.986,9.4500,100
36804299426931,10:13:24.299,9.4400,2
36824611090567,10:13:44.611,9.4300,100
36858156434210,10:14:18.156,9.4300,100
36858156459298,10:14:18.156,9.4300,100
36891775567237,10:14:51.775,9.4300,100
36896269798659,10:14:56.269,9.4200,100
36903323395393,10:15:03.323,9.4200,100
36907277505205,10:15:07.277,9.4100,100
36911876546229,10:15:11.876,9.4000,45
36912278118668,10:15:12.278,9.4000,100
36913454727746,10:15:13.454,9.4100,100
36913454727746,10:15:13.454,9.4100,100
36914819808198,10:15:14.819,9.4100,200
36933318796147,10:15:33.318,9.4000,55
36933318796147,10:15:33.318,9.4000,39
36933318796147,10:15:33.318,9.4000,6
36934465378269,10:15:34.465,9.4000,34
36934465378269,10:15:34.465,9.4000,66
36935276756642,10:15:35.276,9.4000,34
36935276756642,10:15:35.276,9.4000,1
36935276756642,10:15:35.276,9.4000,65
36935276784750,10:15:35.276,9.4000,35
36941913186598,10:15:41.913,9.4000,200
36941913231819,10:15:41.913,9.4000,100
37025072867532,10:17:05.072,9.4000,100
37025072867532,10:17:05.072,9.4000,100
37025072867532,10:17:05.072,9.4000,100
37025074021107,10:17:05.074,9.4000,100
37025074021107,10:17:05.074,9.4000,39
37025093628713,10:17:05.093,9.4000,39
37025093628713,10:17:05.093,9.4000,100
37025093628713,10:17:05.093,9.4000,61
37025093678295,10:17:05.093,9.4000,39
37026003429053,10:17:06.003,9.4000,61
37027279695823,10:17:07.279,9.4000,100
37057051112760,10:17:37.051,9.3900,100
37057051140352,10:17:37.051,9.3900,200
37057051140352,10:17:37.051,9.3900,100
37113728813109,10:18:33.728,9.4000,100
37113728813109,10:18:33.728,9.4000,100
37113728813109,10:18:33.728,9.4000,100
37121746670554,10:18:41.746,9.4000,39
37121746670554,10:18:41.746,9.4000,100
37160766392324,10:19:20.766,9.4000,200
37166278351059,10:19:26.278,9.4000,100
37166278352328,10:19:26.278,9.4000,100
37195266401280,10:19:55.266,9.4100,7
37195266401280,10:19:55.266,9.4100,100
37197277777779,10:19:57.277,9.4100,97
37197277777779,10:19:57.277,9.4100,100
37225657567458,10:20:25.657,9.4100,100
37225657921538,10:20:25.657,9.4100,300
37225657921538,10:20:25.657,9.4100,100
37225657921538,10:20:25.657,9.4100,100
37225659158964,10:20:25.659,9.4200,100
37225659158964,10:20:25.659,9.4200,100
37226159091568,10:20:26.159,9.4300,100
37226159091568,10:20:26.159,9.4300,200
37248276578301,10:20:48.276,9.4200,100
37248276578301,10:20:48.276,9.4200,200
37252637241252,10:20:52.637,9.4200,100
37252637285620,10:20:52.637,9.4200,100
37275278064355,10:21:15.278,9.4100,100
37275278064355,10:21:15.278,9.4100,100
37275278064355,10:21:15.278,9.4100,100
37300038771157,10:21:40.038,9.4100,100
37300038771157,10:21:40.038,9.4100,100
37300038771157,10:21:40.038,9.4100,100
37300038771157,10:21:40.038,9.4100,100
37327117147846,10:22:07.117,9.4300,8
37353294386342,10:22:33.294,9.4400,100
37353294386342,10:22:33.294,9.4400,200
37353294386342,10:22:33.294,9.4400,100
37387169080527,10:23:07.169,9.4500,100
37387169080527,10:23:07.169,9.4500,200
37455911793166,10:24:15.911,9.4700,200
37455911793166,10:24:15.911,9.4700,100
37455911793166,10:24:15.911,9.4700,100
37482455054262,10:24:42.455,9.4600,100
37482455054262,10:24:42.455,9.4600,14
37482455064905,10:24:42.455,9.4600,86
37482455064905,10:24:42.455,9.4600,14
37482455092602,10:24:42.455,9.4600,86
37482455092602,10:24:42.455,9.4600,100
37482455092602,10:24:42.455,9.4600,43
37482455093697,10:24:42.455,9.4600,57
37482455093697,10:24:42.455,9.4600,15
37482455110248,10:24:42.455,9.4600,85
37482455488515,10:24:42.455,9.4600,100
37482455488515,10:24:42.455,9.4600,100
37505418582772,10:25:05.418,9.4600,7
37505418582772,10:25:05.418,9.4600,100
37541011290334,10:25:41.011,9.4700,100
37541011290334,10:25:41.011,9.4700,100
37543179215010,10:25:43.179,9.4800,100
37543179215010,10:25:43.179,9.4800,100
37561788605958,10:26:01.788,9.4800,77
37561788637329,10:26:01.788,9.4800,23
37563282561483,10:26:03.282,9.4900,1
37592532379519,10:26:32.532,9.4800,100
37592532379519,10:26:32.532,9.4800,100
37693819432125,10:28:13.819,9.4800,100
37693819432125,10:28:13.819,9.4800,100
37693819432125,10:28:13.819,9.4800,200
37693819499028,10:28:13.819,9.4800,400
37818870130188,10:30:18.870,9.4900,100
37818873780885,10:30:18.873,9.4900,100
37818873780885,10:30:18.873,9.4900,7
37818879272060,10:30:18.879,9.4900,100
37818879486428,10:30:18.879,9.4900,100
37818883011423,10:30:18.883,9.4800,100
37818883011423,10:30:18.883,9.4800,200
37818883011423,10:30:18.883,9.4800,100
37818883011423,10:30:18.883,9.4800,100
37833372602135,10:30:33.372,9.4800,200
37833398259948,10:30:33.398,9.4700,100
37833398259948,10:30:33.398,9.4700,100
37833398259948,10:30:33.398,9.4700,100
37833398259948,10:30:33.398,9.4700,300
37833398259948,10:30:33.398,9.4700,100
37833398330509,10:30:33.398,9.4700,100
37833398716301,10:30:33.398,9.4700,6
37833398829148,10:30:33.398,9.4700,94
37833398829148,10:30:33.398,9.4700,6
38018530755819,10:33:38.530,9.4600,100
38266072454841,10:37:46.072,9.4600,100
38266072454841,10:37:46.072,9.4600,100
38266072490568,10:37:46.072,9.4600,100
38266072490568,10:37:46.072,9.4600,200
38266072490568,10:37:46.072,9.4600,5
38266072490568,10:37:46.072,9.4600,100
38266072490568,10:37:46.072,9.4600,200
38266072804449,10:37:46.072,9.4600,100
38319046226889,10:38:39.046,9.4500,100
38319046226889,10:38:39.046,9.4500,200
38319046226889,10:38:39.046,9.4500,100
38319046226889,10:38:39.046,9.4500,100
38366745036903,10:39:26.745,9.4400,10
38366745036903,10:39:26.745,9.4400,90
38579621451248,10:42:59.621,9.4400,4
38646925547768,10:44:06.925,9.4500,100
38646925547768,10:44:06.925,9.4500,200
38646925547768,10:44:06.925,9.4500,100
38646925547768,10:44:06.925,9.4500,100
38646925547768,10:44:06.925,9.4500,8
38646925547768,10:44:06.925,9.4500,100
38647642656479,10:44:07.642,9.4600,100
38647642656479,10:44:07.642,9.4600,100
38647642656479,10:44:07.642,9.4600,200
38647642656479,10:44:07.642,9.4600,133
38647642840490,10:44:07.642,9.4600,100
38647649413157,10:44:07.649,9.4600,400
38647649413157,10:44:07.649,9.4600,200
38647649413157,10:44:07.649,9.4600,100
38647649413157,10:44:07.649,9.4600,67
38647649413157,10:44:07.649,9.4600,100
38647649413157,10:44:07.649,9.4600,300
38647649413157,10:44:07.649,9.4600,100
38647649413157,10:44:07.649,9.4600,100
38647649413157,10:44:07.649,9.4600,100
38647649413157,10:44:07.649,9.4600,100
38663277839153,10:44:23.277,9.4600,100
38669104364041,10:44:29.104,9.4600,100
38706511256430,10:45:06.511,9.4600,100
38822312973546,10:47:02.312,9.4500,100
38822312973546,10:47:02.312,9.4500,100
38822312973546,10:47:02.312,9.4500,100
38822312973546,10:47:02.312,9.4500,200
38822312973546,10:47:02.312,9.4500,400
38822312973546,10:47:02.312,9.4500,100
38822312973546,10:47:02.312,9.4500,100
38822340017882,10:47:02.340,9.4500,100
38822340017882,10:47:02.340,9.4500,68
38822340017882,10:47:02.340,9.4500,32
38833628363448,10:47:13.628,9.4400,4
38863874036385,10:47:43.874,9.4400,2
38863874036385,10:47:43.874,9.4400,98
38863874219682,10:47:43.874,9.4400,2
38863874219682,10:47:43.874,9.4400,100
38863874219682,10:47:43.874,9.4400,100
38863874219682,10:47:43.874,9.4400,100
38863874219682,10:47:43.874,9.4400,100
38935917885243,10:48:55.917,9.4300,11
38936462898609,10:48:56.462,9.4300,89
38936462898609,10:48:56.462,9.4300,100
38936462898609,10:48:56.462,9.4300,16
38950117971134,10:49:10.117,9.4200,100
38950117971134,10:49:10.117,9.4200,100
39050628202667,10:50:50.628,9.4200,4
39050628232733,10:50:50.628,9.4200,96
39050628232733,10:50:50.628,9.4200,100
39050628232733,10:50:50.628,9.4200,100
39081761872340,10:51:21.761,9.4100,100
39081761872340,10:51:21.761,9.4100,10
39081761872340,10:51:21.761,9.4100,100
39081761872340,10:51:21.761,9.4100,100
39081761872340,10:51:21.761,9.4100,100
39081761872340,10:51:21.761,9.4100,23
39081761872340,10:51:21.761,9.4100,100
39308360889704,10:55:08.360,9.4100,100
39308360889704,10:55:08.360,9.4100,218
39308360889704,10:55:08.360,9.4100,100
39308360889704,10:55:08.360,9.4100,2
39308361208358,10:55:08.361,9.4100,98
39308361208358,10:55:08.361,9.4100,200
39308361208358,10:55:08.361,9.4100,8
39337214837992,10:55:37.214,9.4200,100
39337214878283,10:55:37.214,9.4200,7
39421171998807,10:57:01.171,9.4200,18
39421172208361,10:57:01.172,9.4200,82
39421172208361,10:57:01.172,9.4200,200
39421172208361,10:57:01.172,9.4200,400
39421172208361,10:57:01.172,9.4200,100
39421172208361,10:57:01.172,9.4200,300
39421172208361,10:57:01.172,9.4200,100
39430669214568,10:57:10.669,9.4100,100
39430669214568,10:57:10.669,9.4100,200
39430669464054,10:57:10.669,9.4100,100
39430669464054,10:57:10.669,9.4100,100
39467574654706,10:57:47.574,9.4050,500
39467574654706,10:57:47.574,9.4000,300
39467574654706,10:57:47.574,9.4000,200
39467574683391,10:57:47.574,9.4000,300
39467574683391,10:57:47.574,9.4000,100
39467574683391,10:57:47.574,9.4000,100
39467574686131,10:57:47.574,9.4000,100
39574632720755,10:59:34.632,9.3900,4
39663042593417,11:01:03.042,9.4000,16
39663042643412,11:01:03.042,9.3950,100
39663044875490,11:01:03.044,9.3950,100
39663047283576,11:01:03.047,9.3950,100
39663459318026,11:01:03.459,9.4000,84
39663459318026,11:01:03.459,9.4000,100
39663459318026,11:01:03.459,9.4000,200
39663459318026,11:01:03.459,9.4000,7
39663459318026,11:01:03.459,9.4000,100
39663495955421,11:01:03.495,9.4100,100
39663530521388,11:01:03.530,9.4100,100
39722791631052,11:02:02.791,9.4200,400
39722791631052,11:02:02.791,9.4200,200
39722791631052,11:02:02.791,9.4200,7
39722791631052,11:02:02.791,9.4200,9
39790593631754,11:03:10.593,9.4200,100
39790593631754,11:03:10.593,9.4200,100
39790593631754,11:03:10.593,9.4200,100
39790593631754,11:03:10.593,9.4200,300
39790593631754,11:03:10.593,9.4200,60
39795656502858,11:03:15.656,9.4100,200
39795656502858,11:03:15.656,9.4100,100
39848996252762,11:04:08.996,9.4100,100
39848996252762,11:04:08.996,9.4100,100
39848996252762,11:04:08.996,9.4100,200
39848996252762,11:04:08.996,9.4100,37
39852260016927,11:04:12.260,9.4150,500
39953859706372,11:05:53.859,9.4200,200
39975816389262,11:06:15.816,9.4300,96
40050364013348,11:07:30.364,9.4200,100
40050364013348,11:07:30.364,9.4200,200
40050364013348,11:07:30.364,9.4200,200
40050364013348,11:07:30.364,9.4200,100
40050364013348,11:07:30.364,9.4200,300
40050364013348,11:07:30.364,9.4200,100
40122026533972,11:08:42.026,9.4200,100
40122026533972,11:08:42.026,9.4200,100
40122026533972,11:08:42.026,9.4200,100
40122026533972,11:08:42.026,9.4200,200
40122026533972,11:08:42.026,9.4200,100
40122026533972,11:08:42.026,9.4200,100
40122026533972,11:08:42.026,9.4200,100
40122026895296,11:08:42.026,9.4200,104
40122026895296,11:08:42.026,9.4200,100
40122026895296,11:08:42.026,9.4200,100
40122027116990,11:08:42.027,9.4200,39
40156068942877,11:09:16.068,9.4200,100
40168180987647,11:09:28.180,9.4200,200
40212552189165,11:10:12.552,9.4300,100
40215658845878,11:10:15.658,9.4300,100
40215658845878,11:10:15.658,9.4300,100
40215658845878,11:10:15.658,9.4300,200
40223611249040,11:10:23.611,9.4400,100
40223611249040,11:10:23.611,9.4400,200
40223909817451,11:10:23.909,9.4400,100
40375419250362,11:12:55.419,9.4400,100
40375419250362,11:12:55.419,9.4400,45
40387450411930,11:13:07.450,9.4400,155
40387450411930,11:13:07.450,9.4400,45
40387450411930,11:13:07.450,9.4400,200
40387450411930,11:13:07.450,9.4400,100
40387450411930,11:13:07.450,9.4400,700
40387450920971,11:13:07.450,9.4400,100
40387491209861,11:13:07.491,9.4300,200
40387491209861,11:13:07.491,9.4300,100
40387491209861,11:13:07.491,9.4300,100
40387491209861,11:13:07.491,9.4300,100
40387491236627,11:13:07.491,9.4300,1
40387491249564,11:13:07.491,9.4300,99
40387491249564,11:13:07.491,9.4300,100
40387491249564,11:13:07.491,9.4300,100
40388168023307,11:13:08.168,9.4200,100
40647283851215,11:17:27.283,9.4200,5
40647327495999,11:17:27.327,9.4200,195
40647327495999,11:17:27.327,9.4200,100
40647327495999,11:17:27.327,9.4200,5
40792794395957,11:19:52.794,9.4200,95
40792794395957,11:19:52.794,9.4200,200
40792794395957,11:19:52.794,9.4200,97
40792794423532,11:19:52.794,9.4200,1
40792794430145,11:19:52.794,9.4200,2
40792794430145,11:19:52.794,9.4200,100
40792794430145,11:19:52.794,9.4200,81
40792794430145,11:19:52.794,9.4200,500
40792794430145,11:19:52.794,9.4200,100
40792813312809,11:19:52.813,9.4100,100
40792813312809,11:19:52.813,9.4100,100
40792813312809,11:19:52.813,9.4100,100
40792813312809,11:19:52.813,9.4100,100
40792813353168,11:19:52.813,9.4100,100
40792847918079,11:19:52.847,9.4000,100
40877322334226,11:21:17.322,9.4050,500
40877322334226,11:21:17.322,9.4000,100
41014365939124,11:23:34.365,9.4100,100
41014365939124,11:23:34.365,9.4100,100
41014365939124,11:23:34.365,9.4100,200
41014365939124,11:23:34.365,9.4100,600
41014365939124,11:23:34.365,9.4100,100
41014365939124,11:23:34.365,9.4100,100
41014365939124,11:23:34.365,9.4100,200
41014396228088,11:23:34.396,9.4200,200
41014396228088,11:23:34.396,9.4200,100
41014396228088,11:23:34.396,9.4200,100
41014396228088,11:23:34.396,9.4200,100
41014396228088,11:23:34.396,9.4200,100
41014396228088,11:23:34.396,9.4200,200
41014396228088,11:23:34.396,9.4200,100
41014396235162,11:23:34.396,9.4200,100
41019366624995,11:23:39.366,9.4300,300
41019366844251,11:23:39.366,9.4300,100
41031690022519,11:23:51.690,9.4400,100
41031690022519,11:23:51.690,9.4400,600
41031690022519,11:23:51.690,9.4400,100
41031690059124,11:23:51.690,9.4400,200
41032816913212,11:23:52.816,9.4400,100
41032816913212,11:23:52.816,9.4400,100
41032816913212,11:23:52.816,9.4400,100
41032816913212,11:23:52.816,9.4400,100
41032816913212,11:23:52.816,9.4400,92
41032817170377,11:23:52.817,9.4400,8
41032817170377,11:23:52.817,9.4400,200
41032817170377,11:23:52.817,9.4400,100
41168339528481,11:26:08.339,9.4400,40
41419346061001,11:30:19.346,9.4300,100
41419346061001,11:30:19.346,9.4300,500
41419346061001,11:30:19.346,9.4300,100
41419346061001,11:30:19.346,9.4300,200
41419346061001,11:30:19.346,9.4300,100
41419346061001,11:30:19.346,9.4300,300
41419346061001,11:30:19.346,9.4300,500
41419346061001,11:30:19.346,9.4300,100
41419346061001,11:30:19.346,9.4300,100
41419357898693,11:30:19.357,9.4200,85
41419357905455,11:30:19.357,9.4200,15
41419357905455,11:30:19.357,9.4200,100
41419357905455,11:30:19.357,9.4200,100
41419360056179,11:30:19.360,9.4200,300
41419360056179,11:30:19.360,9.4200,100
41419360056179,11:30:19.360,9.4200,500
41419360056179,11:30:19.360,9.4200,400
41419360056179,11:30:19.360,9.4200,38
41419360056179,11:30:19.360,9.4200,200
41419360056179,11:30:19.360,9.4200,100
41419360056179,11:30:19.360,9.4200,100
41419360056179,11:30:19.360,9.4200,100
41419361537776,11:30:19.361,9.4200,440
41478232944886,11:31:18.232,9.4300,500
41478232944886,11:31:18.232,9.4300,100
41478233303672,11:31:18.233,9.4300,200
41478233303672,11:31:18.233,9.4300,100
41478233303672,11:31:18.233,9.4300,500
41485993162808,11:31:25.993,9.4400,100
41485995205126,11:31:25.995,9.4400,100
41523313508860,11:32:03.313,9.4450,100
41523313655261,11:32:03.313,9.4500,100
41565589605722,11:32:45.589,9.4500,100
41565589605722,11:32:45.589,9.4500,100
41565589605722,11:32:45.589,9.4500,100
41727427026985,11:35:27.427,9.4450,100
42060789191768,11:41:00.789,9.4500,6
42232844961428,11:43:52.844,9.4500,300
42333992132164,11:45:33.992,9.4500,227
42333992132164,11:45:33.992,9.4500,400
42333992132164,11:45:33.992,9.4500,100
42333992132164,11:45:33.992,9.4500,100
42341536760064,11:45:41.536,9.4600,200
42341536760064,11:45:41.536,9.4600,160
42341536760064,11:45:41.536,9.4600,480
42341537404334,11:45:41.537,9.4700,30
42341844680625,11:45:41.844,9.4700,100
42341844938256,11:45:41.844,9.4700,100
42356401435761,11:45:56.401,9.4750,50
42423075418563,11:47:03.075,9.4800,200
42423075418563,11:47:03.075,9.4800,100
42564117363486,11:49:24.117,9.4850,100
42564121081277,11:49:24.121,9.4800,100
42564121081277,11:49:24.121,9.4800,100
42564121081277,11:49:24.121,9.4800,200
42564121081277,11:49:24.121,9.4800,100
42564121081277,11:49:24.121,9.4800,26
42564121081277,11:49:24.121,9.4800,100
42564121081277,11:49:24.121,9.4800,200
42564121081277,11:49:24.121,9.4800,600
42564121081277,11:49:24.121,9.4800,100
42564121081277,11:49:24.121,9.4800,100
42564121081277,11:49:24.121,9.4800,61
42564121445138,11:49:24.121,9.4800,439
42564121445138,11:49:24.121,9.4800,11
42564127242987,11:49:24.127,9.4800,89
42564127242987,11:49:24.127,9.4800,100
42564127242987,11:49:24.127,9.4800,300
42708789255750,11:51:48.789,9.4800,7
42736275669033,11:52:16.275,9.4800,189
42736275669033,11:52:16.275,9.4800,100
42793496874682,11:53:13.496,9.4900,100
42793497139592,11:53:13.497,9.4900,370
42805950022383,11:53:25.950,9.4950,317
42815635745077,11:53:35.635,9.5000,100
42835119718476,11:53:55.119,9.5050,22
42901697192173,11:55:01.697,9.5100,300
43356664364395,12:02:36.664,9.5100,100
43356664364395,12:02:36.664,9.5100,100
43356919244204,12:02:36.919,9.5200,100
43356919244204,12:02:36.919,9.5200,100
43356919244204,12:02:36.919,9.5200,100
43356919244204,12:02:36.919,9.5200,57
43425254310124,12:03:45.254,9.5300,30
43461858334215,12:04:21.858,9.5300,70
43461858334215,12:04:21.858,9.5300,100
43461858334215,12:04:21.858,9.5300,100
43461858334215,12:04:21.858,9.5300,30
43465811453606,12:04:25.811,9.5300,78
43465813132723,12:04:25.813,9.5300,22
43465813132723,12:04:25.813,9.5300,45
43465813132723,12:04:25.813,9.5300,100
43465813132723,12:04:25.813,9.5300,22
43465813452940,12:04:25.813,9.5300,100
43465813452940,12:04:25.813,9.5300,100
43465813452940,12:04:25.813,9.5300,100
43466393015900,12:04:26.393,9.5250,600
43572360945352,12:06:12.360,9.5200,92
43744146456591,12:09:04.146,9.5300,100
43744146456591,12:09:04.146,9.5300,100
43744146456591,12:09:04.146,9.5300,100
43744146456591,12:09:04.146,9.5300,400
43744146456591,12:09:04.146,9.5300,2000
43744146511826,12:09:04.146,9.5300,1530
43744146511826,12:09:04.146,9.5300,178
43744200562281,12:09:04.200,9.5400,100
43752073861842,12:09:12.073,9.5500,100
43752073861842,12:09:12.073,9.5500,79
43831989526997,12:10:31.989,9.5450,100
43861839379420,12:11:01.839,9.5500,21
43861839379420,12:11:01.839,9.5500,100
43861839777772,12:11:01.839,9.5500,100
43861839777772,12:11:01.839,9.5500,200
43861839777772,12:11:01.839,9.5500,241
43913188700591,12:11:53.188,9.5550,100
43933188196467,12:12:13.188,9.5550,100
43933188196467,12:12:13.188,9.5600,137
44289021526472,12:18:09.021,9.5600,13
44289021526472,12:18:09.021,9.5600,17
44373936196977,12:19:33.936,9.5600,53
44373936196977,12:19:33.936,9.5600,3
44373936310838,12:19:33.936,9.5600,100
44417809465390,12:20:17.809,9.5700,63
44437869199185,12:20:37.869,9.5800,100
44452378923418,12:20:52.378,9.5800,100
44452378923418,12:20:52.378,9.5800,100
44454478109935,12:20:54.478,9.5800,100
44515421658378,12:21:55.421,9.5700,100
44515421658378,12:21:55.421,9.5700,200
44515421658378,12:21:55.421,9.5700,100
44515421658378,12:21:55.421,9.5700,100
44515421658378,12:21:55.421,9.5700,29
44515421658378,12:21:55.421,9.5700,150
44515421658378,12:21:55.421,9.5700,76
44515421711658,12:21:55.421,9.5700,86
44588816267334,12:23:08.816,9.5700,538
44588816267334,12:23:08.816,9.5700,100
44588816267334,12:23:08.816,9.5700,162
44657083289408,12:24:17.083,9.5800,3
44669821104624,12:24:29.821,9.5800,7
44850121613423,12:27:30.121,9.5750,100
44850121613423,12:27:30.121,9.5750,100
44850121613423,12:27:30.121,9.5700,394
44902422362103,12:28:22.422,9.5800,5
44979543445199,12:29:39.543,9.5800,100
44979543445199,12:29:39.543,9.5800,66
44979543445199,12:29:39.543,9.5800,22
44979543445199,12:29:39.543,9.5800,312
44979543525925,12:29:39.543,9.5800,10
44979543907565,12:29:39.543,9.5800,171
44980256590892,12:29:40.256,9.5900,100
44981179357683,12:29:41.179,9.6000,80
45054098182622,12:30:54.098,9.6000,4
45338893477801,12:35:38.893,9.5900,300
45338893501980,12:35:38.893,9.5900,2
45338893568609,12:35:38.893,9.5900,298
45338893568609,12:35:38.893,9.5900,100
45338893568609,12:35:38.893,9.5900,400
45338893568609,12:35:38.893,9.5900,500
45338893568609,12:35:38.893,9.5900,100
45338893568609,12:35:38.893,9.5900,100
45338893568609,12:35:38.893,9.5900,10
45338893568609,12:35:38.893,9.5900,100
45338893568609,12:35:38.893,9.5900,100
45338893568609,12:35:38.893,9.5900,100
45338893568609,12:35:38.893,9.5900,100
45338893568609,12:35:38.893,9.5900,100
45338893568609,12:35:38.893,9.5900,100
45338893568609,12:35:38.893,9.5900,102
45338893611974,12:35:38.893,9.5900,366
45338893781136,12:35:38.893,9.5900,32
45338893782490,12:35:38.893,9.5900,100
45338895188925,12:35:38.895,9.5900,6
45338912552423,12:35:38.912,9.5800,1
45338912552423,12:35:38.912,9.5800,100
45338912552423,12:35:38.912,9.5800,500
45339871856141,12:35:39.871,9.5700,100
45339871856141,12:35:39.871,9.5700,100
45339871856141,12:35:39.871,9.5700,50
45339871856141,12:35:39.871,9.5700,700
45339897328154,12:35:39.897,9.5600,100
45339897382130,12:35:39.897,9.5600,100
45339897382130,12:35:39.897,9.5600,100
45339897382130,12:35:39.897,9.5600,100
45339897382130,12:35:39.897,9.5600,200
45340004732625,12:35:40.004,9.5550,100
45342294573290,12:35:42.294,9.5500,100
45342294573290,12:35:42.294,9.5500,100
45347033292082,12:35:47.033,9.5400,20
45347033292082,12:35:47.033,9.5400,300
45348601127835,12:35:48.601,9.5300,100
45348601127835,12:35:48.601,9.5300,100
45348601127835,12:35:48.601,9.5300,100
45348601127835,12:35:48.601,9.5300,300
45348601748246,12:35:48.601,9.5300,300
45348601748246,12:35:48.601,9.5300,300
45351547749316,12:35:51.547,9.5300,100
45512957575749,12:38:32.957,9.5300,100
45512957575749,12:38:32.957,9.5300,200
45519281353070,12:38:39.281,9.5200,100
45519281353070,12:38:39.281,9.5200,100
45519281353070,12:38:39.281,9.5200,100
45519281353070,12:38:39.281,9.5200,100
45519281353070,12:38:39.281,9.5200,200
45527255233801,12:38:47.255,9.5100,20
45527257939964,12:38:47.257,9.5100,300
45527257939964,12:38:47.257,9.5100,100
45527257970485,12:38:47.257,9.5100,100
45527257980880,12:38:47.257,9.5100,100
45533293361081,12:38:53.293,9.5100,100
45534784730401,12:38:54.784,9.5100,100
45534785229765,12:38:54.785,9.5100,100
45802193929939,12:43:22.193,9.5100,100
45802193948173,12:43:22.193,9.5100,100
45802193956590,12:43:22.193,9.5100,200
45802193966719,12:43:22.193,9.5100,135
45802193986504,12:43:22.193,9.5100,65
45802199631150,12:43:22.199,9.5100,200
45802199702418,12:43:22.199,9.5100,100
45802200067155,12:43:22.200,9.5100,100
45802200133290,12:43:22.200,9.5100,100
45802200661501,12:43:22.200,9.5100,100
45802200693451,12:43:22.200,9.5100,100
45802211202958,12:43:22.211,9.5100,100
45877559294344,12:44:37.559,9.5000,10
45877559294344,12:44:37.559,9.5000,563
45877559319691,12:44:37.559,9.5000,1
45877559571346,12:44:37.559,9.5000,900
45877559650134,12:44:37.559,9.5000,1536
45877559650134,12:44:37.559,9.5000,100
45877559650134,12:44:37.559,9.5000,100
45877561676403,12:44:37.561,9.4900,100
45877561714532,12:44:37.561,9.4900,100
45877561714532,12:44:37.561,9.4900,100
45877561714532,12:44:37.561,9.4900,100
45893407414089,12:44:53.407,9.4800,100
45903617237792,12:45:03.617,9.4800,7
45903617320987,12:45:03.617,9.4800,93
45959702980078,12:45:59.702,9.4800,100
45959702980078,12:45:59.702,9.4800,350
45959703007910,12:45:59.703,9.4800,100
46088503031769,12:48:08.503,9.4850,100
46088505172570,12:48:08.505,9.4800,100
46125113651205,12:48:45.113,9.4850,100
46125113651205,12:48:45.113,9.4800,200
46125113651205,12:48:45.113,9.4800,100
46125113651205,12:48:45.113,9.4800,100
46125113651205,12:48:45.113,9.4800,152
46125114439191,12:48:45.114,9.4800,48
46125114439191,12:48:45.114,9.4800,100
46125114439191,12:48:45.114,9.4800,100
46125223056327,12:48:45.223,9.4700,100
46125451130669,12:48:45.451,9.4700,200
46125451332916,12:48:45.451,9.4700,100
46139039054777,12:48:59.039,9.4600,100
46141449890939,12:49:01.449,9.4600,100
46141449890939,12:49:01.449,9.4600,100
46141449890939,12:49:01.449,9.4600,100
46141450287266,12:49:01.450,9.4600,100
46149601920707,12:49:09.601,9.4550,100
46149601920707,12:49:09.601,9.4600,100
46149601920707,12:49:09.601,9.4600,200
46149601920707,12:49:09.601,9.4600,100
46150446980009,12:49:10.446,9.4550,100
46155449728281,12:49:15.449,9.4500,100
46155449728281,12:49:15.449,9.4500,100
46155449933788,12:49:15.449,9.4500,100
46155449933788,12:49:15.449,9.4500,100
46155449933788,12:49:15.449,9.4500,200
46155449933788,12:49:15.449,9.4500,100
46163908327714,12:49:23.908,9.4500,100
46163908327714,12:49:23.908,9.4500,100
46163908637311,12:49:23.908,9.4500,100
46163908637311,12:49:23.908,9.4500,320
46177378650559,12:49:37.378,9.4600,500
46177378650559,12:49:37.378,9.4600,100
46177378650559,12:49:37.378,9.4600,320
46502248800928,12:55:02.248,9.4700,5
46537037403746,12:55:37.037,9.4600,54
46537037428726,12:55:37.037,9.4600,146
46537037428726,12:55:37.037,9.4600,100
46537037428726,12:55:37.037,9.4600,23
46539451094197,12:55:39.451,9.4600,77
46539451094197,12:55:39.451,9.4600,163
46539451126210,12:55:39.451,9.4600,137
46539451126210,12:55:39.451,9.4600,69
46539451228966,12:55:39.451,9.4600,131
46541744159509,12:55:41.744,9.4500,100
46541744159509,12:55:41.744,9.4500,100
46541744184559,12:55:41.744,9.4500,43
46541744370234,12:55:41.744,9.4500,57
46625178613446,12:57:05.178,9.4500,5
46731388513120,12:58:51.388,9.4400,30
46731388513120,12:58:51.388,9.4400,100
46731388513120,12:58:51.388,9.4400,100
46731388513120,12:58:51.388,9.4400,10
46731388513120,12:58:51.388,9.4400,27
46731389030555,12:58:51.389,9.4400,400
46731389030555,12:58:51.389,9.4400,100
46731389030555,12:58:51.389,9.4400,41
46731389030555,12:58:51.389,9.4400,200
46731389030555,12:58:51.389,9.4400,31
46731389030555,12:58:51.389,9.4400,163
46731389030555,12:58:51.389,9.4400,100
46731389030555,12:58:51.389,9.4400,300
46731389030555,12:58:51.389,9.4400,31
46731389030555,12:58:51.389,9.4400,400
46731389030555,12:58:51.389,9.4400,31
46731389030555,12:58:51.389,9.4400,200
46731391164838,12:58:51.391,9.4400,200
46731391164838,12:58:51.391,9.4400,200
46731391164838,12:58:51.391,9.4400,200
46736388580168,12:58:56.388,9.4400,200
46762642947533,12:59:22.642,9.4300,100
46765276936293,12:59:25.276,9.4300,100
46765277361611,12:59:25.277,9.4300,88
46775730299139,12:59:35.730,9.4300,100
46775730325847,12:59:35.730,9.4300,44
46775730707328,12:59:35.730,9.4300,56
46778174828363,12:59:38.174,9.4200,100
46782015776447,12:59:42.015,9.4200,100
46782276984316,12:59:42.276,9.4200,100
46791928945757,12:59:51.928,9.4200,4
46796582169467,12:59:56.582,9.4200,406
46796582169467,12:59:56.582,9.4200,94
46796582200778,12:59:56.582,9.4200,6
46803561552276,13:00:03.561,9.4300,11
46866406718314,13:01:06.406,9.4300,100
46900873850087,13:01:40.873,9.4300,4
46911415137302,13:01:51.415,9.4200,100
46911415137302,13:01:51.415,9.4200,100
46911415137302,13:01:51.415,9.4200,200
46936059273513,13:02:16.059,9.4200,100
46936059273513,13:02:16.059,9.4200,100
46936059273513,13:02:16.059,9.4200,278
46937501954496,13:02:17.501,9.4200,68
47000295000435,13:03:20.295,9.4200,460
47000295000435,13:03:20.295,9.4200,200
47040045974461,13:04:00.045,9.4300,100
47041066157886,13:04:01.066,9.4300,100
47138602314609,13:05:38.602,9.4300,100
47153471307804,13:05:53.471,9.4300,35
47220862555336,13:07:00.862,9.4300,100
47220894528450,13:07:00.894,9.4300,65
47220894528450,13:07:00.894,9.4300,35
47235592621820,13:07:15.592,9.4300,65
47235592621820,13:07:15.592,9.4300,35
47245871853855,13:07:25.871,9.4300,100
47257749266945,13:07:37.749,9.4300,100
47284891034347,13:08:04.891,9.4300,100
47297882465711,13:08:17.882,9.4300,68
47297882465711,13:08:17.882,9.4300,84
47298133912045,13:08:18.133,9.4300,16
47298133912045,13:08:18.133,9.4300,200
47312734964659,13:08:32.734,9.4300,100
47312734964659,13:08:32.734,9.4300,100
47312734987919,13:08:32.734,9.4300,19
47439886363274,13:10:39.886,9.4400,500
47439886363274,13:10:39.886,9.4400,400
47439886363274,13:10:39.886,9.4400,100
47439886363274,13:10:39.886,9.4400,93
47439886392692,13:10:39.886,9.4400,7
47439936050303,13:10:39.936,9.4400,31
47439936050303,13:10:39.936,9.4400,100
47439936050303,13:10:39.936,9.4400,100
47439936050303,13:10:39.936,9.4400,69
47439937732457,13:10:39.937,9.4400,100
47642613705491,13:14:02.613,9.4300,100
47642613705491,13:14:02.613,9.4300,88
47642613761704,13:14:02.613,9.4300,12
47642613761704,13:14:02.613,9.4300,100
47642613761704,13:14:02.613,9.4300,100
47642613761704,13:14:02.613,9.4300,100
47642613761704,13:14:02.613,9.4300,100
47642613761704,13:14:02.613,9.4300,200
47642613761704,13:14:02.613,9.4300,100
47642613761704,13:14:02.613,9.4300,100
47642644172508,13:14:02.644,9.4200,100
47642644265627,13:14:02.644,9.4200,100
47642644265627,13:14:02.644,9.4200,16
47642644327596,13:14:02.644,9.4200,84
47642644327596,13:14:02.644,9.4200,100
47642644327596,13:14:02.644,9.4200,200
47642644327596,13:14:02.644,9.4200,100
47642644970170,13:14:02.644,9.4200,100
47642792706984,13:14:02.792,9.4200,100
47642792706984,13:14:02.792,9.4200,300
47877060938598,13:17:57.060,9.4200,60
47937580175436,13:18:57.580,9.4200,1
47937580238188,13:18:57.580,9.4200,40
47946248232255,13:19:06.248,9.4200,99
47946248232255,13:19:06.248,9.4200,23
47997518681533,13:19:57.518,9.4200,1
48053747098350,13:20:53.747,9.4200,4
48326559892713,13:25:26.559,9.4200,4
48360053599083,13:26:00.053,9.4200,100
48435025605391,13:27:15.025,9.4100,100
48435025605391,13:27:15.025,9.4100,100
48435025605391,13:27:15.025,9.4100,100
48435025605391,13:27:15.025,9.4100,100
48435025605391,13:27:15.025,9.4100,1000
48435025605391,13:27:15.025,9.4100,100
48435025605391,13:27:15.025,9.4100,300
48435025605391,13:27:15.025,9.4100,400
48435025605391,13:27:15.025,9.4100,40
48435025605391,13:27:15.025,9.4100,100
48435025605391,13:27:15.025,9.4100,23
48541531766358,13:29:01.531,9.4100,100
48541531766358,13:29:01.531,9.4100,400
48541532124527,13:29:01.532,9.4100,80
48541532246261,13:29:01.532,9.4100,7
48542339878438,13:29:02.339,9.4100,100
48542339878438,13:29:02.339,9.4100,500
48542339878438,13:29:02.339,9.4100,200
48601442991802,13:30:01.442,9.4050,500
48644421457899,13:30:44.421,9.4100,116
48644421457899,13:30:44.421,9.4100,73
48644421501283,13:30:44.421,9.4100,27
48644421501283,13:30:44.421,9.4100,300
48644421501283,13:30:44.421,9.4100,26
48729086506866,13:32:09.086,9.4100,100
48729086506866,13:32:09.086,9.4100,200
48729086506866,13:32:09.086,9.4100,100
48729086506866,13:32:09.086,9.4100,700
48729086506866,13:32:09.086,9.4100,40
48729086506866,13:32:09.086,9.4100,100
48729086506866,13:32:09.086,9.4100,100
48739089556169,13:32:19.089,9.4000,27
48739089556169,13:32:19.089,9.4000,2000
48739089556169,13:32:19.089,9.4000,100
48739089556169,13:32:19.089,9.4000,100
48739089556169,13:32:19.089,9.4000,300
48739089556169,13:32:19.089,9.4000,100
48739089556169,13:32:19.089,9.4000,200
48739089556169,13:32:19.089,9.4000,500
48739089556169,13:32:19.089,9.4000,100
48827329966935,13:33:47.329,9.3900,20
48827329966935,13:33:47.329,9.3900,160
48827329966935,13:33:47.329,9.3900,20
48827329991693,13:33:47.329,9.3900,721
48827329991693,13:33:47.329,9.3900,79
48827329991693,13:33:47.329,9.3900,100
48827329991693,13:33:47.329,9.3900,100
48827329991693,13:33:47.329,9.3900,22
48827329991693,13:33:47.329,9.3900,100
49105888377267,13:38:25.888,9.3800,11
49218847884339,13:40:18.847,9.3900,40
49555360023227,13:45:55.360,9.3900,40
49638854331797,13:47:18.854,9.3900,220
49638854331797,13:47:18.854,9.3900,100
49638854331797,13:47:18.854,9.3900,496
49638854331797,13:47:18.854,9.3900,300
49638884611934,13:47:18.884,9.4000,100
49638884611934,13:47:18.884,9.4000,100
49638884611934,13:47:18.884,9.4000,100
49638884611934,13:47:18.884,9.4000,100
49638884611934,13:47:18.884,9.4000,100
49638884611934,13:47:18.884,9.4000,100
49638884611934,13:47:18.884,9.4000,100
49638884611934,13:47:18.884,9.4000,300
49638884611934,13:47:18.884,9.4000,400
49638884611934,13:47:18.884,9.4000,100
49638884611934,13:47:18.884,9.4000,700
49638884611934,13:47:18.884,9.4000,100
49638884611934,13:47:18.884,9.4000,340
49638884611934,13:47:18.884,9.4000,200
49638903807347,13:47:18.903,9.4000,100
49638903807347,13:47:18.903,9.4000,200
49638903807347,13:47:18.903,9.4000,100
49638903807347,13:47:18.903,9.4000,1000
49638903807347,13:47:18.903,9.4000,400
49638903807347,13:47:18.903,9.4000,900
49638903807347,13:47:18.903,9.4000,300
49638903807347,13:47:18.903,9.4000,100
49638903807347,13:47:18.903,9.4000,200
49638903807347,13:47:18.903,9.4000,130
49638903807347,13:47:18.903,9.4000,400
49638904067477,13:47:18.904,9.4000,100
49638904067477,13:47:18.904,9.4000,100
49638904067477,13:47:18.904,9.4000,100
49638904891114,13:47:18.904,9.4000,100
49638904891114,13:47:18.904,9.4000,100
49642439304446,13:47:22.439,9.4000,600
49642439304446,13:47:22.439,9.4000,200
49642439304446,13:47:22.439,9.4000,200
49642439304446,13:47:22.439,9.4000,340
49642848290895,13:47:22.848,9.4100,6
49821085894034,13:50:21.085,9.4000,100
49821085894034,13:50:21.085,9.4000,100
49821085894034,13:50:21.085,9.4000,100
49821085894034,13:50:21.085,9.4000,500
49821085894034,13:50:21.085,9.4000,200
49821085894034,13:50:21.085,9.4000,500
49821085894034,13:50:21.085,9.4000,700
49821085894034,13:50:21.085,9.4000,100
49821085894034,13:50:21.085,9.4000,10
49821085894034,13:50:21.085,9.4000,100
49821085894034,13:50:21.085,9.4000,100
49821085894034,13:50:21.085,9.4000,40
49821085894034,13:50:21.085,9.4000,100
49821085894034,13:50:21.085,9.4000,100
49821085894034,13:50:21.085,9.4000,100
49821085894034,13:50:21.085,9.4000,100
49821085894034,13:50:21.085,9.4000,100
49821085894034,13:50:21.085,9.4000,100
49821085894034,13:50:21.085,9.4000,100
49821085894034,13:50:21.085,9.4000,300
49821088406049,13:50:21.088,9.3950,15
49821088421945,13:50:21.088,9.3900,500
49821088421945,13:50:21.088,9.3900,100
49821088456493,13:50:21.088,9.3900,100
49821088456493,13:50:21.088,9.3900,100
49821088462570,13:50:21.088,9.3900,100
49821088462570,13:50:21.088,9.3900,200
49821088478969,13:50:21.088,9.3900,100
49821088499434,13:50:21.088,9.3900,200
49821088499434,13:50:21.088,9.3900,10
49821088499434,13:50:21.088,9.3900,100
49821621811296,13:50:21.621,9.3900,100
49821621811296,13:50:21.621,9.3900,100
49821621811296,13:50:21.621,9.3900,634
49821621811296,13:50:21.621,9.3900,200
49821621811296,13:50:21.621,9.3900,618
49821621846070,13:50:21.621,9.3900,348
49961885538412,13:52:41.885,9.3900,200
49961885538412,13:52:41.885,9.3900,100
49961885538412,13:52:41.885,9.3900,300
49961885538412,13:52:41.885,9.3900,20
49961885538412,13:52:41.885,9.3900,500
50005586545642,13:53:25.586,9.3900,30
50118262058491,13:55:18.262,9.3900,4
50263529545964,13:57:43.529,9.3900,4
50295220591712,13:58:15.220,9.3800,500
50295220691677,13:58:15.220,9.3800,100
50295220691677,13:58:15.220,9.3800,12
50295220691677,13:58:15.220,9.3800,100
50295220691677,13:58:15.220,9.3800,100
50295220691677,13:58:15.220,9.3800,400
50348127543570,13:59:08.127,9.3700,22
50402703340503,14:00:02.703,9.3800,11
50402703340503,14:00:02.703,9.3800,189
50402703448441,14:00:02.703,9.3800,11
50402703448441,14:00:02.703,9.3800,100
50402703448441,14:00:02.703,9.3800,100
50402703448441,14:00:02.703,9.3800,77
50403072761882,14:00:03.072,9.3800,6
50408438351438,14:00:08.438,9.3900,300
50408438351438,14:00:08.438,9.3900,100
50408438351438,14:00:08.438,9.3900,4
50408438351438,14:00:08.438,9.3900,2
50408438351438,14:00:08.438,9.3900,3
50408438351438,14:00:08.438,9.3900,257
50408438365916,14:00:08.438,9.3900,213
50408438398144,14:00:08.438,9.3900,11
50408756786355,14:00:08.756,9.3900,200
50408757834412,14:00:08.757,9.3900,100
50409006852856,14:00:09.006,9.4000,3
50413025363843,14:00:13.025,9.3900,3
50413025363843,14:00:13.025,9.3900,2
50413025363843,14:00:13.025,9.3900,100
50413025363843,14:00:13.025,9.3900,3
50413025363843,14:00:13.025,9.3900,92
50413025398254,14:00:13.025,9.3900,108
50413026182355,14:00:13.026,9.3900,100
50413026355223,14:00:13.026,9.3900,2
50413039043567,14:00:13.039,9.3900,98
50413039043567,14:00:13.039,9.3900,100
50430161592229,14:00:30.161,9.3800,200
50430161592229,14:00:30.161,9.3800,200
50430161592229,14:00:30.161,9.3800,100
50430161592229,14:00:30.161,9.3800,200
50442146362863,14:00:42.146,9.3800,25
50442146362863,14:00:42.146,9.3800,10
50446509726172,14:00:46.509,9.3700,35
50446516790876,14:00:46.516,9.3700,100
50451066490645,14:00:51.066,9.3800,100
50462351321563,14:01:02.351,9.3800,470
50462351321563,14:01:02.351,9.3800,30
50462351501327,14:01:02.351,9.3800,70
50471393063791,14:01:11.393,9.3800,100
50537834126268,14:02:17.834,9.3800,100
50565528305499,14:02:45.528,9.3900,4
50569855012119,14:02:49.855,9.3850,200
50649388981701,14:04:09.388,9.4000,200
50649389010551,14:04:09.389,9.4000,300
50651375539922,14:04:11.375,9.4000,30
50651375539922,14:04:11.375,9.4000,100
50651375539922,14:04:11.375,9.4000,200
50651378065868,14:04:11.378,9.4000,100
50651378065868,14:04:11.378,9.4000,200
50670148475045,14:04:30.148,9.4100,100
50715587833891,14:05:15.587,9.4300,100
50715587833891,14:05:15.587,9.4300,100
50715809062998,14:05:15.809,9.4400,300
50715809062998,14:05:15.809,9.4400,300
50715809062998,14:05:15.809,9.4400,100
50715809062998,14:05:15.809,9.4400,100
50715809062998,14:05:15.809,9.4400,200
50715809062998,14:05:15.809,9.4400,100
50715809062998,14:05:15.809,9.4400,100
50715809616361,14:05:15.809,9.4400,83
50715809639184,14:05:15.809,9.4400,117
50715819759552,14:05:15.819,9.4400,500
50722066893697,14:05:22.066,9.4500,200
50722067048335,14:05:22.067,9.4500,200
50722067262532,14:05:22.067,9.4500,200
50722268339853,14:05:22.268,9.4500,200
50734781306928,14:05:34.781,9.4400,100
50734781306928,14:05:34.781,9.4400,300
50734781333368,14:05:34.781,9.4400,100
50734781333368,14:05:34.781,9.4400,100
50734781333368,14:05:34.781,9.4400,307
50734781343774,14:05:34.781,9.4400,93
50759241406354,14:05:59.241,9.4300,34
50759250135498,14:05:59.250,9.4300,66
50759250135498,14:05:59.250,9.4300,115
50759250147195,14:05:59.250,9.4300,66
50759250147195,14:05:59.250,9.4300,300
50759250147195,14:05:59.250,9.4300,175
50759250154473,14:05:59.250,9.4300,25
50831044427435,14:07:11.044,9.4300,200
50831044427435,14:07:11.044,9.4300,100
50831289932807,14:07:11.289,9.4300,100
50835248506412,14:07:15.248,9.4300,45
50946737236465,14:09:06.737,9.4200,500
50946737267958,14:09:06.737,9.4200,29
50946737297749,14:09:06.737,9.4300,40
50953860503747,14:09:13.860,9.4200,171
50953860503747,14:09:13.860,9.4200,329
50954008739850,14:09:14.008,9.4200,71
50954008739850,14:09:14.008,9.4200,40
50954008739850,14:09:14.008,9.4200,200
50954008739850,14:09:14.008,9.4200,100
50954009446892,14:09:14.009,9.4200,89
50955465078734,14:09:15.465,9.4200,11
50955465078734,14:09:15.465,9.4200,21
50956533604578,14:09:16.533,9.4100,2
51077708396816,14:11:17.708,9.4200,100
51077709518706,14:11:17.709,9.4200,100
51077709548936,14:11:17.709,9.4200,100
51077709585880,14:11:17.709,9.4200,100
51094920031602,14:11:34.920,9.4200,200
51094920031602,14:11:34.920,9.4200,700
51094920031602,14:11:34.920,9.4200,400
51094920031602,14:11:34.920,9.4200,100
51122191005999,14:12:02.191,9.4200,11400
51122191035175,14:12:02.191,9.4200,7266
51122191048985,14:12:02.191,9.4200,213
51122191363978,14:12:02.191,9.4200,200
51122191571560,14:12:02.191,9.4200,100
51122191734138,14:12:02.191,9.4200,24321
51122191734138,14:12:02.191,9.4200,100
51132385056803,14:12:12.385,9.4300,300
51132385602191,14:12:12.385,9.4300,74
51132385613092,14:12:12.385,9.4300,36
51132385613092,14:12:12.385,9.4300,175
51132385621950,14:12:12.385,9.4300,125
51138790399032,14:12:18.790,9.4300,100
51138790399032,14:12:18.790,9.4300,100
51179563097804,14:12:59.563,9.4400,100
51179563110138,14:12:59.563,9.4400,100
51179563127398,14:12:59.563,9.4400,210
51179563127398,14:12:59.563,9.4400,100
51179589198226,14:12:59.589,9.4400,100
51203293860882,14:13:23.293,9.4400,100
51203293860882,14:13:23.293,9.4400,26
51203293860882,14:13:23.293,9.4400,9
51203294143232,14:13:23.294,9.4400,1700
51203294143232,14:13:23.294,9.4400,200
51212869526665,14:13:32.869,9.4400,143
51212869526665,14:13:32.869,9.4400,121
51223857596843,14:13:43.857,9.4500,76
51260944501989,14:14:20.944,9.4400,100
51264388625032,14:14:24.388,9.4400,79
51264388625032,14:14:24.388,9.4400,200
51264388625032,14:14:24.388,9.4400,300
51264388625032,14:14:24.388,9.4400,100
51264388625032,14:14:24.388,9.4400,136
51264389419630,14:14:24.389,9.4400,100
51264389655904,14:14:24.389,9.4400,100
51264399506790,14:14:24.399,9.4400,100
51264401018680,14:14:24.401,9.4400,64
51301276830612,14:15:01.276,9.4300,100
51318326866631,14:15:18.326,9.4300,200
51318326866631,14:15:18.326,9.4300,100
51331058345951,14:15:31.058,9.4200,200
51331058345951,14:15:31.058,9.4200,200
51400195496345,14:16:40.195,9.4200,764
51400195497103,14:16:40.195,9.4200,211
51400195621946,14:16:40.195,9.4200,212
51400195872544,14:16:40.195,9.4200,649
51400195872544,14:16:40.195,9.4200,460
51400195872544,14:16:40.195,9.4200,200
51400201833720,14:16:40.201,9.4200,100
51400253856059,14:16:40.253,9.4250,100
51400253856059,14:16:40.253,9.4300,100
51400253856059,14:16:40.253,9.4300,350
51400253856059,14:16:40.253,9.4300,200
51400255549701,14:16:40.255,9.4300,100
51400345975073,14:16:40.345,9.4300,100
51412948016392,14:16:52.948,9.4300,100
51412959319663,14:16:52.959,9.4300,100
51412959319663,14:16:52.959,9.4300,200
51412959319663,14:16:52.959,9.4300,900
51426467241913,14:17:06.467,9.4300,200
51426467241913,14:17:06.467,9.4300,900
51426467241913,14:17:06.467,9.4300,200
51473290936467,14:17:53.290,9.4200,100
51473290936467,14:17:53.290,9.4200,100
51473290936467,14:17:53.290,9.4200,200
51473290936467,14:17:53.290,9.4200,200
51473290936467,14:17:53.290,9.4200,100
51473309499737,14:17:53.309,9.4100,200
51473309499737,14:17:53.309,9.4100,20
51473309499737,14:17:53.309,9.4100,100
51473309499737,14:17:53.309,9.4100,100
51473309499737,14:17:53.309,9.4100,60
51473326034484,14:17:53.326,9.4100,40
51473326034484,14:17:53.326,9.4100,60
51473326519113,14:17:53.326,9.4100,40
51473326578713,14:17:53.326,9.4050,100
51473360244469,14:17:53.360,9.4000,100
51473695687447,14:17:53.695,9.4050,100
51473695687447,14:17:53.695,9.4100,100
51473696505220,14:17:53.696,9.4100,100
51546514135362,14:19:06.514,9.4200,92
51546514543910,14:19:06.514,9.4200,6
51583335315025,14:19:43.335,9.4300,100
51586840530408,14:19:46.840,9.4300,3
51635660799477,14:20:35.660,9.4200,200
51635660799477,14:20:35.660,9.4200,20
51635660799477,14:20:35.660,9.4200,200
51635660799477,14:20:35.660,9.4200,300
51635660799477,14:20:35.660,9.4200,200
51635660799477,14:20:35.660,9.4200,100
51636872834958,14:20:36.872,9.4100,219
51636872834958,14:20:36.872,9.4100,200
51636872834958,14:20:36.872,9.4100,100
51654262013889,14:20:54.262,9.4100,62
51676951545328,14:21:16.951,9.4200,100
51676951545328,14:21:16.951,9.4200,300
51676951575038,14:21:16.951,9.4200,80
51716335336410,14:21:56.335,9.4300,100
51716335336410,14:21:56.335,9.4300,100
51716348951526,14:21:56.348,9.4300,100
51716348951526,14:21:56.348,9.4300,1000
51716348951526,14:21:56.348,9.4300,100
51716348951526,14:21:56.348,9.4300,100
51716348951526,14:21:56.348,9.4300,200
51716348951526,14:21:56.348,9.4300,200
51716348951526,14:21:56.348,9.4300,59
51716348951526,14:21:56.348,9.4300,100
51716348987417,14:21:56.348,9.4300,100
51767875297167,14:22:47.875,9.4300,100
51780182769714,14:23:00.182,9.4300,100
51791040332548,14:23:11.040,9.4300,132
51796940479340,14:23:16.940,9.4300,100
51868091202759,14:24:28.091,9.4300,100
51868091227362,14:24:28.091,9.4300,15
51874916189994,14:24:34.916,9.4300,85
51874916189994,14:24:34.916,9.4300,202
51874916197424,14:24:34.916,9.4300,198
51874916197424,14:24:34.916,9.4300,13
51874916210286,14:24:34.916,9.4300,187
51874916210286,14:24:34.916,9.4300,25
51874916354883,14:24:34.916,9.4300,75
51874916354883,14:24:34.916,9.4300,100
51874916354883,14:24:34.916,9.4300,100
51875106036194,14:24:35.106,9.4200,100
51904882193097,14:25:04.882,9.4300,13
51929405234416,14:25:29.405,9.4300,60
51937296454080,14:25:37.296,9.4300,100
51956631420037,14:25:56.631,9.4300,100
51962346324926,14:26:02.346,9.4300,100
52005472547618,14:26:45.472,9.4300,100
52005472547618,14:26:45.472,9.4300,100
52005472547618,14:26:45.472,9.4300,200
52005472731129,14:26:45.472,9.4300,500
52044864251650,14:27:24.864,9.4200,1
52044864263799,14:27:24.864,9.4200,199
52044864263799,14:27:24.864,9.4200,100
52044864263799,14:27:24.864,9.4200,100
52044864263799,14:27:24.864,9.4200,100
52044864263799,14:27:24.864,9.4200,100
52044864263799,14:27:24.864,9.4200,1
52044864362578,14:27:24.864,9.4200,144
52044864466474,14:27:24.864,9.4200,355
52119279298633,14:28:39.279,9.4200,187
52119279298633,14:28:39.279,9.4200,340
52119279298633,14:28:39.279,9.4200,100
52119279298633,14:28:39.279,9.4200,32
52152198645222,14:29:12.198,9.4200,100
52152198645222,14:29:12.198,9.4200,200
52152198645222,14:29:12.198,9.4200,200
52152198645222,14:29:12.198,9.4200,94
52152198781803,14:29:12.198,9.4200,306
52152198781803,14:29:12.198,9.4200,226
52205413125328,14:30:05.413,9.4200,300
52445678177344,14:34:05.678,9.4300,6
52445678177344,14:34:05.678,9.4300,2
52445678177344,14:34:05.678,9.4300,3
52512368908193,14:35:12.368,9.4400,100
52512368908193,14:35:12.368,9.4400,382
52512370471862,14:35:12.370,9.4400,218
52512370471862,14:35:12.370,9.4400,100
52512370471862,14:35:12.370,9.4400,500
52512370471862,14:35:12.370,9.4400,100
52512370471862,14:35:12.370,9.4400,200
52512370471862,14:35:12.370,9.4400,200
52512370471862,14:35:12.370,9.4400,100
52512544677758,14:35:12.544,9.4450,100
52565333607492,14:36:05.333,9.4400,100
52565333607492,14:36:05.333,9.4400,100
52565333919388,14:36:05.333,9.4400,169
52572365021649,14:36:12.365,9.4400,431
52572365021649,14:36:12.365,9.4400,100
52572365021649,14:36:12.365,9.4400,300
52572365021649,14:36:12.365,9.4400,3
52572365021649,14:36:12.365,9.4400,500
52572365021649,14:36:12.365,9.4400,66
52572365076132,14:36:12.365,9.4400,34
52572365213552,14:36:12.365,9.4400,300
52572365213552,14:36:12.365,9.4400,100
52646135552315,14:37:26.135,9.4400,100
52646135552315,14:37:26.135,9.4400,100
52646135552315,14:37:26.135,9.4400,430
52646135552315,14:37:26.135,9.4400,100
52646135552315,14:37:26.135,9.4400,17
52648153505229,14:37:28.153,9.4400,100
52648153589223,14:37:28.153,9.4400,67
52680993694884,14:38:00.993,9.4500,100
52680993694884,14:38:00.993,9.4500,26
52683952501001,14:38:03.952,9.4500,100
52683952501001,14:38:03.952,9.4500,200
52723867321328,14:38:43.867,9.4500,100
52725471897883,14:38:45.471,9.4500,23
52763387068269,14:39:23.387,9.4600,100
52763387068269,14:39:23.387,9.4600,600
52763387068269,14:39:23.387,9.4600,200
52763387068269,14:39:23.387,9.4600,200
52763387105098,14:39:23.387,9.4600,3
52791328396870,14:39:51.328,9.4600,100
52791328396870,14:39:51.328,9.4600,50
52791328396870,14:39:51.328,9.4600,38
52809053357742,14:40:09.053,9.4600,100
52941231776356,14:42:21.231,9.4600,100
52941231776356,14:42:21.231,9.4600,100
52941231828153,14:42:21.231,9.4600,22
52941231850983,14:42:21.231,9.4600,53
52971523661468,14:42:51.523,9.4700,8
52995311103577,14:43:15.311,9.4600,100
52995311103577,14:43:15.311,9.4600,200
52995311103577,14:43:15.311,9.4600,300
52995311103577,14:43:15.311,9.4600,100
52995312649605,14:43:15.312,9.4600,100
52995312713312,14:43:15.312,9.4600,100
52997551081075,14:43:17.551,9.4600,200
52997551081075,14:43:17.551,9.4600,100
52997551081075,14:43:17.551,9.4600,400
53016638992668,14:43:36.638,9.4700,200
53016638992668,14:43:36.638,9.4700,100
53033155262811,14:43:53.155,9.4800,100
53033155303607,14:43:53.155,9.4800,600
53033155352623,14:43:53.155,9.4800,100
53033155398569,14:43:53.155,9.4800,100
53033155398569,14:43:53.155,9.4800,100
53033155398569,14:43:53.155,9.4800,100
53033155398569,14:43:53.155,9.4800,100
53033155398569,14:43:53.155,9.4800,300
53033155444412,14:43:53.155,9.4800,100
53033155485908,14:43:53.155,9.4800,100
53078438032172,14:44:38.438,9.4900,100
53095079508728,14:44:55.079,9.5000,61
53103673159190,14:45:03.673,9.5000,39
53114265905778,14:45:14.265,9.5000,100
53114265905778,14:45:14.265,9.5000,200
53114265905778,14:45:14.265,9.5000,300
53114265905778,14:45:14.265,9.5000,200
53114265905778,14:45:14.265,9.5000,200
53114265905778,14:45:14.265,9.5000,100
53165363154042,14:46:05.363,9.5000,100
53188334965245,14:46:28.334,9.5000,100
53188334965245,14:46:28.334,9.5000,100
53188334965245,14:46:28.334,9.5000,40
53188334965245,14:46:28.334,9.5000,60
53189255841046,14:46:29.255,9.5100,100
53189255855724,14:46:29.255,9.5100,100
53195622624139,14:46:35.622,9.5150,3
53195622624139,14:46:35.622,9.5100,200
53195622624139,14:46:35.622,9.5100,100
53195622624139,14:46:35.622,9.5100,97
53195622799866,14:46:35.622,9.5100,3
53195622799866,14:46:35.622,9.5100,100
53212616761427,14:46:52.616,9.5100,100
53212616761427,14:46:52.616,9.5100,74
53216219800299,14:46:56.219,9.5200,100
53216219800299,14:46:56.219,9.5200,100
53228477020471,14:47:08.477,9.5300,20
53240409640979,14:47:20.409,9.5300,100
53245348555108,14:47:25.348,9.5300,100
53248218591981,14:47:28.218,9.5200,100
53253375723290,14:47:33.375,9.5200,100
53297705974627,14:48:17.705,9.5100,100
53297705974627,14:48:17.705,9.5100,200
53297705974627,14:48:17.705,9.5100,200
53297705974627,14:48:17.705,9.5100,200
53297705974627,14:48:17.705,9.5100,100
53297710520265,14:48:17.710,9.5000,100
53297844647034,14:48:17.844,9.5000,100
53298688876229,14:48:18.688,9.5000,200
53305368464726,14:48:25.368,9.4950,100
53329299233606,14:48:49.299,9.4950,100
53430293802195,14:50:30.293,9.5000,100
53442941872173,14:50:42.941,9.4950,100
53442941872173,14:50:42.941,9.4950,100
53445438233827,14:50:45.438,9.4900,200
53445438233827,14:50:45.438,9.4900,100
53445438233827,14:50:45.438,9.4900,100
53445438233827,14:50:45.438,9.4900,100
53445438233827,14:50:45.438,9.4900,200
53445438233827,14:50:45.438,9.4900,100
53445438233827,14:50:45.438,9.4900,300
53445438233827,14:50:45.438,9.4900,200
53445438233827,14:50:45.438,9.4900,100
53445438233827,14:50:45.438,9.4900,100
53445438233827,14:50:45.438,9.4900,100
53460711406963,14:51:00.711,9.4800,100
53460711406963,14:51:00.711,9.4800,100
53460711406963,14:51:00.711,9.4800,200
53460761003982,14:51:00.761,9.4800,300
53461564844010,14:51:01.564,9.4800,200
53488434745992,14:51:28.434,9.4800,100
53488434745992,14:51:28.434,9.4800,100
53488434745992,14:51:28.434,9.4800,100
53525420022178,14:52:05.420,9.4800,100
53525420022178,14:52:05.420,9.4800,76
53525420022178,14:52:05.420,9.4800,300
53526421032128,14:52:06.421,9.4850,100
53526421032128,14:52:06.421,9.4800,100
53526421032128,14:52:06.421,9.4800,100
53542015845306,14:52:22.015,9.4900,100
53542016178391,14:52:22.016,9.4900,100
53542022392188,14:52:22.022,9.4900,62
53542033602512,14:52:22.033,9.4900,238
53542063062255,14:52:22.063,9.5000,2
53542063566380,14:52:22.063,9.5000,2
53546068184506,14:52:26.068,9.5000,100
53553943258424,14:52:33.943,9.4950,3
53553943258424,14:52:33.943,9.4950,100
53553943345179,14:52:33.943,9.4950,100
53561531386449,14:52:41.531,9.5000,100
53565367451936,14:52:45.367,9.5000,96
53565367451936,14:52:45.367,9.5000,100
53565367451936,14:52:45.367,9.5000,320
53566303395855,14:52:46.303,9.5000,200
53576601059951,14:52:56.601,9.5000,3
53632719812474,14:53:52.719,9.5100,100
53790072881789,14:56:30.072,9.5300,100
53790072881789,14:56:30.072,9.5300,100
53790072881789,14:56:30.072,9.5300,200
53790072881789,14:56:30.072,9.5300,100
53790214314050,14:56:30.214,9.5300,100
53790214314050,14:56:30.214,9.5300,65
53790714716439,14:56:30.714,9.5400,1
53790714716439,14:56:30.714,9.5400,99
53793485746968,14:56:33.485,9.5400,200
53793485746968,14:56:33.485,9.5400,142
53797475311317,14:56:37.475,9.5500,100
53797475311317,14:56:37.475,9.5500,100
53797475311317,14:56:37.475,9.5500,100
53800936443881,14:56:40.936,9.5500,100
53800942727528,14:56:40.942,9.5500,100
53800942737057,14:56:40.942,9.5500,100
53801008610578,14:56:41.008,9.5500,61
53801008646008,14:56:41.008,9.5500,139
53801008646008,14:56:41.008,9.5500,200
53801008646008,14:56:41.008,9.5500,100
53809508835043,14:56:49.508,9.5600,10
53829754558793,14:57:09.754,9.5500,200
53829754558793,14:57:09.754,9.5500,50
53829754558793,14:57:09.754,9.5500,300
53829754558793,14:57:09.754,9.5500,300
53836929997484,14:57:16.929,9.5500,200
53864513989186,14:57:44.513,9.5600,90
53864513989186,14:57:44.513,9.5600,287
53864514430341,14:57:44.514,9.5700,10
53864514430919,14:57:44.514,9.5700,10
53864514431456,14:57:44.514,9.5700,7
53864514431912,14:57:44.514,9.5700,7
53913691437457,14:58:33.691,9.5700,200
53913691437457,14:58:33.691,9.5700,90
53943954919457,14:59:03.954,9.5700,10
53943954919457,14:59:03.954,9.5700,100
53943954919457,14:59:03.954,9.5700,190
53966015364635,14:59:26.015,9.5700,400
53974616533687,14:59:34.616,9.5700,200
53974616533687,14:59:34.616,9.5700,179
54004623011622,15:00:04.623,9.5700,100
54004623011622,15:00:04.623,9.5700,100
54251401024859,15:04:11.401,9.5650,200
54251901021872,15:04:11.901,9.5650,200
54301021914581,15:05:01.021,9.5650,800
54301021914581,15:05:01.021,9.5600,100
54301021914581,15:05:01.021,9.5600,300
54301021914581,15:05:01.021,9.5600,300
54301021914581,15:05:01.021,9.5600,100
54301021914581,15:05:01.021,9.5600,76
54301022019825,15:05:01.022,9.5600,24
54301022019825,15:05:01.022,9.5600,300
54301022019825,15:05:01.022,9.5600,100
54301022019825,15:05:01.022,9.5600,100
54301022019825,15:05:01.022,9.5600,15
54301022019825,15:05:01.022,9.5600,300
54301022019825,15:05:01.022,9.5600,100
54305494622769,15:05:05.494,9.5600,9
54306538073515,15:05:06.538,9.5500,100
54402853609616,15:06:42.853,9.5500,100
54402853609616,15:06:42.853,9.5500,200
54402853609616,15:06:42.853,9.5500,128
54402858283012,15:06:42.858,9.5500,272
54402858283012,15:06:42.858,9.5500,100
54402858407501,15:06:42.858,9.5500,200
54402858407501,15:06:42.858,9.5500,100
54402858407501,15:06:42.858,9.5500,100
54402858407501,15:06:42.858,9.5500,100
54437061060299,15:07:17.061,9.5500,100
54456237381871,15:07:36.237,9.5500,51
54456237381871,15:07:36.237,9.5500,1
54456237381871,15:07:36.237,9.5500,48
54456241771367,15:07:36.241,9.5500,100
54456241771367,15:07:36.241,9.5500,100
54465083701837,15:07:45.083,9.5500,100
54473870615301,15:07:53.870,9.5500,200
54473870615301,15:07:53.870,9.5500,141
54473870615301,15:07:53.870,9.5500,6
54473870615301,15:07:53.870,9.5500,2
54473870615301,15:07:53.870,9.5500,51
54473894630875,15:07:53.894,9.5500,700
54473894630875,15:07:53.894,9.5500,100
54473894630875,15:07:53.894,9.5500,200
54473894630875,15:07:53.894,9.5500,100
54473894630875,15:07:53.894,9.5500,100
54473894630875,15:07:53.894,9.5500,200
54473894630875,15:07:53.894,9.5500,200
54473894630875,15:07:53.894,9.5500,100
54516229380521,15:08:36.229,9.5500,151
54516229380521,15:08:36.229,9.5500,200
54516229380521,15:08:36.229,9.5500,100
54612509341660,15:10:12.509,9.5600,100
54660082474090,15:11:00.082,9.5650,80
54662188100154,15:11:02.188,9.5600,100
54662188100154,15:11:02.188,9.5600,100
54662188100154,15:11:02.188,9.5600,80
54662188128950,15:11:02.188,9.5600,20
54662188128950,15:11:02.188,9.5600,100
54662188128950,15:11:02.188,9.5600,100
54662188128950,15:11:02.188,9.5600,151
54662188220771,15:11:02.188,9.5600,249
54662188220771,15:11:02.188,9.5600,200
54662188257649,15:11:02.188,9.5600,67
54662189397703,15:11:02.189,9.5600,133
54668806330879,15:11:08.806,9.5500,52
54668806589412,15:11:08.806,9.5500,48
54668806589412,15:11:08.806,9.5500,207
54668806636080,15:11:08.806,9.5500,93
54668806636080,15:11:08.806,9.5500,100
54668806636080,15:11:08.806,9.5500,100
54668806636080,15:11:08.806,9.5500,100
54668806636080,15:11:08.806,9.5500,14
54668806653940,15:11:08.806,9.5500,86
54811551119946,15:13:31.551,9.5500,3
54811551119946,15:13:31.551,9.5500,100
54811551119946,15:13:31.551,9.5500,28
54811551119946,15:13:31.551,9.5500,10
54811562535371,15:13:31.562,9.5600,3
54835066714580,15:13:55.066,9.5600,7
54835068131978,15:13:55.068,9.5600,100
54862633782742,15:14:22.633,9.5600,100
54862633782742,15:14:22.633,9.5600,200
54862634726781,15:14:22.634,9.5600,200
54899772565614,15:14:59.772,9.5650,100
54917668201119,15:15:17.668,9.5700,200
54917668201119,15:15:17.668,9.5700,100
54917668241687,15:15:17.668,9.5700,51
54917668241687,15:15:17.668,9.5700,58
54924093661029,15:15:24.093,9.5750,6
54924093915426,15:15:24.093,9.5750,10
54924094039054,15:15:24.094,9.5750,10
54924094207360,15:15:24.094,9.5750,3
54924094264188,15:15:24.094,9.5750,6
54924094306567,15:15:24.094,9.5750,1
54924094319680,15:15:24.094,9.5750,1
54924094482598,15:15:24.094,9.5750,4
54955028184308,15:15:55.028,9.5800,70
54955041148785,15:15:55.041,9.5800,60
54955045385946,15:15:55.045,9.5800,21
54955045385946,15:15:55.045,9.5800,29
54955046676107,15:15:55.046,9.5800,6
54955046678104,15:15:55.046,9.5800,6
54955046680705,15:15:55.046,9.5800,7
54955046683587,15:15:55.046,9.5800,4
54955046686533,15:15:55.046,9.5800,6
54955046688033,15:15:55.046,9.5800,4
54955047204900,15:15:55.047,9.5800,100
54955047209438,15:15:55.047,9.5800,100
54955076757519,15:15:55.076,9.5800,50
54955076861449,15:15:55.076,9.5800,40
54955076959938,15:15:55.076,9.5800,40
54955077119623,15:15:55.077,9.5800,30
55060291356562,15:17:40.291,9.5700,400
55060291356562,15:17:40.291,9.5700,100
55060291382228,15:17:40.291,9.5700,3
55090781288013,15:18:10.781,9.5700,100
55090782139045,15:18:10.782,9.5700,297
55090782139045,15:18:10.782,9.5700,291
55090782193978,15:18:10.782,9.5700,9
55090782193978,15:18:10.782,9.5700,100
55090782193978,15:18:10.782,9.5700,10
55090782193978,15:18:10.782,9.5700,200
55119325323679,15:18:39.325,9.5600,28
55119325323679,15:18:39.325,9.5600,24
55119325323679,15:18:39.325,9.5600,100
55119325323679,15:18:39.325,9.5600,48
55119325356470,15:18:39.325,9.5600,1
55128004324634,15:18:48.004,9.5600,51
55128004324634,15:18:48.004,9.5600,200
55128004324634,15:18:48.004,9.5600,400
55128004324634,15:18:48.004,9.5600,200
55128004324634,15:18:48.004,9.5600,100
55128004324634,15:18:48.004,9.5600,49
55128004493638,15:18:48.004,9.5600,51
55173230941049,15:19:33.230,9.5600,3
55173230941049,15:19:33.230,9.5600,27
55181592600640,15:19:41.592,9.5600,44
55237527433365,15:20:37.527,9.5700,100
55237527708256,15:20:37.527,9.5700,75
55237529037252,15:20:37.529,9.5700,278
55237529397424,15:20:37.529,9.5700,247
55237529397424,15:20:37.529,9.5700,100
55237529397424,15:20:37.529,9.5700,100
55237529397424,15:20:37.529,9.5700,100
55237529397424,15:20:37.529,9.5700,100
55237586316008,15:20:37.586,9.5750,20
55237586377369,15:20:37.586,9.5700,100
55237586377369,15:20:37.586,9.5700,200
55373869119957,15:22:53.869,9.5650,100
55373869119957,15:22:53.869,9.5650,20
55373869119957,15:22:53.869,9.5600,100
55373869119957,15:22:53.869,9.5600,86
55373869534950,15:22:53.869,9.5600,114
55373869534950,15:22:53.869,9.5600,100
55373869534950,15:22:53.869,9.5600,300
55373869534950,15:22:53.869,9.5600,200
55373869534950,15:22:53.869,9.5600,100
55373869534950,15:22:53.869,9.5600,86
55373870225874,15:22:53.870,9.5600,96
55373870225874,15:22:53.870,9.5600,100
55373870225874,15:22:53.870,9.5600,20
55373870225874,15:22:53.870,9.5600,100
55373870225874,15:22:53.870,9.5600,100
55373870225874,15:22:53.870,9.5600,100
55373870225874,15:22:53.870,9.5600,100
55373870225874,15:22:53.870,9.5600,100
55373870225874,15:22:53.870,9.5600,84
55373870275593,15:22:53.870,9.5600,16
55383340324047,15:23:03.340,9.5500,100
55383340324047,15:23:03.340,9.5500,100
55383340712232,15:23:03.340,9.5500,100
55383340712232,15:23:03.340,9.5500,10
55383340712232,15:23:03.340,9.5500,200
55446776370597,15:24:06.776,9.5450,56
55455004708320,15:24:15.004,9.5450,100
55455005251080,15:24:15.005,9.5450,100
55460440873809,15:24:20.440,9.5500,100
55460440873809,15:24:20.440,9.5500,100
55460440873809,15:24:20.440,9.5500,100
55460440873809,15:24:20.440,9.5500,63
55460440873809,15:24:20.440,9.5500,100
55673125077395,15:27:53.125,9.5600,100
55673125077395,15:27:53.125,9.5600,145
55673125077395,15:27:53.125,9.5600,82
55673125077395,15:27:53.125,9.5600,3
55673135717821,15:27:53.135,9.5700,3
55673135729281,15:27:53.135,9.5700,5
55673135981090,15:27:53.135,9.5700,3
55673138891035,15:27:53.138,9.5700,3
55744067473196,15:29:04.067,9.5750,20
55744307590127,15:29:04.307,9.5800,100
55744307590127,15:29:04.307,9.5800,100
55744307590127,15:29:04.307,9.5800,600
55744308572025,15:29:04.308,9.5800,100
55744308572025,15:29:04.308,9.5800,100
55744308572025,15:29:04.308,9.5800,200
55744340621001,15:29:04.340,9.5800,200
55744340621001,15:29:04.340,9.5800,100
55744340621001,15:29:04.340,9.5800,100
55744340621001,15:29:04.340,9.5800,100
55744364466955,15:29:04.364,9.5800,100
55744407256944,15:29:04.407,9.5800,200
55744407256944,15:29:04.407,9.5800,100
55763049686866,15:29:23.049,9.5850,10
55763051438495,15:29:23.051,9.5800,200
55763051438495,15:29:23.051,9.5800,400
55763051438495,15:29:23.051,9.5800,100
55763051751376,15:29:23.051,9.5800,100
55763051751376,15:29:23.051,9.5800,100
55763051751376,15:29:23.051,9.5800,300
55763052049322,15:29:23.052,9.5800,100
55763052049322,15:29:23.052,9.5800,49
55763052060661,15:29:23.052,9.5800,151
55763052060661,15:29:23.052,9.5800,100
55763052060661,15:29:23.052,9.5800,100
55763052060661,15:29:23.052,9.5800,30
55763052060661,15:29:23.052,9.5800,1376
55763052060661,15:29:23.052,9.5800,300
55763052973753,15:29:23.052,9.5800,100
55764019251541,15:29:24.019,9.5700,54
55764019650388,15:29:24.019,9.5700,46
55774109556992,15:29:34.109,9.5700,100
55774129100311,15:29:34.129,9.5700,52
55799719025113,15:29:59.719,9.5800,100
55800263748054,15:30:00.263,9.5800,100
55809038748729,15:30:09.038,9.5700,200
55809038748729,15:30:09.038,9.5700,100
55809038748729,15:30:09.038,9.5700,100
55809038748729,15:30:09.038,9.5700,200
55809038748729,15:30:09.038,9.5700,20
55809038748729,15:30:09.038,9.5700,100
55809038748729,15:30:09.038,9.5700,100
55826875541208,15:30:26.875,9.5700,24
55863861306104,15:31:03.861,9.5750,10
55863861306104,15:31:03.861,9.5750,190
55872430225672,15:31:12.430,9.5800,48
55872430225672,15:31:12.430,9.5800,152
55872430270548,15:31:12.430,9.5800,120
55884069810459,15:31:24.069,9.5850,10
55934042717928,15:32:14.042,9.5850,10
55934486015994,15:32:14.486,9.5850,10
56030220354460,15:33:50.220,9.5850,600
56030220354460,15:33:50.220,9.5850,20
56030220354460,15:33:50.220,9.5800,100
56030220354460,15:33:50.220,9.5800,12
56030220546226,15:33:50.220,9.5850,100
56030220546226,15:33:50.220,9.5900,100
56030220546226,15:33:50.220,9.5900,100
56030220546226,15:33:50.220,9.5900,3
56030220546226,15:33:50.220,9.5900,100
56030220546226,15:33:50.220,9.5900,100
56030220546226,15:33:50.220,9.5900,100
56030220546226,15:33:50.220,9.5900,100
56030220851027,15:33:50.220,9.5900,100
56030220883413,15:33:50.220,9.5900,200
56030220938465,15:33:50.220,9.5900,100
56030220938465,15:33:50.220,9.5900,100
56030220938465,15:33:50.220,9.5900,100
56030220938465,15:33:50.220,9.5900,200
56030220938465,15:33:50.220,9.5900,100
56030225923561,15:33:50.225,9.5900,100
56043461244060,15:34:03.461,9.5900,100
56043461244060,15:34:03.461,9.5900,100
56043461244060,15:34:03.461,9.5900,310
56065099521814,15:34:25.099,9.5900,100
56065099521814,15:34:25.099,9.5900,100
56065099521814,15:34:25.099,9.5900,200
56065099521814,15:34:25.099,9.5900,100
56065099521814,15:34:25.099,9.5900,500
56065099521814,15:34:25.099,9.5900,100
56065099521814,15:34:25.099,9.5900,100
56065099521814,15:34:25.099,9.5900,600
56065099521814,15:34:25.099,9.5900,120
56065099521814,15:34:25.099,9.5900,100
56065099521814,15:34:25.099,9.5900,20
56065099521814,15:34:25.099,9.5900,100
56065099521814,15:34:25.099,9.5900,460
56065099665538,15:34:25.099,9.5900,40
56065101824227,15:34:25.101,9.5900,10
56072355349751,15:34:32.355,9.5900,200
56072470936551,15:34:32.470,9.5900,100
56072470936551,15:34:32.470,9.5900,10
56072470936551,15:34:32.470,9.5900,100
56072683832168,15:34:32.683,9.5850,400
56083374747127,15:34:43.374,9.5800,69
56086817839463,15:34:46.817,9.5800,31
56086817839463,15:34:46.817,9.5800,100
56086817839463,15:34:46.817,9.5800,100
56086817839463,15:34:46.817,9.5800,100
56086817839463,15:34:46.817,9.5800,100
56086817839463,15:34:46.817,9.5800,188
56086817839463,15:34:46.817,9.5800,100
56086817839463,15:34:46.817,9.5800,100
56086823023027,15:34:46.823,9.5800,18
56086823143486,15:34:46.823,9.5800,100
56104729001890,15:35:04.729,9.5850,100
56108574278577,15:35:08.574,9.5900,100
56119189518154,15:35:19.189,9.5800,100
56219522455450,15:36:59.522,9.5900,100
56404421520164,15:40:04.421,9.5800,200
56404421520164,15:40:04.421,9.5800,100
56404748175274,15:40:04.748,9.5800,100
56410391906170,15:40:10.391,9.5800,100
56410391906170,15:40:10.391,9.5800,300
56410391906170,15:40:10.391,9.5800,100
56410391906170,15:40:10.391,9.5800,18
56410391906170,15:40:10.391,9.5800,100
56410391906170,15:40:10.391,9.5800,100
56410391906170,15:40:10.391,9.5800,100
56410391906170,15:40:10.391,9.5800,186
56410391906170,15:40:10.391,9.5800,100
56410391906170,15:40:10.391,9.5800,100
56410391906170,15:40:10.391,9.5800,100
56410391906170,15:40:10.391,9.5800,107
56410391906170,15:40:10.391,9.5800,481
56410392014681,15:40:10.392,9.5800,119
56410392014681,15:40:10.392,9.5800,600
56410393631906,15:40:10.393,9.5800,7
56410440139643,15:40:10.440,9.5700,66
56427366133631,15:40:27.366,9.5700,34
56427366133631,15:40:27.366,9.5700,100
56427366133631,15:40:27.366,9.5700,300
56427366133631,15:40:27.366,9.5700,20
56498844548336,15:41:38.844,9.5600,200
56498844548336,15:41:38.844,9.5600,100
56498844548336,15:41:38.844,9.5600,177
56498844548336,15:41:38.844,9.5600,72
56498844953958,15:41:38.844,9.5600,4
56581648718015,15:43:01.648,9.5600,100
56692475391357,15:44:52.475,9.5600,51
56692475391357,15:44:52.475,9.5600,300
56692475391357,15:44:52.475,9.5600,100
56692475391357,15:44:52.475,9.5600,300
56692475391357,15:44:52.475,9.5600,2
56706312991094,15:45:06.312,9.5650,100
56740910045422,15:45:40.910,9.5700,4
56740910077757,15:45:40.910,9.5700,96
56740910077757,15:45:40.910,9.5700,151
56740910077757,15:45:40.910,9.5700,200
56740910077757,15:45:40.910,9.5700,1
56755386296130,15:45:55.386,9.5750,100
56755391581197,15:45:55.391,9.5700,100
56755391581197,15:45:55.391,9.5700,200
56755391581197,15:45:55.391,9.5700,100
56755391581197,15:45:55.391,9.5700,100
56755391581197,15:45:55.391,9.5700,300
56755391581197,15:45:55.391,9.5700,100
56755391581197,15:45:55.391,9.5700,800
56755391581197,15:45:55.391,9.5700,144
56755395919608,15:45:55.395,9.5700,45
56755395919608,15:45:55.395,9.5700,100
56755395919608,15:45:55.395,9.5700,400
56755395919608,15:45:55.395,9.5700,600
56755395919608,15:45:55.395,9.5700,100
56755395919608,15:45:55.395,9.5700,100
56755395919608,15:45:55.395,9.5700,125
56755395919608,15:45:55.395,9.5700,47
56755395919608,15:45:55.395,9.5700,156
56755395919608,15:45:55.395,9.5700,160
56755395919608,15:45:55.395,9.5700,100
56755396008087,15:45:55.396,9.5700,400
56755396008087,15:45:55.396,9.5700,100
56755396008087,15:45:55.396,9.5700,100
56755396081027,15:45:55.396,9.5700,100
56755611438369,15:45:55.611,9.5700,400
56758221039625,15:45:58.221,9.5700,100
56758221039625,15:45:58.221,9.5700,100
56758221039625,15:45:58.221,9.5700,300
56758221039625,15:45:58.221,9.5700,100
56758221039625,15:45:58.221,9.5700,100
56758221039625,15:45:58.221,9.5700,100
56758221039625,15:45:58.221,9.5700,200
56758221039625,15:45:58.221,9.5700,100
56758224131625,15:45:58.224,9.5700,100
56758224131625,15:45:58.224,9.5700,1000
56760967416199,15:46:00.967,9.5600,390
56760967498814,15:46:00.967,9.5600,500
56760967498814,15:46:00.967,9.5600,200
56760967498814,15:46:00.967,9.5600,200
56760967498814,15:46:00.967,9.5600,100
56760967498814,15:46:00.967,9.5600,100
56760967498814,15:46:00.967,9.5600,100
56760967498814,15:46:00.967,9.5600,100
56760967498814,15:46:00.967,9.5600,200
56760967498814,15:46:00.967,9.5600,200
56760967498814,15:46:00.967,9.5600,100
56762012201135,15:46:02.012,9.5500,100
56762012201135,15:46:02.012,9.5500,200
56762012201135,15:46:02.012,9.5500,400
56762012201135,15:46:02.012,9.5500,100
56762012201135,15:46:02.012,9.5500,100
56764196461668,15:46:04.196,9.5400,100
56764196461668,15:46:04.196,9.5400,100
56764197497282,15:46:04.197,9.5400,300
56765954687366,15:46:05.954,9.5400,100
56767975142265,15:46:07.975,9.5400,151
56767975142265,15:46:07.975,9.5400,200
56767975142265,15:46:07.975,9.5400,100
56767975142265,15:46:07.975,9.5400,100
56767975142265,15:46:07.975,9.5400,481
56880067840596,15:48:00.067,9.5450,100
56884819549670,15:48:04.819,9.5450,100
56884819549670,15:48:04.819,9.5450,100
57004109334979,15:50:04.109,9.5400,100
57012936789164,15:50:12.936,9.5400,100
57012936789164,15:50:12.936,9.5400,100
57012936789164,15:50:12.936,9.5400,100
57012936789164,15:50:12.936,9.5400,100
57012936789164,15:50:12.936,9.5400,100
57012936789164,15:50:12.936,9.5400,83
57012937234054,15:50:12.937,9.5400,17
57012937234054,15:50:12.937,9.5400,100
57012937234054,15:50:12.937,9.5400,400
57012937234054,15:50:12.937,9.5400,72
57012937818726,15:50:12.937,9.5400,28
57012937818726,15:50:12.937,9.5400,121
57012937818726,15:50:12.937,9.5400,100
57012937818726,15:50:12.937,9.5400,100
57012937818726,15:50:12.937,9.5400,151
57012937820992,15:50:12.937,9.5400,26
57012937820992,15:50:12.937,9.5400,174
57012938490466,15:50:12.938,9.5400,100
57012938703373,15:50:12.938,9.5400,100
57012939144046,15:50:12.939,9.5400,100
57012939144046,15:50:12.939,9.5400,26
57012939899339,15:50:12.939,9.5400,100
57017433295208,15:50:17.433,9.5350,97
57018846299023,15:50:18.846,9.5300,100
57038819802576,15:50:38.819,9.5300,100
57041181381631,15:50:41.181,9.5300,100
57063891657763,15:51:03.891,9.5300,90
57064159435981,15:51:04.159,9.5300,500
57064159435981,15:51:04.159,9.5300,100
57067622028008,15:51:07.622,9.5300,200
57067622028008,15:51:07.622,9.5300,300
57067622028008,15:51:07.622,9.5300,100
57067622028008,15:51:07.622,9.5300,100
57067622028008,15:51:07.622,9.5300,100
57067622028008,15:51:07.622,9.5300,100
57067622028008,15:51:07.622,9.5300,100
57067622028008,15:51:07.622,9.5300,200
57077888174281,15:51:17.888,9.5200,6
57077888174281,15:51:17.888,9.5200,100
57077888174281,15:51:17.888,9.5200,100
57077888174281,15:51:17.888,9.5200,94
57077888174281,15:51:17.888,9.5200,100
57077888174281,15:51:17.888,9.5200,200
57077888174281,15:51:17.888,9.5200,35
57077889894170,15:51:17.889,9.5200,65
57087057991827,15:51:27.057,9.5200,266
57087057991827,15:51:27.057,9.5200,200
57087057991827,15:51:27.057,9.5200,100
57087057991827,15:51:27.057,9.5200,500
57087057991827,15:51:27.057,9.5200,600
57087057991827,15:51:27.057,9.5200,300
57087057991827,15:51:27.057,9.5200,300
57087057991827,15:51:27.057,9.5200,8
57087057991827,15:51:27.057,9.5200,470
57087057991827,15:51:27.057,9.5200,500
57087058189171,15:51:27.058,9.5200,300
57129135858697,15:52:09.135,9.5300,182
57129135858697,15:52:09.135,9.5300,4
57129137162935,15:52:09.137,9.5300,86
57129137162935,15:52:09.137,9.5300,114
57138600477275,15:52:18.600,9.5300,183
57138600477275,15:52:18.600,9.5300,1
57138600477275,15:52:18.600,9.5300,100
57138600477275,15:52:18.600,9.5300,216
57167684551441,15:52:47.684,9.5250,26
57219195662536,15:53:39.195,9.5250,51
57248404710802,15:54:08.404,9.5250,100
57257750076066,15:54:17.750,9.5300,100
57271006069146,15:54:31.006,9.5250,100
57285430793917,15:54:45.430,9.5200,100
57285430793917,15:54:45.430,9.5200,300
57285430793917,15:54:45.430,9.5200,200
57285430793917,15:54:45.430,9.5200,200
57285430793917,15:54:45.430,9.5200,200
57285430793917,15:54:45.430,9.5200,100
57285430793917,15:54:45.430,9.5200,100
57285430793917,15:54:45.430,9.5200,100
57285430793917,15:54:45.430,9.5200,100
57285430793917,15:54:45.430,9.5200,100
57285430793917,15:54:45.430,9.5200,100
57285430793917,15:54:45.430,9.5200,100
57285430793917,15:54:45.430,9.5200,100
57285430793917,15:54:45.430,9.5200,100
57285430793917,15:54:45.430,9.5200,200
57285430793917,15:54:45.430,9.5200,100
57285430793917,15:54:45.430,9.5200,200
57285430793917,15:54:45.430,9.5200,130
57285430793917,15:54:45.430,9.5200,100
57285430793917,15:54:45.430,9.5200,500
57285431351094,15:54:45.431,9.5200,352
57285436438301,15:54:45.436,9.5200,148
57285436438301,15:54:45.436,9.5200,500
57285436438301,15:54:45.436,9.5200,100
57285658143920,15:54:45.658,9.5150,100
57286388283636,15:54:46.388,9.5200,100
57300155655534,15:55:00.155,9.5200,200
57300155655534,15:55:00.155,9.5200,400
57300155655534,15:55:00.155,9.5200,408
57300155655534,15:55:00.155,9.5200,192
57300155658338,15:55:00.155,9.5200,208
57300155658338,15:55:00.155,9.5200,100
57300155658338,15:55:00.155,9.5300,300
57300155658338,15:55:00.155,9.5300,300
57300155658338,15:55:00.155,9.5300,100
57300155658338,15:55:00.155,9.5300,100
57300155658338,15:55:00.155,9.5300,800
57300155658338,15:55:00.155,9.5300,200
57300155658338,15:55:00.155,9.5300,100
57300156180819,15:55:00.156,9.5300,100
57300156180819,15:55:00.156,9.5300,100
57300157080598,15:55:00.157,9.5300,100
57300320981446,15:55:00.320,9.5350,100
57300320981446,15:55:00.320,9.5300,98
57302071466711,15:55:02.071,9.5300,10
57302071466711,15:55:02.071,9.5300,200
57302071466711,15:55:02.071,9.5300,200
57303379643270,15:55:03.379,9.5300,300
57303379685872,15:55:03.379,9.5300,100
57344021652006,15:55:44.021,9.5400,100
57360075389275,15:56:00.075,9.5400,100
57360075389275,15:56:00.075,9.5400,100
57366775788243,15:56:06.775,9.5400,140
57369813318873,15:56:09.813,9.5400,200
57371181048496,15:56:11.181,9.5350,12
57379214245838,15:56:19.214,9.5400,1160
57379214245838,15:56:19.214,9.5400,200
57379214245838,15:56:19.214,9.5400,149
57379214245838,15:56:19.214,9.5400,202
57379214245838,15:56:19.214,9.5400,100
57379214245838,15:56:19.214,9.5400,1
57379214245838,15:56:19.214,9.5400,100
57379214245838,15:56:19.214,9.5400,20
57379214245838,15:56:19.214,9.5400,200
57379214245838,15:56:19.214,9.5400,2
57379214245838,15:56:19.214,9.5400,100
57379214245838,15:56:19.214,9.5400,100
57379214245838,15:56:19.214,9.5400,100
57379214245838,15:56:19.214,9.5400,365
57379214245838,15:56:19.214,9.5400,100
57385413050091,15:56:25.413,9.5450,100
57420816429286,15:57:00.816,9.5450,100
57431750703440,15:57:11.750,9.5500,200
57448752631380,15:57:28.752,9.5500,100
57450757460420,15:57:30.757,9.5500,100
57450757460420,15:57:30.757,9.5500,100
57450816764303,15:57:30.816,9.5450,100
57457868119812,15:57:37.868,9.5450,100
57467089733750,15:57:47.089,9.5500,2
57467090508130,15:57:47.090,9.5500,3
57470026747811,15:57:50.026,9.5450,100
57477183421631,15:57:57.183,9.5400,36
57477412703441,15:57:57.412,9.5450,3
57480070609645,15:58:00.070,9.5400,64
57480070609645,15:58:00.070,9.5400,36
57494375560945,15:58:14.375,9.5450,100
57501703982453,15:58:21.703,9.5400,100
57509412648586,15:58:29.412,9.5450,9
57519106419148,15:58:39.106,9.5450,5
57522065789179,15:58:42.065,9.5450,100
57526107229133,15:58:46.107,9.5450,6
57530066062131,15:58:50.066,9.5450,100
57536996355064,15:58:56.996,9.5450,59
57544260275336,15:59:04.260,9.5500,30
57549407585988,15:59:09.407,9.5450,2
57550450848947,15:59:10.450,9.5450,101
57552376518409,15:59:12.376,9.5500,15
57552376518409,15:59:12.376,9.5500,100
57552376518409,15:59:12.376,9.5500,53
57552376518409,15:59:12.376,9.5500,100
57552376518409,15:59:12.376,9.5500,1000
57552376518409,15:59:12.376,9.5500,57
57552376518409,15:59:12.376,9.5500,20
57552376518409,15:59:12.376,9.5500,18
57552376518409,15:59:12.376,9.5500,100
57552376518409,15:59:12.376,9.5500,430
57560078195387,15:59:20.078,9.5600,300
57560078195387,15:59:20.078,9.5600,100
57560078195387,15:59:20.078,9.5600,100
57560078195387,15:59:20.078,9.5600,79
57560078195387,15:59:20.078,9.5600,106
57560078225941,15:59:20.078,9.5600,1994
57560078225941,15:59:20.078,9.5600,158
57560079732177,15:59:20.079,9.5600,842
57560079732177,15:59:20.079,9.5600,100
57561770887576,15:59:21.770,9.5650,100
57561770887576,15:59:21.770,9.5700,300
57561770887576,15:59:21.770,9.5700,67
57563769341223,15:59:23.769,9.5700,100
57564769363402,15:59:24.769,9.5650,100
57565770008911,15:59:25.770,9.5700,100
57566770041543,15:59:26.770,9.5650,100
57569423871305,15:59:29.423,9.5650,100
57569769846648,15:59:29.769,9.5700,100
57572459883524,15:59:32.459,9.5700,9
57575769804570,15:59:35.769,9.5700,91
57575769804570,15:59:35.769,9.5700,9
57576598692776,15:59:36.598,9.5700,400
57577127669037,15:59:37.127,9.5650,100
57579769922959,15:59:39.769,9.5700,200
57579771671062,15:59:39.771,9.5700,300
57580044132106,15:59:40.044,9.5650,100
57580634154291,15:59:40.634,9.5700,158
57580839773312,15:59:40.839,9.5650,100
57580990593480,15:59:40.990,9.5700,300
57581209125591,15:59:41.209,9.5650,25
57581520909565,15:59:41.520,9.5700,200
57582770083027,15:59:42.770,9.5700,42
57582770083027,15:59:42.770,9.5700,58
57583027344983,15:59:43.027,9.5650,75
57583027344983,15:59:43.027,9.5650,25
57583770064625,15:59:43.770,9.5700,100
57586453663620,15:59:46.453,9.5700,7
57586770007540,15:59:46.770,9.5700,100
57587769798727,15:59:47.769,9.5650,100
57589769884716,15:59:49.769,9.5650,100
57590255552250,15:59:50.255,9.5600,9
57590255668098,15:59:50.255,9.5600,101
57591306168178,15:59:51.306,9.5700,16
57591769389380,15:59:51.769,9.5650,100
57591770755302,15:59:51.770,9.5700,200
57593845391409,15:59:53.845,9.5700,23
57595368362468,15:59:55.368,9.5650,100
57595368362468,15:59:55.368,9.5700,100
57595767593964,15:59:55.767,9.5700,100
57595768919853,15:59:55.768,9.5700,100
57596803386466,15:59:56.803,9.5700,200
57597607681762,15:59:57.607,9.5700,12
57598250470832,15:59:58.250,9.5650,100
57598655167508,15:59:58.655,9.5650,100
57598655167508,15:59:58.655,9.5700,229
57598673513282,15:59:58.673,9.5650,100
57598673513282,15:59:58.673,9.5700,191
57599907165951,15:59:59.907,9.5700,300
57600429571200,16:00:00.429,9.5700,141298
