timestamp,time,price,volume
34200561204880,09:30:00.561,27.5600,315
34206877050214,09:30:06.877,27.5700,100
34230814238468,09:30:30.814,27.5000,1
34573351500351,09:36:13.351,27.5600,2
34573351527315,09:36:13.351,27.5600,21
34573351527315,09:36:13.351,27.5600,148
34573351859483,09:36:13.351,27.5000,39
35250925752896,09:47:30.925,27.2000,5
35250925855525,09:47:30.925,27.2000,70
35518482151085,09:51:58.482,27.2300,100
35518482151085,09:51:58.482,27.0600,100
35518482196354,09:51:58.482,27.0400,100
35518482196354,09:51:58.482,27.0200,100
35518482234439,09:51:58.482,27.0200,200
35518483313325,09:51:58.483,27.0200,100
35518483361427,09:51:58.483,27.0200,100
35518483370283,09:51:58.483,27.0200,60
35708015579613,09:55:08.015,27.0200,98
35708045083122,09:55:08.045,27.0300,205
35708045107341,09:55:08.045,27.0300,205
36067047086182,10:01:07.047,27.0400,20
36067047159215,10:01:07.047,27.0400,232
36067049337092,10:01:07.049,27.0400,100
36261495202140,10:04:21.495,27.0400,332
36261495224886,10:04:21.495,27.0400,332
36261498538825,10:04:21.498,27.0400,332
36600570972996,10:10:00.570,27.0400,452
36600571052010,10:10:00.571,27.0400,452
36600571077126,10:10:00.571,27.0400,452
36634799683062,10:10:34.799,27.0400,302
36634799728331,10:10:34.799,27.0400,100
36650126993760,10:10:50.126,27.0400,100
36668454732399,10:11:08.454,27.0500,200
36668454818201,10:11:08.454,27.0500,200
36668631807665,10:11:08.631,27.0500,100
36672269496251,10:11:12.269,27.1000,100
36684491687560,10:11:24.491,27.1200,100
36685239858905,10:11:25.239,27.1100,100
36782462201172,10:13:02.462,27.1200,100
36784905947932,10:13:04.905,27.1300,26
37115743587903,10:18:35.743,27.1200,100
37115743587903,10:18:35.743,27.1200,100
37115743614649,10:18:35.743,27.1200,60
37115743662794,10:18:35.743,27.1200,40
37115743662794,10:18:35.743,27.1200,1
37115743662794,10:18:35.743,27.1200,100
37115747704374,10:18:35.747,26.9600,10
37458602598207,10:24:18.602,27.2000,100
37458602673145,10:24:18.602,27.2000,100
37458602832616,10:24:18.602,27.2000,100
37458602832616,10:24:18.602,27.2000,82
37458603477651,10:24:18.603,27.2000,18
37458603532930,10:24:18.603,27.2100,100
38408185828426,10:40:08.185,27.4000,100
38408186039129,10:40:08.186,27.4100,100
38566174649840,10:42:46.174,27.4200,51
38566174684674,10:42:46.174,27.4200,49
38694162828897,10:44:54.162,27.4800,2
38823315562240,10:47:03.315,27.4700,86
38841319185314,10:47:21.319,27.4600,18
38899121285753,10:48:19.121,27.5700,63
38915363439403,10:48:35.363,27.4600,26
38915363468065,10:48:35.363,27.4600,25
38915363468065,10:48:35.363,27.4600,71
38915363520997,10:48:35.363,27.4600,29
38915363520997,10:48:35.363,27.4600,82
38915363520997,10:48:35.363,27.4600,70
39168697570501,10:52:48.697,27.3000,15
39429366808057,10:57:09.366,27.4600,100
39487405428244,10:58:07.405,27.3300,100
39487405428244,10:58:07.405,27.3200,31
39487951121652,10:58:07.951,27.3200,23
39508774776755,10:58:28.774,27.3400,31
39666430563940,11:01:06.430,27.4700,100
39666430689382,11:01:06.430,27.4700,100
40013943296917,11:06:53.943,27.4100,100
40013943296917,11:06:53.943,27.4000,46
40013943367340,11:06:53.943,27.4000,75
41017644052137,11:23:37.644,27.4000,100
41017644052137,11:23:37.644,27.4000,66
41017644052137,11:23:37.644,27.4000,59
41017644106229,11:23:37.644,27.4000,100
41017644160116,11:23:37.644,27.3900,100
41043989780159,11:24:03.989,27.2600,15
41444345011386,11:30:44.345,27.2800,100
41444345011386,11:30:44.345,27.2800,100
41444345011386,11:30:44.345,27.2800,15
41608699402099,11:33:28.699,27.3400,8
42302179011061,11:45:02.179,27.2950,100
42575740119443,11:49:35.740,27.3600,100
42738502128892,11:52:18.502,27.3300,100
42738502128892,11:52:18.502,27.3300,15
42738502359318,11:52:18.502,27.3300,85
42738502379689,11:52:18.502,27.3200,57
42741673022808,11:52:21.673,27.3000,100
43177075459654,11:59:37.075,27.3400,100
43836396408562,12:10:36.396,27.4100,2
43836396766524,12:10:36.396,27.4200,3
43836396802377,12:10:36.396,27.4200,18
43982629101583,12:13:02.629,27.4200,100
43982629101583,12:13:02.629,27.4100,100
44422580706473,12:20:22.580,27.5600,4
44422580706473,12:20:22.580,27.5600,96
44533376073724,12:22:13.376,27.5100,20
44555161508889,12:22:35.161,27.5800,9
44599049366790,12:23:19.049,27.5100,100
44599049366790,12:23:19.049,27.5100,100
44599049366790,12:23:19.049,27.5100,16
44599049600059,12:23:19.049,27.5100,84
44624076781845,12:23:44.076,27.4500,12
44700310859276,12:25:00.310,27.4500,10
44872346592448,12:27:52.346,27.4500,40
45197085237229,12:33:17.085,27.4500,2
45197087159283,12:33:17.087,27.4500,3
45271092632543,12:34:31.092,27.4500,10
45516029677489,12:38:36.029,27.4500,23
45516029741365,12:38:36.029,27.4400,1
45516029741365,12:38:36.029,27.4400,6
45571412677952,12:39:31.412,27.4300,5
45571412677952,12:39:31.412,27.4300,5
45571412677952,12:39:31.412,27.4300,8
45717013929508,12:41:57.013,27.4500,100
45717013929508,12:41:57.013,27.4500,92
45717013929508,12:41:57.013,27.4500,8
45717013990596,12:41:57.013,27.4500,92
45717013990596,12:41:57.013,27.4500,8
45717013998785,12:41:57.013,27.4500,43
45717017732576,12:41:57.017,27.4100,5
45717017732576,12:41:57.017,27.4100,1
45717017732576,12:41:57.017,27.4100,10
45717017732576,12:41:57.017,27.4100,4
45952530597477,12:45:52.530,27.4200,89
45952530609190,12:45:52.530,27.4200,11
45952638553621,12:45:52.638,27.3700,10
46019895639859,12:46:59.895,27.4200,11
46019895639859,12:46:59.895,27.4200,89
46019895821274,12:46:59.895,27.4200,11
46019896206778,12:46:59.896,27.4300,5
46019897597948,12:46:59.897,27.4400,100
47248314038406,13:07:28.314,27.5000,13
47253657611892,13:07:33.657,27.5000,87
47253657611892,13:07:33.657,27.5100,74
47253657616643,13:07:33.657,27.5100,26
47253657616643,13:07:33.657,27.5100,22
47253657649257,13:07:33.657,27.5100,78
47253657649257,13:07:33.657,27.5100,18
47253852703130,13:07:33.852,27.5200,100
47416143876124,13:10:16.143,27.5400,100
47416143876124,13:10:16.143,27.5400,67
47522763756182,13:12:02.763,27.5400,66
47522763756182,13:12:02.763,27.5400,33
47522763756182,13:12:02.763,27.5400,40
47522763756182,13:12:02.763,27.5400,52
47522763969452,13:12:02.763,27.5300,100
47522763991039,13:12:02.763,27.5300,100
47522763991039,13:12:02.763,27.5300,46
47522763998091,13:12:02.763,27.5300,54
47522763998091,13:12:02.763,27.5300,100
47522763998091,13:12:02.763,27.5300,46
47522764015051,13:12:02.764,27.5300,54
47579001376786,13:12:59.001,27.4500,96
47710070694343,13:15:10.070,27.4400,37
48200516889609,13:23:20.516,27.3900,14
48307451017698,13:25:07.451,27.3900,60
48665436342936,13:31:05.436,27.4000,45
48758139397522,13:32:38.139,27.4000,21
49380053682968,13:43:00.053,27.4200,100
49380053682968,13:43:00.053,27.4100,2
49415953610812,13:43:35.953,27.5700,8
49415953610812,13:43:35.953,27.5700,33
49419875997869,13:43:39.875,27.4600,100
49419877345867,13:43:39.877,27.4500,100
49419877345867,13:43:39.877,27.4500,2
49419877425399,13:43:39.877,27.4500,98
50071158714354,13:54:31.158,27.4600,22
50071158786150,13:54:31.158,27.4600,78
50071158786150,13:54:31.158,27.4600,100
50071158786150,13:54:31.158,27.4600,51
50071158786150,13:54:31.158,27.4600,100
50071160579993,13:54:31.160,27.3700,5
50155005854142,13:55:55.005,27.3600,100
50155005854142,13:55:55.005,27.3600,33
50155006001174,13:55:55.006,27.3600,33
50155020141787,13:55:55.020,27.3600,67
50155021197495,13:55:55.021,27.3500,10
50513188392452,14:01:53.188,27.4700,100
50513571816784,14:01:53.571,27.5200,100
50513572306094,14:01:53.572,27.5300,77
50586171357700,14:03:06.171,27.5300,100
50595349312297,14:03:15.349,27.5400,100
51660222902927,14:21:00.222,27.5200,21
52186990772169,14:29:46.990,27.5100,91
52186990831273,14:29:46.990,27.5100,9
52186990831273,14:29:46.990,27.5100,100
52186990831273,14:29:46.990,27.5100,100
52186990831273,14:29:46.990,27.5100,100
52186990831273,14:29:46.990,27.5100,100
52186991069622,14:29:46.991,27.5100,15
52186991095300,14:29:46.991,27.5100,85
52186991119141,14:29:46.991,27.5100,100
52186991428965,14:29:46.991,27.5100,100
52186992049429,14:29:46.992,27.5100,85
52186992094984,14:29:46.992,27.5100,15
52186992094984,14:29:46.992,27.5100,85
52186992107720,14:29:46.992,27.5100,4
52186992774724,14:29:46.992,27.5100,96
52186992774724,14:29:46.992,27.5100,4
52186993667668,14:29:46.993,27.5100,96
52186993667668,14:29:46.993,27.5100,100
52187228535027,14:29:47.228,27.5100,15
52187228827104,14:29:47.228,27.5100,85
52187228827104,14:29:47.228,27.5100,15
52187229944064,14:29:47.229,27.5100,85
52187229944064,14:29:47.229,27.5100,15
52187230167348,14:29:47.230,27.5100,49
52734444830450,14:38:54.444,27.5400,9
52734491384386,14:38:54.491,27.5500,100
52734491410330,14:38:54.491,27.5500,100
52827690990463,14:40:27.690,27.5100,100
53029060330795,14:43:49.060,27.4900,100
53029060389232,14:43:49.060,27.4900,100
53029160854702,14:43:49.160,27.4900,100
53097377075920,14:44:57.377,27.5200,29
53097377100938,14:44:57.377,27.5200,71
53104149095310,14:45:04.149,27.5200,100
53143438700734,14:45:43.438,27.4800,100
53143438700734,14:45:43.438,27.4800,100
53232802968028,14:47:12.802,27.5100,100
53232802968028,14:47:12.802,27.5200,100
53232803079295,14:47:12.803,27.5200,100
53232803079295,14:47:12.803,27.5200,100
53232803941099,14:47:12.803,27.5200,100
53232819364477,14:47:12.819,27.5300,200
53232941306370,14:47:12.941,27.5300,40
53233147376286,14:47:13.147,27.5400,100
53233147425228,14:47:13.147,27.5500,100
53233149799643,14:47:13.149,27.5500,100
53238749839844,14:47:18.749,27.5600,100
53240394376789,14:47:20.394,27.5600,100
53261193068035,14:47:41.193,27.5200,100
53261193068035,14:47:41.193,27.5200,100
53261193068035,14:47:41.193,27.5200,100
53261193306646,14:47:41.193,27.5200,31
53266362971824,14:47:46.362,27.5200,100
53429452851162,14:50:29.452,27.5100,100
53437737958368,14:50:37.737,27.5200,1
53442713366115,14:50:42.713,27.5200,99
53554218334956,14:52:34.218,27.5100,100
53554220744343,14:52:34.220,27.5100,66
53554956997070,14:52:34.956,27.5000,100
53559141378933,14:52:39.141,27.4900,5
53705023156028,14:55:05.023,27.5150,30
53799057420328,14:56:39.057,27.5400,5
53844935220397,14:57:24.935,27.5000,40
53849129060880,14:57:29.129,27.4900,100
53849129060880,14:57:29.129,27.4900,100
53849129060880,14:57:29.129,27.4900,100
53860134892997,14:57:40.134,27.4800,31
53860134892997,14:57:40.134,27.4800,100
53860134892997,14:57:40.134,27.4800,20
53935414847702,14:58:55.414,27.5000,26
53935414847702,14:58:55.414,27.5000,8
53998934501203,14:59:58.934,27.5000,20
53998945534181,14:59:58.945,27.5000,72
54041966272977,15:00:41.966,27.5200,8
54083686244530,15:01:23.686,27.5900,100
54096994222407,15:01:36.994,27.6200,100
54102334274932,15:01:42.334,27.6200,100
54102334274932,15:01:42.334,27.6200,100
54134612416961,15:02:14.612,27.5900,10
54175322735425,15:02:55.322,27.5800,31
54185260493718,15:03:05.260,27.6400,10
54691560114892,15:11:31.560,27.5800,200
54722173414748,15:12:02.173,27.6000,10
54722173440977,15:12:02.173,27.6000,90
54725342379926,15:12:05.342,27.6100,10
54725342404869,15:12:05.342,27.6100,90
54733294541598,15:12:13.294,27.6000,100
54733295169396,15:12:13.295,27.5900,100
54804048669626,15:13:24.048,27.5400,100
54948006454945,15:15:48.006,27.6100,16
54948009323411,15:15:48.009,27.6200,84
54948009347675,15:15:48.009,27.6200,16
54948009376669,15:15:48.009,27.5800,200
55174062978799,15:19:34.062,27.5900,100
55174062978799,15:19:34.062,27.5900,66
55179862622885,15:19:39.862,27.5800,100
55179862622885,15:19:39.862,27.5800,51
55179862622885,15:19:39.862,27.5800,83
55595265364069,15:26:35.265,27.5900,100
56427419610498,15:40:27.419,27.5400,100
56427419610498,15:40:27.419,27.5400,51
56560322015169,15:42:40.322,27.5300,4
56560323782512,15:42:40.323,27.5300,5
56703460680416,15:45:03.460,27.5900,100
56703460912078,15:45:03.460,27.6000,18
56703460950867,15:45:03.460,27.6000,39
56703460979017,15:45:03.460,27.6000,40
56726567904172,15:45:26.567,27.5500,94
56726567904172,15:45:26.567,27.5500,6
56726567976065,15:45:26.567,27.5500,94
56728865020199,15:45:28.865,27.5300,91
56728865020199,15:45:28.865,27.5300,9
56728865095733,15:45:28.865,27.5300,46
56737506826708,15:45:37.506,27.5100,40
56737506861192,15:45:37.506,27.5100,60
56737506861192,15:45:37.506,27.5000,36
56737506861192,15:45:37.506,27.5000,4
57026128303669,15:50:26.128,27.5200,7
57074342595616,15:51:14.342,27.5200,12
57074342669141,15:51:14.342,27.5200,43
57228150286959,15:53:48.150,27.5100,13
57228150362320,15:53:48.150,27.5100,87
57228150362320,15:53:48.150,27.5100,96
57228150362320,15:53:48.150,27.5100,41
57230028321549,15:53:50.028,27.5000,96
57230028413207,15:53:50.028,27.4900,1
57300977251542,15:55:00.977,27.4800,8
57300977251542,15:55:00.977,27.4800,2
57300977251542,15:55:00.977,27.4800,2
57300977251542,15:55:00.977,27.4800,3
57300977251542,15:55:00.977,27.4800,85
57300977251542,15:55:00.977,27.4800,45
57300977251542,15:55:00.977,27.4800,24
57305368270642,15:55:05.368,27.4800,15
57346902103572,15:55:46.902,27.5500,100
57346902335569,15:55:46.902,27.5500,2
57361352404574,15:56:01.352,27.5600,100
57431343624161,15:57:11.343,27.5300,95
57549371040214,15:59:09.371,27.5200,3
57549371633420,15:59:09.371,27.5200,3
57551079035107,15:59:11.079,27.5300,3
57551082319422,15:59:11.082,27.5200,89
57551082319422,15:59:11.082,27.5200,100
57551082319422,15:59:11.082,27.5200,1
57551358271916,15:59:11.358,27.5500,10
57551358271916,15:59:11.358,27.5600,30
57567022066285,15:59:27.022,27.5600,100
57567022093430,15:59:27.022,27.5600,31
57567022093430,15:59:27.022,27.5600,23
57567022093430,15:59:27.022,27.5600,6
57567022093430,15:59:27.022,27.5600,9
57573083147226,15:59:33.083,27.5800,32
57573083172542,15:59:33.083,27.5800,62
57591641070156,15:59:51.641,27.6100,100
57593279804746,15:59:53.279,27.5700,5
57600406976703,16:00:00.406,27.5800,5488
