timestamp,time,price,volume
22432622777605,06:13:52.622,47.4500,100
27745714773338,07:42:25.714,47.4100,100
29363241353873,08:09:23.241,47.5000,1
33277929061770,09:14:37.929,47.5300,1
33462143984270,09:17:42.143,47.5200,5
33496069996373,09:18:16.069,47.5200,1
33587012150707,09:19:47.012,47.4100,2
33587012150707,09:19:47.012,47.4100,4
33853988267299,09:24:13.988,47.4100,1
34080031304935,09:28:00.031,47.3100,2
34080031392056,09:28:00.031,47.2100,2
34080031392056,09:28:00.031,47.2000,1
34180577227389,09:29:40.577,47.5200,1
34181001977244,09:29:41.001,47.2400,116
34189003021347,09:29:49.003,47.2200,200
34193002489973,09:29:53.002,47.2200,200
34193002489973,09:29:53.002,47.1700,2100
34195029215679,09:29:55.029,47.1700,200
34197002698453,09:29:57.002,47.1600,200
34200796592229,09:30:00.796,0.0000,0
34208682349704,09:30:08.682,47.2600,2
34208682349704,09:30:08.682,47.2600,2
34208682349704,09:30:08.682,47.2600,2
34208684145140,09:30:08.684,47.2600,100
34208684192736,09:30:08.684,47.2600,19
34208685006210,09:30:08.685,47.2600,98
34208685035147,09:30:08.685,47.2600,2
34208686035443,09:30:08.686,47.2600,2
34208686035443,09:30:08.686,47.2600,100
34208687345153,09:30:08.687,47.2600,100
34208687397834,09:30:08.687,47.2600,30
34208687458477,09:30:08.687,47.2600,1
34208688239523,09:30:08.688,47.2700,102
34208688864543,09:30:08.688,47.2700,5
34208689966109,09:30:08.689,47.2700,44
34208690265007,09:30:08.690,47.2700,56
34208690444276,09:30:08.690,47.2600,2
34209044492088,09:30:09.044,47.2500,100
34209098154754,09:30:09.098,47.2600,2
34209204150912,09:30:09.204,47.2600,98
34209204150912,09:30:09.204,47.2600,102
34209684925062,09:30:09.684,47.2600,5
34209688063715,09:30:09.688,47.2500,27
34209688088445,09:30:09.688,47.2500,73
34209688088445,09:30:09.688,47.2500,100
34212372125422,09:30:12.372,47.2600,200
34212603192766,09:30:12.603,47.2900,100
34213032872604,09:30:13.032,47.2900,100
34213032872604,09:30:13.032,47.2900,100
34213032961325,09:30:13.032,47.2900,100
34213351710997,09:30:13.351,47.3100,100
34213351710997,09:30:13.351,47.3100,100
34213352549883,09:30:13.352,47.3100,100
34219546794851,09:30:19.546,47.2300,100
34219547410292,09:30:19.547,47.2300,100
34219558236573,09:30:19.558,47.2200,100
34219558496281,09:30:19.558,47.2200,100
34219558496281,09:30:19.558,47.2200,100
34219558496281,09:30:19.558,47.2200,100
34219558523124,09:30:19.558,47.2200,100
34219558596614,09:30:19.558,47.2200,100
34219558596614,09:30:19.558,47.2200,100
34219558681809,09:30:19.558,47.2200,100
34219558681809,09:30:19.558,47.2200,100
34219703584032,09:30:19.703,47.2300,100
34221115634556,09:30:21.115,47.2300,100
34226119469778,09:30:26.119,47.2500,100
34226119469778,09:30:26.119,47.2500,200
34226119525665,09:30:26.119,47.2500,100
34226119525665,09:30:26.119,47.2500,100
34226119525665,09:30:26.119,47.2400,100
34226119538628,09:30:26.119,47.2400,100
34226119538628,09:30:26.119,47.2400,100
34226119538628,09:30:26.119,47.2400,100
34226119568049,09:30:26.119,47.2400,100
34226122131890,09:30:26.122,47.2300,100
34226122131890,09:30:26.122,47.2300,100
34226123818424,09:30:26.123,47.2200,100
34226128953383,09:30:26.128,47.2200,100
34226128953383,09:30:26.128,47.2200,200
34226128953383,09:30:26.128,47.2200,100
34226530743550,09:30:26.530,47.2300,100
34226530743550,09:30:26.530,47.2300,200
34229869496292,09:30:29.869,47.2400,100
34229869496292,09:30:29.869,47.2400,100
34229869496292,09:30:29.869,47.2400,100
34230316507243,09:30:30.316,47.2400,100
34230316607500,09:30:30.316,47.2400,100
34232116787641,09:30:32.116,47.2300,200
34232116787641,09:30:32.116,47.2300,100
34232116823552,09:30:32.116,47.2300,100
34232116823552,09:30:32.116,47.2300,68
34232116908045,09:30:32.116,47.2300,32
34232116908045,09:30:32.116,47.2300,100
34232116908045,09:30:32.116,47.2300,100
34232116908045,09:30:32.116,47.2300,100
34232117132360,09:30:32.117,47.2300,100
34232119125918,09:30:32.119,47.2300,100
34232119125918,09:30:32.119,47.2300,100
34232119125918,09:30:32.119,47.2300,100
34232123652644,09:30:32.123,47.2300,84
34232124204847,09:30:32.124,47.2300,84
34233420027467,09:30:33.420,47.2200,100
34233420027467,09:30:33.420,47.2200,100
34233420724711,09:30:33.420,47.2200,30
34233420724711,09:30:33.420,47.2200,3
34233420751608,09:30:33.420,47.2200,97
34233420751608,09:30:33.420,47.2200,30
34234058744327,09:30:34.058,47.2100,25
34234058744327,09:30:34.058,47.2100,100
34234058744327,09:30:34.058,47.2100,75
34234058773998,09:30:34.058,47.2100,25
34234143219485,09:30:34.143,47.2000,30
34234143219485,09:30:34.143,47.2000,100
34234143219485,09:30:34.143,47.2000,25
34234143219485,09:30:34.143,47.2000,100
34234648455654,09:30:34.648,47.2000,130
34234648455654,09:30:34.648,47.2000,100
34234648455654,09:30:34.648,47.2000,200
34235059842820,09:30:35.059,47.2000,100
34235059842820,09:30:35.059,47.2000,100
34236024896197,09:30:36.024,47.2000,100
34236024896197,09:30:36.024,47.2000,26
34236024922405,09:30:36.024,47.2000,74
34236737442445,09:30:36.737,47.2000,100
34238854702980,09:30:38.854,47.2000,69
34238854707078,09:30:38.854,47.2000,31
34238854707078,09:30:38.854,47.2000,100
34242876260391,09:30:42.876,47.2000,100
34245221147036,09:30:45.221,47.2000,100
34245221147036,09:30:45.221,47.2000,100
34245221147036,09:30:45.221,47.2000,100
34246768173217,09:30:46.768,47.2000,100
34250836749731,09:30:50.836,47.2000,100
34255862414965,09:30:55.862,47.2000,100
34255862414965,09:30:55.862,47.2000,100
34255864023414,09:30:55.864,47.2100,100
34255864023414,09:30:55.864,47.2100,100
34255864023414,09:30:55.864,47.2100,100
34255864023414,09:30:55.864,47.2100,100
34256018175975,09:30:56.018,47.2000,61
34256147571684,09:30:56.147,47.2000,39
34256147571684,09:30:56.147,47.2000,100
34256544509987,09:30:56.544,47.2000,100
34257765270377,09:30:57.765,47.2100,100
34257765893896,09:30:57.765,47.2100,100
34259629109974,09:30:59.629,47.2200,100
34259629109974,09:30:59.629,47.2200,100
34259629556571,09:30:59.629,47.2200,100
34259629556571,09:30:59.629,47.2200,100
34259629556571,09:30:59.629,47.2100,100
34259629556571,09:30:59.629,47.2100,100
34259629556571,09:30:59.629,47.2100,100
34259629556571,09:30:59.629,47.2100,100
34259629656679,09:30:59.629,47.2100,200
34259629656679,09:30:59.629,47.2200,100
34268542512476,09:31:08.542,47.2200,100
34268542512476,09:31:08.542,47.2200,100
34268868282601,09:31:08.868,47.2400,100
34268868282601,09:31:08.868,47.2400,100
34268868282601,09:31:08.868,47.2400,100
34268873317605,09:31:08.873,47.2500,100
34271072746368,09:31:11.072,47.2600,50
34272665576289,09:31:12.665,47.2700,100
34272665576289,09:31:12.665,47.2700,100
34272667439762,09:31:12.667,47.2800,200
34273819912780,09:31:13.819,47.2700,100
34273827859499,09:31:13.827,47.2600,22
34273834659143,09:31:13.834,47.2700,100
34273834659143,09:31:13.834,47.2700,100
34273834659143,09:31:13.834,47.2700,100
34273834659143,09:31:13.834,47.2700,69
34273834688531,09:31:13.834,47.2700,31
34274692995914,09:31:14.692,47.2900,100
34274692995914,09:31:14.692,47.2900,100
34274693405639,09:31:14.693,47.2800,100
34274693405639,09:31:14.693,47.2800,100
34274693405639,09:31:14.693,47.2800,100
34274693425297,09:31:14.693,47.2700,100
34274693607947,09:31:14.693,47.2800,100
34274693607947,09:31:14.693,47.2800,100
34274693607947,09:31:14.693,47.2800,100
34274693607947,09:31:14.693,47.2800,10
34274693607947,09:31:14.693,47.2800,100
34274693607947,09:31:14.693,47.2800,10
34274693607947,09:31:14.693,47.2800,10
34274693607947,09:31:14.693,47.2800,10
34274693646156,09:31:14.693,47.2800,100
34274693665885,09:31:14.693,47.2800,100
34274693674427,09:31:14.693,47.2800,30
34274693735797,09:31:14.693,47.2800,70
34274693735797,09:31:14.693,47.2800,30
34274694069371,09:31:14.694,47.2800,70
34274694333517,09:31:14.694,47.2700,30
34275859957027,09:31:15.859,47.2700,70
34275859957027,09:31:15.859,47.2600,28
34275859957027,09:31:15.859,47.2600,100
34275859957027,09:31:15.859,47.2600,30
34275859991686,09:31:15.859,47.2600,70
34276440026356,09:31:16.440,47.2500,100
34276477762876,09:31:16.477,47.2500,100
34276477762876,09:31:16.477,47.2500,100
34276477762876,09:31:16.477,47.2500,200
34276477790239,09:31:16.477,47.2500,200
34276860289439,09:31:16.860,47.2500,100
34276860289439,09:31:16.860,47.2500,100
34276910399886,09:31:16.910,47.2500,100
34276910399886,09:31:16.910,47.2500,100
34279455686399,09:31:19.455,47.2600,75
34279455714534,09:31:19.455,47.2600,25
34279455714534,09:31:19.455,47.2600,100
34280959108837,09:31:20.959,47.2700,100
34280959108837,09:31:20.959,47.2700,100
34280959108837,09:31:20.959,47.2700,500
34295156708592,09:31:35.156,47.2700,100
34295156708592,09:31:35.156,47.2700,300
34295157292133,09:31:35.157,47.2700,100
34295160206984,09:31:35.160,47.2700,100
34300996411407,09:31:40.996,47.2900,100
34302672374221,09:31:42.672,47.3000,100
34302674976805,09:31:42.674,47.3100,100
34306519050376,09:31:46.519,47.3300,100
34306860567073,09:31:46.860,47.3300,100
34306860567073,09:31:46.860,47.3300,100
34309760527897,09:31:49.760,47.3300,100
34310891470757,09:31:50.891,47.3400,100
34311888312853,09:31:51.888,47.3400,100
34311888312853,09:31:51.888,47.3400,100
34314354064903,09:31:54.354,47.3500,100
34314354064903,09:31:54.354,47.3500,100
34314360768810,09:31:54.360,47.3500,100
34317933775506,09:31:57.933,47.3600,19
34324355921568,09:32:04.355,47.3700,100
34324612020706,09:32:04.612,47.3700,100
34324890960027,09:32:04.890,47.3800,100
34324890960027,09:32:04.890,47.3800,100
34324890960027,09:32:04.890,47.3800,100
34326279598142,09:32:06.279,47.3800,100
34326589178013,09:32:06.589,47.3900,100
34326589178013,09:32:06.589,47.3900,100
34328431923582,09:32:08.431,47.3900,100
34329924902892,09:32:09.924,47.3800,100
34329924902892,09:32:09.924,47.3800,13
34332556033924,09:32:12.556,47.3800,100
34332565772085,09:32:12.565,47.3800,100
34332565772085,09:32:12.565,47.3800,100
34332565956854,09:32:12.565,47.3800,100
34332565956854,09:32:12.565,47.3800,100
34333183585225,09:32:13.183,47.3700,100
34333183585225,09:32:13.183,47.3700,100
34333240337821,09:32:13.240,47.3700,100
34333240363969,09:32:13.240,47.3700,100
34333240363969,09:32:13.240,47.3700,100
34333240363969,09:32:13.240,47.3700,100
34333419217479,09:32:13.419,47.3800,100
34333419217479,09:32:13.419,47.3800,100
34333618112753,09:32:13.618,47.3900,100
34333618112753,09:32:13.618,47.3900,100
34333618112753,09:32:13.618,47.3900,100
34333622940136,09:32:13.622,47.3900,100
34333622940136,09:32:13.622,47.3900,100
34333834509093,09:32:13.834,47.3800,100
34335135060735,09:32:15.135,47.3700,100
34336517022783,09:32:16.517,47.3700,100
34339624056411,09:32:19.624,47.3600,100
34340716293474,09:32:20.716,47.3500,100
34341919805962,09:32:21.919,47.3500,100
34341919805962,09:32:21.919,47.3500,100
34341920212433,09:32:21.920,47.3500,100
34341920409030,09:32:21.920,47.3500,100
34342009526315,09:32:22.009,47.3400,100
34342009526315,09:32:22.009,47.3400,100
34342009526315,09:32:22.009,47.3400,100
34342040082630,09:32:22.040,47.3400,100
34342040082630,09:32:22.040,47.3400,100
34342040082630,09:32:22.040,47.3400,100
34344863071370,09:32:24.863,47.3500,200
34344906512949,09:32:24.906,47.3500,100
34344906977264,09:32:24.906,47.3600,200
34344906977264,09:32:24.906,47.3600,100
34344906977264,09:32:24.906,47.3600,100
34344907281607,09:32:24.907,47.3600,100
34344907281607,09:32:24.907,47.3600,100
34344907281607,09:32:24.907,47.3600,100
34344907281607,09:32:24.907,47.3600,200
34344907281607,09:32:24.907,47.3600,100
34344907841024,09:32:24.907,47.3600,100
34344907869085,09:32:24.907,47.3600,100
34344907869085,09:32:24.907,47.3600,100
34344908507290,09:32:24.908,47.3600,100
34345350307587,09:32:25.350,47.3600,100
34345350307587,09:32:25.350,47.3600,100
34345350307587,09:32:25.350,47.3600,100
34345350307587,09:32:25.350,47.3600,100
34345574098435,09:32:25.574,47.3700,100
34350230521768,09:32:30.230,47.3900,100
34352923417168,09:32:32.923,47.3900,100
34352923417168,09:32:32.923,47.3900,200
34353470706368,09:32:33.470,47.3800,100
34359850706031,09:32:39.850,47.3900,100
34359850706031,09:32:39.850,47.3900,100
34362900734942,09:32:42.900,47.4000,100
34369820850610,09:32:49.820,47.4100,100
34369820878648,09:32:49.820,47.4100,100
34380005470131,09:33:00.005,47.4200,100
34380128241041,09:33:00.128,47.4100,100
34380128241041,09:33:00.128,47.4100,100
34383771174987,09:33:03.771,47.4000,100
34383771806575,09:33:03.771,47.4000,100
34386346471668,09:33:06.346,47.4000,100
34386408386751,09:33:06.408,47.3900,100
34386408386751,09:33:06.408,47.3900,100
34387532706455,09:33:07.532,47.3800,100
34387626543689,09:33:07.626,47.3800,100
34388225754657,09:33:08.225,47.3900,100
34390269390711,09:33:10.269,47.3800,100
34392660987610,09:33:12.660,47.3800,100
34392660987610,09:33:12.660,47.3800,100
34392839291405,09:33:12.839,47.3900,100
34392839291405,09:33:12.839,47.3900,100
34392839291405,09:33:12.839,47.3900,100
34392864900388,09:33:12.864,47.3900,100
34392864900388,09:33:12.864,47.3900,100
34392864900388,09:33:12.864,47.3900,100
34392864900388,09:33:12.864,47.3900,100
34395865711708,09:33:15.865,47.3900,100
34395865711708,09:33:15.865,47.3900,100
34395873948817,09:33:15.873,47.4000,100
34395873948817,09:33:15.873,47.4000,100
34396593000363,09:33:16.593,47.3900,100
34396593000363,09:33:16.593,47.3900,100
34396593000363,09:33:16.593,47.3900,100
34396731995354,09:33:16.731,47.3800,100
34399408382431,09:33:19.408,47.3800,100
34399408407737,09:33:19.408,47.3800,100
34401585557225,09:33:21.585,47.3800,100
34401685788606,09:33:21.685,47.3800,100
34412301424190,09:33:32.301,47.3700,100
34412301424190,09:33:32.301,47.3700,100
34425206426180,09:33:45.206,47.3600,1
34425206426180,09:33:45.206,47.3600,96
34425206426180,09:33:45.206,47.3600,100
34425206426180,09:33:45.206,47.3600,200
34431890428088,09:33:51.890,47.3600,100
34431890428088,09:33:51.890,47.3600,100
34431891418807,09:33:51.891,47.3500,100
34431891418807,09:33:51.891,47.3500,100
34431891418807,09:33:51.891,47.3500,100
34434476700067,09:33:54.476,47.3500,100
34434476700067,09:33:54.476,47.3500,100
34436259691128,09:33:56.259,47.3600,100
34436260095335,09:33:56.260,47.3600,100
34436376486669,09:33:56.376,47.3700,200
34440520912909,09:34:00.520,47.3800,30
34440520938962,09:34:00.520,47.3800,93
34440520938962,09:34:00.520,47.3800,100
34443337793698,09:34:03.337,47.3900,100
34447956229987,09:34:07.956,47.3900,100
34447956229987,09:34:07.956,47.3900,100
34447960563723,09:34:07.960,47.3800,2
34447960816840,09:34:07.960,47.3800,100
34447960816840,09:34:07.960,47.3800,100
34447960880055,09:34:07.960,47.3800,100
34447961002664,09:34:07.961,47.3800,100
34447961002664,09:34:07.961,47.3800,100
34447961031185,09:34:07.961,47.3800,100
34447961031185,09:34:07.961,47.3800,100
34447961031185,09:34:07.961,47.3800,100
34447961031185,09:34:07.961,47.3800,200
34447961031185,09:34:07.961,47.3800,100
34447961031185,09:34:07.961,47.3800,127
34447961201388,09:34:07.961,47.3800,100
34447961201388,09:34:07.961,47.3800,100
34447962610447,09:34:07.962,47.3800,100
34448989276143,09:34:08.989,47.3700,100
34451258581868,09:34:11.258,47.3800,100
34451258581868,09:34:11.258,47.3800,400
34467731705257,09:34:27.731,47.3700,100
34469001639520,09:34:29.001,47.3700,100
34469001639520,09:34:29.001,47.3700,100
34469001666414,09:34:29.001,47.3700,13
34469003593184,09:34:29.003,47.3700,100
34470367969670,09:34:30.367,47.3700,100
34470367969670,09:34:30.367,47.3700,100
34470367969670,09:34:30.367,47.3700,100
34471376619930,09:34:31.376,47.3700,100
34473093192262,09:34:33.093,47.3700,100
34473093192262,09:34:33.093,47.3700,100
34473284047527,09:34:33.284,47.3800,100
34473284070972,09:34:33.284,47.3800,4
34475470302210,09:34:35.470,47.3800,100
34475470383786,09:34:35.470,47.3800,100
34475470383786,09:34:35.470,47.3800,100
34475470383786,09:34:35.470,47.3800,100
34475568142100,09:34:35.568,47.3800,100
34475568142100,09:34:35.568,47.3800,100
34475568142100,09:34:35.568,47.3800,100
34475568142100,09:34:35.568,47.3800,100
34476653758195,09:34:36.653,47.3800,100
34477718971694,09:34:37.718,47.3700,100
34477796549989,09:34:37.796,47.3700,100
34477796549989,09:34:37.796,47.3700,100
34477796549989,09:34:37.796,47.3700,100
34479032108393,09:34:39.032,47.3700,100
34479032108393,09:34:39.032,47.3700,100
34480068920139,09:34:40.068,47.3700,1
34480069145802,09:34:40.069,47.3700,100
34481195350658,09:34:41.195,47.3800,100
34486563449257,09:34:46.563,47.3900,2
34492793614807,09:34:52.793,47.3950,100
34492793785258,09:34:52.793,47.3950,100
34492793957817,09:34:52.793,47.4000,100
34492946789714,09:34:52.946,47.4100,100
34499323805333,09:34:59.323,47.4000,200
34503645982724,09:35:03.645,47.3950,162
34503645982724,09:35:03.645,47.4000,100
34503645982724,09:35:03.645,47.4000,100
34503645982724,09:35:03.645,47.4000,138
34503646265503,09:35:03.646,47.4000,62
34505708336749,09:35:05.708,47.4000,100
34505732073623,09:35:05.732,47.4000,100
34505796347743,09:35:05.796,47.4000,100
34505802635382,09:35:05.802,47.4000,38
34505802635382,09:35:05.802,47.4000,38
34505812605558,09:35:05.812,47.3900,58
34505812605558,09:35:05.812,47.3900,66
34508006569874,09:35:08.006,47.4000,40
34508006569874,09:35:08.006,47.4000,100
34508006569874,09:35:08.006,47.4000,200
34508006569874,09:35:08.006,47.4000,100
34508006569874,09:35:08.006,47.4000,100
34508006569874,09:35:08.006,47.4000,60
34510119826769,09:35:10.119,47.3900,100
34510119826769,09:35:10.119,47.3900,100
34510119826769,09:35:10.119,47.3900,100
34510140549863,09:35:10.140,47.3800,100
34510140549863,09:35:10.140,47.3800,100
34512614928209,09:35:12.614,47.3900,100
34514645750312,09:35:14.645,47.4000,100
34516184648698,09:35:16.184,47.4100,100
34532192616462,09:35:32.192,47.4100,943
34532192616462,09:35:32.192,47.4100,100
34532194253445,09:35:32.194,47.4200,50
34532194316289,09:35:32.194,47.4200,108
34532194372156,09:35:32.194,47.4200,34
34532194463189,09:35:32.194,47.4200,8
34532194523988,09:35:32.194,47.4200,34
34532194570266,09:35:32.194,47.4200,66
34542776582461,09:35:42.776,47.4400,5
34542776582461,09:35:42.776,47.4400,32
34557080547204,09:35:57.080,47.4400,100
34557080547204,09:35:57.080,47.4400,80
34557080637751,09:35:57.080,47.4400,20
34557200709267,09:35:57.200,47.4300,100
34560661004087,09:36:00.661,47.4200,200
34564328481531,09:36:04.328,47.4200,100
34569091349072,09:36:09.091,47.4200,100
34569091438188,09:36:09.091,47.4200,100
34569369143875,09:36:09.369,47.4200,100
34570376892784,09:36:10.376,47.4200,100
34584923709282,09:36:24.923,47.4300,52
34587704418319,09:36:27.704,47.4200,100
34592235599632,09:36:32.235,47.4200,100
34592235599632,09:36:32.235,47.4200,200
34592819207553,09:36:32.819,47.4200,100
34592819207553,09:36:32.819,47.4200,6
34592819218655,09:36:32.819,47.4200,94
34598440734236,09:36:38.440,47.4300,100
34600615572126,09:36:40.615,47.4400,100
34601763954949,09:36:41.763,47.4400,100
34601763954949,09:36:41.763,47.4400,106
34602605569336,09:36:42.605,47.4300,100
34605403702176,09:36:45.403,47.4200,100
34605426942678,09:36:45.426,47.4100,110
34606891508968,09:36:46.891,47.4100,100
34606891508968,09:36:46.891,47.4100,100
34607432325786,09:36:47.432,47.4200,10
34616512709886,09:36:56.512,47.4100,100
34616512709886,09:36:56.512,47.4100,100
34617884928234,09:36:57.884,47.4100,100
34617884928234,09:36:57.884,47.4100,300
34617884928234,09:36:57.884,47.4100,100
34617885023856,09:36:57.885,47.4100,16
34618520092821,09:36:58.520,47.4100,100
34625120332834,09:37:05.120,47.4100,100
34625120332834,09:37:05.120,47.4100,200
34625120332834,09:37:05.120,47.4100,100
34625192564797,09:37:05.192,47.4000,100
34634758146105,09:37:14.758,47.4100,100
34634758146105,09:37:14.758,47.4100,200
34638275927469,09:37:18.275,47.4100,100
34645235727987,09:37:25.235,47.4000,100
34645235727987,09:37:25.235,47.4000,100
34645235771260,09:37:25.235,47.4000,27
34645235771260,09:37:25.235,47.4000,106
34648288263313,09:37:28.288,47.4000,100
34651616534366,09:37:31.616,47.4000,100
34651616766281,09:37:31.616,47.4000,100
34651843070238,09:37:31.843,47.3900,100
34651843070238,09:37:31.843,47.3900,100
34655764937516,09:37:35.764,47.3900,100
34662621359413,09:37:42.621,47.3900,100
34662621359413,09:37:42.621,47.3900,100
34662621359413,09:37:42.621,47.3900,100
34666399490704,09:37:46.399,47.3800,13
34670326685603,09:37:50.326,47.3900,100
34670326685603,09:37:50.326,47.3900,100
34670599428506,09:37:50.599,47.4000,100
34670599428506,09:37:50.599,47.4000,100
34678076660681,09:37:58.076,47.4000,200
34678076721468,09:37:58.076,47.4000,107
34678243807931,09:37:58.243,47.4000,1
34678243899474,09:37:58.243,47.4000,92
34678243899474,09:37:58.243,47.4000,8
34678244065986,09:37:58.244,47.4000,92
34678244065986,09:37:58.244,47.4000,100
34678244065986,09:37:58.244,47.4000,106
34678253640306,09:37:58.253,47.3900,100
34678808612137,09:37:58.808,47.3800,84
34678808654456,09:37:58.808,47.3800,16
34686604998584,09:38:06.604,47.3600,100
34689394582228,09:38:09.394,47.3700,100
34694094104346,09:38:14.094,47.3800,100
34699593484561,09:38:19.593,47.3800,100
34699593484561,09:38:19.593,47.3800,100
34699593484561,09:38:19.593,47.3800,100
34701112345764,09:38:21.112,47.3800,100
34707367815995,09:38:27.367,47.3700,100
34707397183408,09:38:27.397,47.3700,100
34707397183408,09:38:27.397,47.3700,100
34707774238574,09:38:27.774,47.3700,100
34707774238574,09:38:27.774,47.3700,100
34709289940684,09:38:29.289,47.3800,100
34709289940684,09:38:29.289,47.3800,100
34709289940684,09:38:29.289,47.3800,100
34715999439148,09:38:35.999,47.3900,44
34721046969463,09:38:41.046,47.3800,200
34721046969463,09:38:41.046,47.3800,100
34725219162844,09:38:45.219,47.3700,100
34727465739276,09:38:47.465,47.3900,10
34729003342608,09:38:49.003,47.4000,23
34741376282591,09:39:01.376,47.3900,100
34741376282591,09:39:01.376,47.3900,100
34753514622042,09:39:13.514,47.3500,100
34753514622042,09:39:13.514,47.3500,100
34753514622042,09:39:13.514,47.3500,100
34765784509700,09:39:25.784,47.3600,100
34765784509700,09:39:25.784,47.3600,200
34765784509700,09:39:25.784,47.3600,100
34765784995728,09:39:25.784,47.3600,100
34769112046237,09:39:29.112,47.3700,100
34769112046237,09:39:29.112,47.3700,100
34769136801841,09:39:29.136,47.3700,100
34769136801841,09:39:29.136,47.3700,100
34775243586694,09:39:35.243,47.3700,100
34790053183690,09:39:50.053,47.3700,100
34800950817813,09:40:00.950,47.3800,100
34832031043749,09:40:32.031,47.3800,100
34832031043749,09:40:32.031,47.3800,106
34832031111969,09:40:32.031,47.3800,38
34832031210427,09:40:32.031,47.3800,38
34838461265956,09:40:38.461,47.3700,100
34838461265956,09:40:38.461,47.3700,200
34838561851952,09:40:38.561,47.3800,100
34854164484339,09:40:54.164,47.3900,100
34854164484339,09:40:54.164,47.3900,100
34855892279106,09:40:55.892,47.4000,10
34855892279106,09:40:55.892,47.4000,100
34855892279106,09:40:55.892,47.4000,100
34872962642336,09:41:12.962,47.4000,100
34872962642336,09:41:12.962,47.4000,100
34872962642336,09:41:12.962,47.4000,100
34872962642336,09:41:12.962,47.4000,2
34877669402974,09:41:17.669,47.4000,100
34877669402974,09:41:17.669,47.4000,100
34877669402974,09:41:17.669,47.4000,100
34877669402974,09:41:17.669,47.4000,100
34877669402974,09:41:17.669,47.4000,100
34888869795744,09:41:28.869,47.3900,100
34889014377437,09:41:29.014,47.4000,100
34889027796360,09:41:29.027,47.4000,14
34889109692115,09:41:29.109,47.4000,86
34889109692115,09:41:29.109,47.4000,100
34889109692115,09:41:29.109,47.4000,100
34889109692115,09:41:29.109,47.4000,100
34889109692115,09:41:29.109,47.4000,100
34893686760218,09:41:33.686,47.4000,100
34893686760218,09:41:33.686,47.4000,100
34893686760218,09:41:33.686,47.4000,100
34893767179030,09:41:33.767,47.4100,200
34893767179030,09:41:33.767,47.4100,100
34898596221001,09:41:38.596,47.4200,100
34898596221001,09:41:38.596,47.4200,100
34898596221001,09:41:38.596,47.4200,100
34898596221001,09:41:38.596,47.4200,100
34898596221001,09:41:38.596,47.4200,100
34905491896041,09:41:45.491,47.4300,100
34905491955500,09:41:45.491,47.4300,100
34905497717968,09:41:45.497,47.4300,100
34905497717968,09:41:45.497,47.4300,100
34905497717968,09:41:45.497,47.4300,100
34918901721308,09:41:58.901,47.4400,100
34918902471845,09:41:58.902,47.4400,200
34918902497412,09:41:58.902,47.4400,100
34918903204994,09:41:58.903,47.4400,99
34921125720135,09:42:01.125,47.4400,100
34921125720135,09:42:01.125,47.4400,100
34921125720135,09:42:01.125,47.4400,100
34921125948769,09:42:01.125,47.4400,100
34921125948769,09:42:01.125,47.4400,100
34921125948769,09:42:01.125,47.4400,100
34921126122549,09:42:01.126,47.4400,100
34925139689627,09:42:05.139,47.4500,200
34932762342920,09:42:12.762,47.4600,100
34933301366985,09:42:13.301,47.4600,100
34933301366985,09:42:13.301,47.4600,100
34943476552725,09:42:23.476,47.4700,46
34943476552725,09:42:23.476,47.4700,54
34945832332752,09:42:25.832,47.4500,100
34945832332752,09:42:25.832,47.4500,100
34945832332752,09:42:25.832,47.4500,70
34945832453815,09:42:25.832,47.4500,30
34945832453815,09:42:25.832,47.4500,30
34945832453815,09:42:25.832,47.4500,100
34954411045738,09:42:34.411,47.4700,45
34967032073959,09:42:47.032,47.4700,200
34967032073959,09:42:47.032,47.4700,100
34967032073959,09:42:47.032,47.4700,100
34969479301861,09:42:49.479,47.4600,100
34970553112266,09:42:50.553,47.4600,55
34987153194166,09:43:07.153,47.4800,45
35013771976228,09:43:33.771,47.4900,44
35015499215144,09:43:35.499,47.5000,100
35015499215144,09:43:35.499,47.5000,100
35015499215144,09:43:35.499,47.5000,250
35015499215144,09:43:35.499,47.5000,44
35015677379236,09:43:35.677,47.5100,44
35015679418429,09:43:35.679,47.5100,100
35015679418429,09:43:35.679,47.5100,100
35015679418429,09:43:35.679,47.5100,100
35015679418429,09:43:35.679,47.5100,100
35015679418429,09:43:35.679,47.5100,100
35015679418429,09:43:35.679,47.5100,100
35038551562822,09:43:58.551,47.5000,100
35038551562822,09:43:58.551,47.5000,100
35038551562822,09:43:58.551,47.5000,100
35038551562822,09:43:58.551,47.5000,1
35040515309584,09:44:00.515,47.5000,52
35044320554786,09:44:04.320,47.5000,100
35044393489812,09:44:04.393,47.5000,100
35044393489812,09:44:04.393,47.5000,100
35044393489812,09:44:04.393,47.5000,35
35044393489812,09:44:04.393,47.5000,100
35047095562935,09:44:07.095,47.5100,100
35047095562935,09:44:07.095,47.5100,100
35047803539932,09:44:07.803,47.5100,200
35049091285324,09:44:09.091,47.5100,200
35049980136390,09:44:09.980,47.5200,100
35055007078735,09:44:15.007,47.5200,100
35075917750677,09:44:35.917,47.5200,64
35075918319840,09:44:35.918,47.5200,100
35075918319840,09:44:35.918,47.5200,200
35078601095621,09:44:38.601,47.5300,9
35078601095621,09:44:38.601,47.5300,43
35093937454611,09:44:53.937,47.5300,200
35093937454611,09:44:53.937,47.5300,100
35093948691257,09:44:53.948,47.5200,100
35101972832913,09:45:01.972,47.5100,100
35101972832913,09:45:01.972,47.5100,5
35101973128534,09:45:01.973,47.5100,295
35101973128534,09:45:01.973,47.5100,23
35101973161809,09:45:01.973,47.5100,77
35113828213513,09:45:13.828,47.5100,30
35113828236147,09:45:13.828,47.5100,70
35113828236147,09:45:13.828,47.5100,100
35116701460139,09:45:16.701,47.5100,170
35116701460139,09:45:16.701,47.5100,100
35116701460139,09:45:16.701,47.5100,130
35125285311108,09:45:25.285,47.5100,70
35128747596362,09:45:28.747,47.5200,75
35139500905197,09:45:39.500,47.5100,100
35146565811710,09:45:46.565,47.4800,100
35152200055323,09:45:52.200,47.4750,20
35158042755282,09:45:58.042,47.4800,100
35158042810875,09:45:58.042,47.4800,100
35158043095620,09:45:58.043,47.4800,100
35158043095620,09:45:58.043,47.4800,81
35176121528537,09:46:16.121,47.4800,100
35207255345518,09:46:47.255,47.5000,100
35227092298955,09:47:07.092,47.5200,100
35229691129694,09:47:09.691,47.5200,33
35229704027654,09:47:09.704,47.5200,10
35233235708360,09:47:13.235,47.5100,100
35233240945593,09:47:13.240,47.5000,100
35233240945593,09:47:13.240,47.5000,12
35233241034735,09:47:13.241,47.5000,88
35233241034735,09:47:13.241,47.5000,12
35263899959851,09:47:43.899,47.5200,100
35263899959851,09:47:43.899,47.5200,200
35263899959851,09:47:43.899,47.5200,100
35263899959851,09:47:43.899,47.5200,100
35263899959851,09:47:43.899,47.5200,100
35263899959851,09:47:43.899,47.5200,100
35265558361507,09:47:45.558,47.5200,100
35265558392268,09:47:45.558,47.5200,83
35278831031465,09:47:58.831,47.5200,100
35278831031465,09:47:58.831,47.5200,2
35278831031465,09:47:58.831,47.5200,100
35278831031465,09:47:58.831,47.5200,200
35278831031465,09:47:58.831,47.5200,100
35279997372350,09:47:59.997,47.5200,100
35279997372350,09:47:59.997,47.5200,100
35279997372350,09:47:59.997,47.5200,100
35286537478760,09:48:06.537,47.5300,100
35286537478760,09:48:06.537,47.5300,100
35286537528638,09:48:06.537,47.5300,189
35286537574759,09:48:06.537,47.5300,11
35286568415132,09:48:06.568,47.5400,100
35286568415132,09:48:06.568,47.5400,100
35286568415132,09:48:06.568,47.5400,100
35286568415132,09:48:06.568,47.5400,100
35286568415132,09:48:06.568,47.5400,200
35286568415132,09:48:06.568,47.5400,100
35288490129487,09:48:08.490,47.5400,100
35288490129487,09:48:08.490,47.5400,100
35291982614259,09:48:11.982,47.5500,100
35291982614259,09:48:11.982,47.5500,100
35291982614259,09:48:11.982,47.5500,200
35291982614259,09:48:11.982,47.5500,100
35291982614259,09:48:11.982,47.5500,100
35291982614259,09:48:11.982,47.5500,100
35291983612138,09:48:11.983,47.5500,100
35295181811222,09:48:15.181,47.5600,45
35306296482773,09:48:26.296,47.5600,36
35306296482773,09:48:26.296,47.5600,100
35307437704250,09:48:27.437,47.5500,182
35307437706084,09:48:27.437,47.5500,18
35307437706084,09:48:27.437,47.5500,100
35307437706084,09:48:27.437,47.5500,182
35307437742462,09:48:27.437,47.5500,118
35307438040690,09:48:27.438,47.5500,100
35309277913757,09:48:29.277,47.5400,106
35310737774870,09:48:30.737,47.5400,100
35323372668161,09:48:43.372,47.5400,500
35324202494970,09:48:44.202,47.5400,100
35324202494970,09:48:44.202,47.5400,106
35324202494970,09:48:44.202,47.5400,100
35328570889859,09:48:48.570,47.5300,100
35328570951636,09:48:48.570,47.5300,52
35328571238184,09:48:48.571,47.5300,54
35328571238184,09:48:48.571,47.5300,46
35330638040104,09:48:50.638,47.5200,106
35331634883299,09:48:51.634,47.5200,100
35331634883299,09:48:51.634,47.5200,100
35333726338804,09:48:53.726,47.5200,100
35367428231234,09:49:27.428,47.5100,100
35367428231234,09:49:27.428,47.5100,100
35367428231234,09:49:27.428,47.5100,100
35367428231234,09:49:27.428,47.5100,100
35371180941728,09:49:31.180,47.5100,100
35371180941728,09:49:31.180,47.5100,200
35371180941728,09:49:31.180,47.5100,100
35371181372027,09:49:31.181,47.5100,100
35371181372027,09:49:31.181,47.5100,100
35371181372027,09:49:31.181,47.5100,100
35373073775381,09:49:33.073,47.5100,106
35373080304415,09:49:33.080,47.5100,39
35376355111875,09:49:36.355,47.5100,100
35378606612730,09:49:38.606,47.5100,100
35378607033233,09:49:38.607,47.5100,100
35385105925568,09:49:45.105,47.5100,5
35385105956219,09:49:45.105,47.5100,5
35391385622581,09:49:51.385,47.5200,100
35391385622581,09:49:51.385,47.5200,200
35391385622581,09:49:51.385,47.5200,100
35391385622581,09:49:51.385,47.5200,100
35391385622581,09:49:51.385,47.5200,100
35391385622581,09:49:51.385,47.5200,100
35391386151077,09:49:51.386,47.5200,200
35391469779568,09:49:51.469,47.5200,100
35391469805605,09:49:51.469,47.5200,100
35391469805605,09:49:51.469,47.5200,100
35391469805605,09:49:51.469,47.5200,200
35391469805605,09:49:51.469,47.5200,100
35395680961920,09:49:55.680,47.5300,100
35395680961920,09:49:55.680,47.5300,200
35400731022466,09:50:00.731,47.5300,100
35401797216933,09:50:01.797,47.5300,100
35401797216933,09:50:01.797,47.5300,100
35401797216933,09:50:01.797,47.5300,100
35401797216933,09:50:01.797,47.5300,200
35401797216933,09:50:01.797,47.5300,100
35402968619770,09:50:02.968,47.5300,100
35416180669273,09:50:16.180,47.5100,200
35449910331831,09:50:49.910,47.5000,100
35449910331831,09:50:49.910,47.5000,200
35449910331831,09:50:49.910,47.5000,100
35449910331831,09:50:49.910,47.5000,37
35450307210684,09:50:50.307,47.4900,200
35460183570429,09:51:00.183,47.4800,100
35467519547950,09:51:07.519,47.4800,100
35467519614303,09:51:07.519,47.4800,100
35467519614303,09:51:07.519,47.4800,100
35473952119388,09:51:13.952,47.4800,100
35473960746350,09:51:13.960,47.4800,1
35478917356482,09:51:18.917,47.4800,200
35486787950173,09:51:26.787,47.4800,100
35486787950173,09:51:26.787,47.4800,100
35488219606757,09:51:28.219,47.4800,100
35493235559181,09:51:33.235,47.4800,100
35493235559181,09:51:33.235,47.4800,100
35504729098376,09:51:44.729,47.4850,100
35506417906209,09:51:46.417,47.4900,100
35507472370410,09:51:47.472,47.5000,100
35507472370410,09:51:47.472,47.5000,100
35508109396976,09:51:48.109,47.5000,400
35508109422276,09:51:48.109,47.5000,500
35508109422276,09:51:48.109,47.5000,200
35508109422276,09:51:48.109,47.5000,100
35508180645162,09:51:48.180,47.5000,100
35512974669825,09:51:52.974,47.5100,200
35516981887301,09:51:56.981,47.5200,100
35516981887301,09:51:56.981,47.5200,100
35517178129773,09:51:57.178,47.5200,100
35517178737624,09:51:57.178,47.5200,2
35518475655898,09:51:58.475,47.5300,100
35525191541906,09:52:05.191,47.5300,100
35525191541906,09:52:05.191,47.5300,100
35525191541906,09:52:05.191,47.5300,100
35525201423458,09:52:05.201,47.5300,1
35525411998787,09:52:05.411,47.5300,100
35525411998787,09:52:05.411,47.5300,100
35528218639089,09:52:08.218,47.5300,100
35533276379570,09:52:13.276,47.5300,100
35533276379570,09:52:13.276,47.5300,32
35536276951910,09:52:16.276,47.5300,100
35539586592523,09:52:19.586,47.5300,100
35539587116012,09:52:19.587,47.5300,100
35539587145538,09:52:19.587,47.5300,44
35539588067539,09:52:19.588,47.5300,62
35539588067539,09:52:19.588,47.5300,100
35539588067539,09:52:19.588,47.5300,44
35539958247762,09:52:19.958,47.5400,50
35542365919302,09:52:22.365,47.5500,194
35542366166392,09:52:22.366,47.5500,6
35542366166392,09:52:22.366,47.5500,100
35544372742415,09:52:24.372,47.5600,100
35544372742415,09:52:24.372,47.5600,100
35544372742415,09:52:24.372,47.5600,200
35544372742415,09:52:24.372,47.5600,100
35562265161777,09:52:42.265,47.5500,16
35571185552042,09:52:51.185,47.5600,100
35571185552042,09:52:51.185,47.5600,9
35571186311745,09:52:51.186,47.5600,91
35580743790467,09:53:00.743,47.5600,100
35580743790467,09:53:00.743,47.5600,13
35580745366926,09:53:00.745,47.5600,100
35583248066959,09:53:03.248,47.5600,100
35583248066959,09:53:03.248,47.5600,100
35585016060157,09:53:05.016,47.5600,200
35595937760885,09:53:15.937,47.5600,100
35596740935124,09:53:16.740,47.5600,32
35601090271603,09:53:21.090,47.5600,100
35601090271603,09:53:21.090,47.5600,200
35628719667098,09:53:48.719,47.5500,200
35628719667098,09:53:48.719,47.5500,100
35628719667098,09:53:48.719,47.5500,100
35628719667098,09:53:48.719,47.5500,100
35628719903544,09:53:48.719,47.5500,1
35628791126211,09:53:48.791,47.5400,100
35645050739023,09:54:05.050,47.5400,100
35652040841932,09:54:12.040,47.5400,100
35652141703076,09:54:12.141,47.5500,100
35652141703076,09:54:12.141,47.5500,100
35652141703076,09:54:12.141,47.5500,100
35652141703076,09:54:12.141,47.5500,100
35652141703076,09:54:12.141,47.5500,100
35652141703076,09:54:12.141,47.5500,100
35652141703076,09:54:12.141,47.5500,100
35652151873541,09:54:12.151,47.5500,100
35652151873541,09:54:12.151,47.5500,100
35652151873541,09:54:12.151,47.5500,100
35652152550406,09:54:12.152,47.5500,1
35652163744009,09:54:12.163,47.5550,29
35653850464784,09:54:13.850,47.5500,100
35655659414344,09:54:15.659,47.5500,100
35664056733478,09:54:24.056,47.5400,107
35664056733478,09:54:24.056,47.5400,33
35664056733478,09:54:24.056,47.5400,60
35664056774670,09:54:24.056,47.5400,40
35664199518763,09:54:24.199,47.5300,100
35666072758178,09:54:26.072,47.5200,100
35666606700145,09:54:26.606,47.5200,100
35666689747697,09:54:26.689,47.5200,1
35670588774406,09:54:30.588,47.5300,200
35670588876081,09:54:30.588,47.5300,100
35670588876081,09:54:30.588,47.5300,100
35670588876081,09:54:30.588,47.5300,100
35681418424824,09:54:41.418,47.5300,100
35688528172702,09:54:48.528,47.5300,200
35693539709561,09:54:53.539,47.5200,100
35693539709561,09:54:53.539,47.5200,100
35721192344315,09:55:21.192,47.5100,100
35721192344315,09:55:21.192,47.5100,100
35721192344315,09:55:21.192,47.5100,200
35721192344315,09:55:21.192,47.5100,182
35721192347685,09:55:21.192,47.5100,118
35724529817681,09:55:24.529,47.5100,100
35724529817681,09:55:24.529,47.5100,100
35724529817681,09:55:24.529,47.5100,118
35724529817681,09:55:24.529,47.5100,100
35724529817681,09:55:24.529,47.5100,57
35724530035483,09:55:24.530,47.5100,43
35729034418774,09:55:29.034,47.5300,100
35729034418774,09:55:29.034,47.5300,100
35729034418774,09:55:29.034,47.5300,100
35748012450060,09:55:48.012,47.5300,100
35748012551008,09:55:48.012,47.5300,107
35748012551008,09:55:48.012,47.5300,200
35748229196224,09:55:48.229,47.5300,159
35748229221863,09:55:48.229,47.5300,241
35748229221863,09:55:48.229,47.5300,100
35748229221863,09:55:48.229,47.5300,89
35748229221863,09:55:48.229,47.5300,200
35748229221863,09:55:48.229,47.5300,100
35761075578814,09:56:01.075,47.5300,100
35761075578814,09:56:01.075,47.5300,100
35761075578814,09:56:01.075,47.5300,100
35763686996992,09:56:03.686,47.5300,100
35763686996992,09:56:03.686,47.5300,100
35763688262864,09:56:03.688,47.5300,100
35763689308772,09:56:03.689,47.5300,100
35763689387854,09:56:03.689,47.5300,200
35765834447134,09:56:05.834,47.5300,100
35765834447134,09:56:05.834,47.5300,100
35765834447134,09:56:05.834,47.5300,100
35765834447134,09:56:05.834,47.5300,100
35765834447134,09:56:05.834,47.5300,100
35765834447134,09:56:05.834,47.5300,100
35765916658754,09:56:05.916,47.5300,100
35765916703125,09:56:05.916,47.5300,100
35766535685223,09:56:06.535,47.5300,200
35766535685223,09:56:06.535,47.5300,400
35766535685223,09:56:06.535,47.5300,100
35766536365637,09:56:06.536,47.5300,100
35766536392066,09:56:06.536,47.5300,100
35766537456193,09:56:06.537,47.5300,100
35766579192176,09:56:06.579,47.5300,100
35766579192176,09:56:06.579,47.5300,100
35767227020148,09:56:07.227,47.5300,100
35775499231935,09:56:15.499,47.5300,100
35775499231935,09:56:15.499,47.5300,100
35776540910001,09:56:16.540,47.5300,100
35776540910001,09:56:16.540,47.5300,200
35776540910001,09:56:16.540,47.5300,100
35776545304628,09:56:16.545,47.5300,100
35776545304628,09:56:16.545,47.5300,21
35780596478684,09:56:20.596,47.5300,100
35785037755607,09:56:25.037,47.5300,100
35785037755607,09:56:25.037,47.5300,100
35785039191693,09:56:25.039,47.5300,88
35785039191693,09:56:25.039,47.5300,200
35785039191693,09:56:25.039,47.5300,100
35785039191693,09:56:25.039,47.5300,100
35785039191693,09:56:25.039,47.5300,100
35785040269642,09:56:25.040,47.5300,100
35785041450343,09:56:25.041,47.5300,200
35785041450343,09:56:25.041,47.5300,100
35794768707875,09:56:34.768,47.5300,100
35794769004853,09:56:34.769,47.5300,100
35794769785602,09:56:34.769,47.5300,400
35794769785602,09:56:34.769,47.5300,101
35794769785602,09:56:34.769,47.5300,77
35794769785602,09:56:34.769,47.5300,100
35794769785602,09:56:34.769,47.5300,300
35794769785602,09:56:34.769,47.5300,100
35794769785602,09:56:34.769,47.5300,200
35794769785602,09:56:34.769,47.5300,64
35794770249594,09:56:34.770,47.5300,100
35794770249594,09:56:34.770,47.5300,200
35794770249594,09:56:34.770,47.5300,136
35794770392194,09:56:34.770,47.5300,200
35806672140169,09:56:46.672,47.5300,100
35806676290596,09:56:46.676,47.5300,100
35833548145338,09:57:13.548,47.5300,200
35833548145338,09:57:13.548,47.5300,100
35833548145338,09:57:13.548,47.5300,100
35833548145338,09:57:13.548,47.5300,200
35833894344456,09:57:13.894,47.5200,100
35833894344456,09:57:13.894,47.5200,100
35840798134050,09:57:20.798,47.5100,100
35842917004249,09:57:22.917,47.5100,100
35842917086743,09:57:22.917,47.5100,400
35842917086743,09:57:22.917,47.5100,100
35862897277111,09:57:42.897,47.5100,100
35862897658876,09:57:42.897,47.5100,100
35862900761122,09:57:42.900,47.5100,100
35862900761122,09:57:42.900,47.5100,100
35870943658078,09:57:50.943,47.5100,100
35871550371807,09:57:51.550,47.5100,100
35871550371807,09:57:51.550,47.5100,100
35871550371807,09:57:51.550,47.5100,200
35880527022379,09:58:00.527,47.5100,100
35880527022379,09:58:00.527,47.5100,100
35880639507400,09:58:00.639,47.5100,35
35883402534806,09:58:03.402,47.5100,300
35893196925877,09:58:13.196,47.5200,200
35893196925877,09:58:13.196,47.5200,100
35893196925877,09:58:13.196,47.5200,100
35893196925877,09:58:13.196,47.5200,100
35893196925877,09:58:13.196,47.5200,300
35893196925877,09:58:13.196,47.5200,100
35893196925877,09:58:13.196,47.5200,100
35893197467040,09:58:13.197,47.5200,100
35893197467040,09:58:13.197,47.5200,300
35893207558777,09:58:13.207,47.5200,1
35894344551526,09:58:14.344,47.5300,300
35894344551526,09:58:14.344,47.5300,400
35894344551526,09:58:14.344,47.5300,100
35917518767723,09:58:37.518,47.5400,100
35917518767723,09:58:37.518,47.5400,100
35917518767723,09:58:37.518,47.5400,100
35917518804396,09:58:37.518,47.5400,200
35917518804396,09:58:37.518,47.5400,300
35917518804396,09:58:37.518,47.5400,100
35929184170069,09:58:49.184,47.5400,500
35932127342863,09:58:52.127,47.5300,200
35932127342863,09:58:52.127,47.5300,100
35942299383027,09:59:02.299,47.5200,100
35942299383027,09:59:02.299,47.5200,100
35942299383027,09:59:02.299,47.5200,100
35946314985316,09:59:06.314,47.5100,100
35948001656550,09:59:08.001,47.5100,100
35948001656550,09:59:08.001,47.5100,100
35948001656550,09:59:08.001,47.5100,100
35948194438485,09:59:08.194,47.5200,100
35948194438485,09:59:08.194,47.5200,100
35948194438485,09:59:08.194,47.5200,100
35948200376367,09:59:08.200,47.5200,4
35948503988704,09:59:08.503,47.5200,200
35948503988704,09:59:08.503,47.5200,300
35948503988704,09:59:08.503,47.5200,800
35950369503853,09:59:10.369,47.5200,100
35950369503853,09:59:10.369,47.5200,91
35950369503853,09:59:10.369,47.5200,1
35950369849115,09:59:10.369,47.5200,100
35950370476088,09:59:10.370,47.5200,100
35965485297529,09:59:25.485,47.5300,100
35965485297529,09:59:25.485,47.5300,300
35965485675707,09:59:25.485,47.5300,23
35965502419183,09:59:25.502,47.5300,78
35965502419183,09:59:25.502,47.5300,100
35965502419183,09:59:25.502,47.5300,100
35965502419183,09:59:25.502,47.5300,200
35968973446340,09:59:28.973,47.5300,100
35978014975938,09:59:38.014,47.5200,100
35990852667616,09:59:50.852,47.5200,100
35990852667616,09:59:50.852,47.5200,100
35995980837149,09:59:55.980,47.5200,41
36000068759350,10:00:00.068,47.5200,210
36000138882014,10:00:00.138,47.5200,10
36000600571579,10:00:00.600,47.5200,90
36000600571579,10:00:00.600,47.5200,137
36000601375208,10:00:00.601,47.5200,73
36000601375208,10:00:00.601,47.5200,200
36000767100651,10:00:00.767,47.5100,100
36000767100651,10:00:00.767,47.5100,100
36000767100651,10:00:00.767,47.5100,200
36010021448189,10:00:10.021,47.5200,100
36010021448189,10:00:10.021,47.5200,100
36010021448189,10:00:10.021,47.5200,200
36010021668219,10:00:10.021,47.5200,17
36010021668219,10:00:10.021,47.5200,100
36010021668219,10:00:10.021,47.5200,83
36010021701427,10:00:10.021,47.5200,17
36010021701427,10:00:10.021,47.5200,100
36010021881925,10:00:10.021,47.5200,34
36010866688514,10:00:10.866,47.5100,100
36010866688514,10:00:10.866,47.5100,100
36010866688514,10:00:10.866,47.5100,100
36010874256870,10:00:10.874,47.5100,75
36010874672875,10:00:10.874,47.5100,100
36010874672875,10:00:10.874,47.5100,100
36012195655350,10:00:12.195,47.5200,300
36012195655350,10:00:12.195,47.5200,35
36015507156151,10:00:15.507,47.5200,65
36015508540479,10:00:15.508,47.5300,100
36015508540479,10:00:15.508,47.5300,100
36015508540479,10:00:15.508,47.5300,100
36015508540479,10:00:15.508,47.5300,100
36015508540479,10:00:15.508,47.5300,100
36015508540479,10:00:15.508,47.5300,100
36015508540479,10:00:15.508,47.5300,100
36023792172535,10:00:23.792,47.5300,100
36023890069228,10:00:23.890,47.5300,100
36023890069228,10:00:23.890,47.5300,100
36023890069228,10:00:23.890,47.5300,100
36023890069228,10:00:23.890,47.5300,100
36028254828548,10:00:28.254,47.5300,100
36028743397054,10:00:28.743,47.5300,100
36028743397054,10:00:28.743,47.5300,11
36028743471404,10:00:28.743,47.5300,89
36028743471404,10:00:28.743,47.5300,100
36031311745153,10:00:31.311,47.5400,500
36031311745153,10:00:31.311,47.5400,100
36031311745153,10:00:31.311,47.5400,100
36031319194031,10:00:31.319,47.5400,300
36031319194031,10:00:31.319,47.5400,300
36031319194031,10:00:31.319,47.5400,300
36031319194031,10:00:31.319,47.5400,100
36031319194031,10:00:31.319,47.5400,300
36031319194031,10:00:31.319,47.5400,100
36031319194031,10:00:31.319,47.5400,200
36040164502201,10:00:40.164,47.5300,100
36052169085331,10:00:52.169,47.5200,100
36052169085331,10:00:52.169,47.5200,200
36052169085331,10:00:52.169,47.5200,300
36052169085331,10:00:52.169,47.5200,100
36052169085331,10:00:52.169,47.5200,100
36059482456092,10:00:59.482,47.5300,100
36070780148475,10:01:10.780,47.5200,300
36071243432996,10:01:11.243,47.5200,200
36071243432996,10:01:11.243,47.5200,299
36073301068497,10:01:13.301,47.5200,100
36073301068497,10:01:13.301,47.5200,100
36076416126856,10:01:16.416,47.5250,200
36082898500919,10:01:22.898,47.5200,100
36095422960443,10:01:35.422,47.5400,100
36095434376776,10:01:35.434,47.5400,10
36099323428906,10:01:39.323,47.5400,100
36099323428906,10:01:39.323,47.5400,200
36099323428906,10:01:39.323,47.5400,100
36121997950656,10:02:01.997,47.5300,1
36146247149603,10:02:26.247,47.5300,200
36146247149603,10:02:26.247,47.5300,200
36147453153896,10:02:27.453,47.5200,100
36147453153896,10:02:27.453,47.5200,100
36147453153896,10:02:27.453,47.5200,100
36147453153896,10:02:27.453,47.5200,100
36147453153896,10:02:27.453,47.5200,75
36154625631842,10:02:34.625,47.5100,1
36161714686582,10:02:41.714,47.5100,3
36166648842946,10:02:46.648,47.5100,100
36166649191210,10:02:46.649,47.5100,300
36166649597068,10:02:46.649,47.5100,100
36166649814051,10:02:46.649,47.5100,161
36166650194330,10:02:46.650,47.5100,200
36166650328532,10:02:46.650,47.5100,39
36166650328532,10:02:46.650,47.5100,100
36166650328532,10:02:46.650,47.5100,100
36166687606879,10:02:46.687,47.5000,100
36166687606879,10:02:46.687,47.5000,100
36166687606879,10:02:46.687,47.5000,100
36166687606879,10:02:46.687,47.5000,100
36166687606879,10:02:46.687,47.5000,100
36166687606879,10:02:46.687,47.5000,400
36166729994179,10:02:46.729,47.4900,100
36166853519995,10:02:46.853,47.4900,84
36169938286343,10:02:49.938,47.5000,100
36169938286343,10:02:49.938,47.5000,100
36169938286343,10:02:49.938,47.5000,100
36170976119663,10:02:50.976,47.5100,200
36170976119663,10:02:50.976,47.5100,300
36170976119663,10:02:50.976,47.5100,100
36173995650011,10:02:53.995,47.5150,100
36175628657180,10:02:55.628,47.5200,100
36175628657180,10:02:55.628,47.5200,100
36175629369856,10:02:55.629,47.5200,200
36175629369856,10:02:55.629,47.5200,100
36175629369856,10:02:55.629,47.5200,72
36188184238518,10:03:08.184,47.5200,100
36191566186939,10:03:11.566,47.5300,300
36191566186939,10:03:11.566,47.5300,100
36191566186939,10:03:11.566,47.5300,8
36191780124786,10:03:11.780,47.5300,100
36191780124786,10:03:11.780,47.5300,100
36191780124786,10:03:11.780,47.5300,100
36191780124786,10:03:11.780,47.5300,300
36192991768516,10:03:12.991,47.5300,300
36192991768516,10:03:12.991,47.5300,100
36201456083859,10:03:21.456,47.5400,200
36201456099721,10:03:21.456,47.5400,100
36201456099721,10:03:21.456,47.5400,100
36201456138697,10:03:21.456,47.5400,100
36201456148308,10:03:21.456,47.5400,100
36201456535814,10:03:21.456,47.5400,100
36201456535814,10:03:21.456,47.5400,100
36204456617444,10:03:24.456,47.5400,100
36204467307336,10:03:24.467,47.5400,100
36204467528041,10:03:24.467,47.5400,100
36205801828257,10:03:25.801,47.5400,100
36205801828257,10:03:25.801,47.5400,300
36205801828257,10:03:25.801,47.5400,100
36205801828257,10:03:25.801,47.5400,100
36209908244274,10:03:29.908,47.5500,200
36222349165912,10:03:42.349,47.5500,50
36222349165912,10:03:42.349,47.5500,50
36222349188552,10:03:42.349,47.5500,50
36222349188552,10:03:42.349,47.5500,58
36244176949682,10:04:04.176,47.5500,42
36244176949682,10:04:04.176,47.5500,100
36244229045752,10:04:04.229,47.5500,300
36256551025501,10:04:16.551,47.5500,140
36261671381872,10:04:21.671,47.5600,100
36262271019662,10:04:22.271,47.5650,100
36263911021891,10:04:23.911,47.5700,100
36263911021891,10:04:23.911,47.5700,100
36264496020589,10:04:24.496,47.5750,100
36267917057184,10:04:27.917,47.5800,100
36267917057184,10:04:27.917,47.5800,130
36275769923710,10:04:35.769,47.5900,100
36283229512513,10:04:43.229,47.5900,100
36283229512513,10:04:43.229,47.5900,100
36283229512513,10:04:43.229,47.5900,200
36288660404154,10:04:48.660,47.5900,1
36299735545883,10:04:59.735,47.5900,100
36299735545883,10:04:59.735,47.5900,100
36299735545883,10:04:59.735,47.5900,100
36299735545883,10:04:59.735,47.5900,100
36299735625156,10:04:59.735,47.5900,200
36299765858568,10:04:59.765,47.5900,100
36299765858568,10:04:59.765,47.5900,100
36299765858568,10:04:59.765,47.5900,100
36302988712621,10:05:02.988,47.5900,100
36302988712621,10:05:02.988,47.5900,100
36309858646805,10:05:09.858,47.6000,121
36309858646805,10:05:09.858,47.6000,1
36309858646805,10:05:09.858,47.6000,5
36309858646805,10:05:09.858,47.6000,100
36309858646805,10:05:09.858,47.6000,100
36313350353712,10:05:13.350,47.6000,100
36317335994276,10:05:17.335,47.6000,100
36317335994276,10:05:17.335,47.6000,10
36336934805069,10:05:36.934,47.5900,200
36336934805069,10:05:36.934,47.5900,70
36336934805069,10:05:36.934,47.5900,100
36346349345694,10:05:46.349,47.5700,100
36359064813283,10:05:59.064,47.5700,2
36359072396191,10:05:59.072,47.5700,1
36363692260480,10:06:03.692,47.5700,97
36363692260480,10:06:03.692,47.5700,300
36363692260480,10:06:03.692,47.5700,100
36363692260480,10:06:03.692,47.5700,200
36363692260480,10:06:03.692,47.5700,200
36364983552370,10:06:04.983,47.5600,10
36364983552370,10:06:04.983,47.5600,400
36367442504247,10:06:07.442,47.5500,60
36368030932971,10:06:08.030,47.5500,100
36370507695908,10:06:10.507,47.5500,300
36370507695908,10:06:10.507,47.5500,100
36370507695908,10:06:10.507,47.5500,100
36371411119260,10:06:11.411,47.5550,65
36372409540626,10:06:12.409,47.5600,100
36372409540626,10:06:12.409,47.5600,100
36372409540626,10:06:12.409,47.5600,400
36392515928259,10:06:32.515,47.5600,106
36392515947149,10:06:32.515,47.5600,94
36394401491366,10:06:34.401,47.5600,100
36395706712015,10:06:35.706,47.5600,100
36395706712015,10:06:35.706,47.5600,300
36396283739732,10:06:36.283,47.5600,59
36406737232038,10:06:46.737,47.5700,100
36413089822460,10:06:53.089,47.5700,200
36415396509688,10:06:55.396,47.5700,100
36415396509688,10:06:55.396,47.5700,300
36415396509688,10:06:55.396,47.5700,100
36415396509688,10:06:55.396,47.5700,100
36416329850757,10:06:56.329,47.5750,93
36425638902049,10:07:05.638,47.5700,300
36425638902049,10:07:05.638,47.5700,500
36426925172170,10:07:06.925,47.5600,100
36427031068560,10:07:07.031,47.5600,95
36430033532445,10:07:10.033,47.5600,1
36432089322984,10:07:12.089,47.5700,100
36432257421888,10:07:12.257,47.5700,100
36432257421888,10:07:12.257,47.5700,100
36432257421888,10:07:12.257,47.5700,100
36432257421888,10:07:12.257,47.5700,100
36432257693060,10:07:12.257,47.5700,100
36432257693060,10:07:12.257,47.5700,100
36440786514249,10:07:20.786,47.5600,100
36445636892431,10:07:25.636,47.5700,100
36446865535134,10:07:26.865,47.5700,100
36458526368601,10:07:38.526,47.5700,100
36458526368601,10:07:38.526,47.5700,100
36476116986392,10:07:56.116,47.5850,4
36477136799860,10:07:57.136,47.5900,100
36477136799860,10:07:57.136,47.5900,100
36477136799860,10:07:57.136,47.5900,200
36477136799860,10:07:57.136,47.5900,100
36477136799860,10:07:57.136,47.5900,300
36477136799860,10:07:57.136,47.5900,100
36477137477396,10:07:57.137,47.5900,100
36483502923479,10:08:03.502,47.5900,100
36483502923479,10:08:03.502,47.5900,100
36483502923479,10:08:03.502,47.5900,104
36483504185068,10:08:03.504,47.5900,9
36483515452604,10:08:03.515,47.5900,100
36483515452604,10:08:03.515,47.5900,200
36483515452604,10:08:03.515,47.5900,100
36483515452604,10:08:03.515,47.5900,300
36483515452604,10:08:03.515,47.5900,305
36483515452604,10:08:03.515,47.5900,81
36483515583489,10:08:03.515,47.5900,4
36483515737541,10:08:03.515,47.5900,100
36483515898845,10:08:03.515,47.5900,96
36501353943554,10:08:21.353,47.6000,100
36501353943554,10:08:21.353,47.6000,4000
36506305003933,10:08:26.305,47.6000,100
36506305003933,10:08:26.305,47.6000,100
36510129499785,10:08:30.129,47.6000,100
36510129499785,10:08:30.129,47.6000,100
36510129499785,10:08:30.129,47.6000,100
36510129499785,10:08:30.129,47.6000,100
36510129499785,10:08:30.129,47.6000,100
36510129631002,10:08:30.129,47.6000,100
36510129631002,10:08:30.129,47.6000,200
36510129641101,10:08:30.129,47.6000,100
36524505719401,10:08:44.505,47.5900,100
36524505719401,10:08:44.505,47.5900,100
36524505719401,10:08:44.505,47.5900,100
36524505719401,10:08:44.505,47.5900,100
36524505719401,10:08:44.505,47.5900,200
36524505719401,10:08:44.505,47.5900,100
36524505719401,10:08:44.505,47.5900,100
36530441037672,10:08:50.441,47.5900,100
36530441037672,10:08:50.441,47.5900,100
36530441975423,10:08:50.441,47.5900,100
36547920144478,10:09:07.920,47.5900,100
36547920144478,10:09:07.920,47.5900,100
36549898950470,10:09:09.898,47.6000,100
36551198683757,10:09:11.198,47.6000,38
36551198683757,10:09:11.198,47.6000,38
36553156715331,10:09:13.156,47.6000,100
36553156715331,10:09:13.156,47.6000,100
36553156715331,10:09:13.156,47.6000,36
36553156715331,10:09:13.156,47.6000,64
36553156715331,10:09:13.156,47.6000,200
36560388052879,10:09:20.388,47.6100,100
36560388052879,10:09:20.388,47.6100,100
36560388052879,10:09:20.388,47.6100,200
36574416204872,10:09:34.416,47.6100,100
36574416204872,10:09:34.416,47.6100,100
36574416204872,10:09:34.416,47.6100,100
36574416204872,10:09:34.416,47.6100,100
36576523850037,10:09:36.523,47.6200,8
36576595051332,10:09:36.595,47.6200,43
36576595051332,10:09:36.595,47.6200,100
36576595051332,10:09:36.595,47.6200,100
36576595051332,10:09:36.595,47.6200,100
36576595051332,10:09:36.595,47.6200,30
36590692779331,10:09:50.692,47.6100,400
36590692779331,10:09:50.692,47.6100,100
36590692779331,10:09:50.692,47.6100,100
36590692779331,10:09:50.692,47.6100,100
36590693746414,10:09:50.693,47.6000,500
36590693746414,10:09:50.693,47.6000,100
36590693746414,10:09:50.693,47.6000,100
36590693746414,10:09:50.693,47.6000,100
36590693746414,10:09:50.693,47.6000,100
36590693746414,10:09:50.693,47.6000,100
36590693746414,10:09:50.693,47.6000,200
36604383418701,10:10:04.383,47.6100,100
36604383418701,10:10:04.383,47.6100,100
36604383418701,10:10:04.383,47.6100,100
36604383418701,10:10:04.383,47.6100,100
36604383418701,10:10:04.383,47.6100,100
36604383418701,10:10:04.383,47.6100,100
36604383934483,10:10:04.383,47.6100,221
36605649886673,10:10:05.649,47.6100,100
36605673546575,10:10:05.673,47.6100,100
36605673546575,10:10:05.673,47.6100,300
36605673546575,10:10:05.673,47.6100,100
36605673546575,10:10:05.673,47.6100,100
36605673711616,10:10:05.673,47.6100,100
36607505650831,10:10:07.505,47.6100,100
36616812780510,10:10:16.812,47.6200,100
36617102026191,10:10:17.102,47.6200,100
36617102026191,10:10:17.102,47.6200,100
36617102026191,10:10:17.102,47.6200,100
36619806017629,10:10:19.806,47.6150,100
36623880467076,10:10:23.880,47.6100,300
36623880506886,10:10:23.880,47.6100,320
36623880541113,10:10:23.880,47.6100,380
36623880541113,10:10:23.880,47.6100,10
36625076250213,10:10:25.076,47.6000,300
36625076317153,10:10:25.076,47.6000,500
36625076317153,10:10:25.076,47.6000,100
36629227075946,10:10:29.227,47.5900,500
36629227075946,10:10:29.227,47.5900,1
36629227075946,10:10:29.227,47.5900,100
36629227075946,10:10:29.227,47.5900,100
36629227075946,10:10:29.227,47.5900,100
36629228057787,10:10:29.228,47.5900,100
36629228057787,10:10:29.228,47.5900,300
36629228057787,10:10:29.228,47.5900,100
36629228057787,10:10:29.228,47.5900,100
36629228057787,10:10:29.228,47.5900,100
36629228136298,10:10:29.228,47.5900,100
36629228136298,10:10:29.228,47.5900,416
36629228591265,10:10:29.228,47.5900,300
36629228591265,10:10:29.228,47.5900,100
36629229110861,10:10:29.229,47.5900,100
36629229110861,10:10:29.229,47.5900,200
36629229734783,10:10:29.229,47.5900,100
36629230314437,10:10:29.230,47.5900,100
36629230314437,10:10:29.230,47.5900,100
36629230832234,10:10:29.230,47.5900,100
36629231388570,10:10:29.231,47.5900,100
36629231388570,10:10:29.231,47.5900,100
36629231934602,10:10:29.231,47.5900,100
36629232470941,10:10:29.232,47.5900,84
36629235947762,10:10:29.235,47.5900,100
36629235947762,10:10:29.235,47.5900,100
36629236178943,10:10:29.236,47.5900,100
36629237608771,10:10:29.237,47.5900,100
36634847123822,10:10:34.847,47.5900,200
36640453620637,10:10:40.453,47.6000,100
36640453620637,10:10:40.453,47.6000,900
36648106241593,10:10:48.106,47.6100,200
36648358868586,10:10:48.358,47.6100,100
36648359046099,10:10:48.359,47.6100,100
36648359046099,10:10:48.359,47.6100,100
36648359046099,10:10:48.359,47.6100,100
36648359046099,10:10:48.359,47.6100,100
36648359046099,10:10:48.359,47.6100,100
36661140303421,10:11:01.140,47.6050,42
36666722671700,10:11:06.722,47.6100,100
36666722671700,10:11:06.722,47.6100,100
36666722671700,10:11:06.722,47.6100,100
36666722671700,10:11:06.722,47.6100,99
36666723964969,10:11:06.723,47.6100,100
36669026405612,10:11:09.026,47.6100,100
36669026405612,10:11:09.026,47.6100,100
36669026405612,10:11:09.026,47.6100,100
36669026405612,10:11:09.026,47.6100,100
36669026405612,10:11:09.026,47.6100,100
36670960808666,10:11:10.960,47.6100,200
36705953005547,10:11:45.953,47.6150,100
36711655021531,10:11:51.655,47.6200,100
36711655021531,10:11:51.655,47.6200,100
36716804880669,10:11:56.804,47.6100,100
36716804880669,10:11:56.804,47.6100,100
36716804880669,10:11:56.804,47.6100,100
36716804880669,10:11:56.804,47.6100,100
36718050600228,10:11:58.050,47.6000,76
36718050601488,10:11:58.050,47.6000,100
36718050628082,10:11:58.050,47.6000,200
36718050628082,10:11:58.050,47.6000,90
36718050628082,10:11:58.050,47.6000,100
36722250123245,10:12:02.250,47.5900,200
36722250202589,10:12:02.250,47.5900,300
36722250202589,10:12:02.250,47.5900,100
36722250202589,10:12:02.250,47.5900,200
36725317931832,10:12:05.317,47.5900,100
36730275434631,10:12:10.275,47.5800,70
36730277434563,10:12:10.277,47.5800,8
36731995688899,10:12:11.995,47.5800,1000
36731995724350,10:12:11.995,47.5800,2922
36731995724350,10:12:11.995,47.5800,100
36735223815245,10:12:15.223,47.5800,100
36735223815245,10:12:15.223,47.5800,100
36737735458625,10:12:17.735,47.5900,200
36737735458625,10:12:17.735,47.5900,100
36737735458625,10:12:17.735,47.5900,100
36739390732692,10:12:19.390,47.5950,100
36748295289716,10:12:28.295,47.6000,100
36749351905718,10:12:29.351,47.6000,100
36749351905718,10:12:29.351,47.6000,100
36749351905718,10:12:29.351,47.6000,1
36749351905718,10:12:29.351,47.6000,199
36749352138144,10:12:29.352,47.6000,1
36749352138144,10:12:29.352,47.6000,100
36750957992378,10:12:30.957,47.6050,100
36762331776008,10:12:42.331,47.6000,100
36762331776008,10:12:42.331,47.6000,44
36762331782352,10:12:42.331,47.6000,156
36762331782352,10:12:42.331,47.6000,900
36774504238376,10:12:54.504,47.6000,17
36774504793472,10:12:54.504,47.6000,83
36774504793472,10:12:54.504,47.6000,17
36774504846591,10:12:54.504,47.6000,83
36775103992364,10:12:55.103,47.6050,100
36775921762396,10:12:55.921,47.6050,1
36778545333507,10:12:58.545,47.6000,1
36778545333507,10:12:58.545,47.6000,9
36778545333507,10:12:58.545,47.6000,100
36778545333507,10:12:58.545,47.6000,400
36779570783485,10:12:59.570,47.6000,100
36779622227151,10:12:59.622,47.6050,100
36783048232808,10:13:03.048,47.6000,100
36788173205696,10:13:08.173,47.6100,1
36791202298441,10:13:11.202,47.6100,99
36791202298441,10:13:11.202,47.6100,100
36802117490483,10:13:22.117,47.6150,100
36802117490483,10:13:22.117,47.6100,100
36802117490483,10:13:22.117,47.6100,100
36802117490483,10:13:22.117,47.6100,382
36802119157737,10:13:22.119,47.6100,100
36802119234096,10:13:22.119,47.6100,100
36836257700754,10:13:56.257,47.6100,400
36836257700754,10:13:56.257,47.6100,100
36845062899787,10:14:05.062,47.6000,8
36854388205623,10:14:14.388,47.5900,100
36860617065726,10:14:20.617,47.5900,100
36860617065726,10:14:20.617,47.5900,200
36864274135997,10:14:24.274,47.5900,100
36881166637610,10:14:41.166,47.6000,100
36881166637610,10:14:41.166,47.6000,200
36881166637610,10:14:41.166,47.6000,100
36881174484636,10:14:41.174,47.6000,1
36881181853150,10:14:41.181,47.6000,7
36881880011232,10:14:41.880,47.6050,100
36890019369163,10:14:50.019,47.6000,100
36890019369163,10:14:50.019,47.6000,400
36902651044961,10:15:02.651,47.5900,200
36902651044961,10:15:02.651,47.5900,200
36902651044961,10:15:02.651,47.5900,100
36902651044961,10:15:02.651,47.5900,100
36902651044961,10:15:02.651,47.5900,672
36902651209484,10:15:02.651,47.5900,228
36902651209484,10:15:02.651,47.5900,100
36939231324290,10:15:39.231,47.6000,26
36939234098192,10:15:39.234,47.6000,74
36939234098192,10:15:39.234,47.6000,100
36939234098192,10:15:39.234,47.6000,126
36939234654964,10:15:39.234,47.6000,74
36939234654964,10:15:39.234,47.6000,26
36939234704248,10:15:39.234,47.6000,74
36939386500346,10:15:39.386,47.6000,10
36943524322294,10:15:43.524,47.6000,64
36943524352221,10:15:43.524,47.6000,36
36943524352221,10:15:43.524,47.6000,100
36943524352221,10:15:43.524,47.6000,100
36943524352221,10:15:43.524,47.6000,15
36957290645195,10:15:57.290,47.5900,200
36957290645195,10:15:57.290,47.5900,3
36957290645195,10:15:57.290,47.5900,200
36957290645195,10:15:57.290,47.5900,200
36977606394844,10:16:17.606,47.5800,9
36977606394844,10:16:17.606,47.5800,200
36977606394844,10:16:17.606,47.5800,100
36977606394844,10:16:17.606,47.5800,200
36977606394844,10:16:17.606,47.5800,191
36977606432011,10:16:17.606,47.5800,9
36982630711964,10:16:22.630,47.5700,100
36982630711964,10:16:22.630,47.5700,100
36982630711964,10:16:22.630,47.5700,100
36982630711964,10:16:22.630,47.5700,100
36982630711964,10:16:22.630,47.5700,100
36982630711964,10:16:22.630,47.5700,100
36982630711964,10:16:22.630,47.5700,100
36984912585809,10:16:24.912,47.5700,100
36984912585809,10:16:24.912,47.5700,100
36986149011347,10:16:26.149,47.5750,100
36995339773121,10:16:35.339,47.5800,100
36996405156262,10:16:36.405,47.5800,100
36996405183671,10:16:36.405,47.5800,100
37017427009749,10:16:57.427,47.5750,100
37017856770521,10:16:57.856,47.5700,200
37017856770521,10:16:57.856,47.5700,100
37017856770521,10:16:57.856,47.5700,200
37039988012880,10:17:19.988,47.5750,100
37040223945052,10:17:20.223,47.5700,84
37040224117286,10:17:20.224,47.5700,16
37040224117286,10:17:20.224,47.5700,68
37040224596420,10:17:20.224,47.5700,32
37040224596420,10:17:20.224,47.5700,100
37040224596420,10:17:20.224,47.5700,68
37040224615623,10:17:20.224,47.5700,100
37040224826784,10:17:20.224,47.5700,32
37045068219058,10:17:25.068,47.5700,100
37045068219058,10:17:25.068,47.5700,300
37045068219058,10:17:25.068,47.5700,100
37045068219058,10:17:25.068,47.5700,100
37049685562834,10:17:29.685,47.5800,200
37049685562834,10:17:29.685,47.5800,100
37049685562834,10:17:29.685,47.5800,100
37049685562834,10:17:29.685,47.5800,100
37049685562834,10:17:29.685,47.5800,97
37051138022665,10:17:31.138,47.5800,100
37051138022665,10:17:31.138,47.5800,400
37052752049815,10:17:32.752,47.5800,100
37052752049815,10:17:32.752,47.5800,100
37065017459977,10:17:45.017,47.5800,20
37069186793027,10:17:49.186,47.5800,980
37069188855002,10:17:49.188,47.5800,61
37069296910018,10:17:49.296,47.5800,100
37069296910018,10:17:49.296,47.5800,200
37075979979728,10:17:55.979,47.5800,100
37075979979728,10:17:55.979,47.5800,100
37075979979728,10:17:55.979,47.5800,100
37075979979728,10:17:55.979,47.5800,200
37075979979728,10:17:55.979,47.5800,100
37075979979728,10:17:55.979,47.5800,60
37075980045462,10:17:55.980,47.5800,340
37086472589703,10:18:06.472,47.5700,100
37086472589703,10:18:06.472,47.5700,100
37086472589703,10:18:06.472,47.5700,10
37088494661250,10:18:08.494,47.5600,200
37091514407732,10:18:11.514,47.5550,100
37091514407732,10:18:11.514,47.5500,100
37093256324437,10:18:13.256,47.5600,100
37093263150449,10:18:13.263,47.5600,2
37111995339684,10:18:31.995,47.5400,16
37119469301142,10:18:39.469,47.5500,100
37125771031914,10:18:45.771,47.5500,100
37125771100657,10:18:45.771,47.5500,100
37125771284321,10:18:45.771,47.5500,100
37125771321442,10:18:45.771,47.5500,100
37125771352690,10:18:45.771,47.5500,100
37126104279843,10:18:46.104,47.5500,400
37126104279843,10:18:46.104,47.5500,100
37126104279843,10:18:46.104,47.5500,100
37126104279843,10:18:46.104,47.5500,100
37126104279843,10:18:46.104,47.5500,100
37126104279843,10:18:46.104,47.5500,200
37126104279843,10:18:46.104,47.5500,400
37126104279843,10:18:46.104,47.5500,100
37126104497914,10:18:46.104,47.5500,100
37126104497914,10:18:46.104,47.5500,128
37127748221977,10:18:47.748,47.5500,100
37135814424202,10:18:55.814,47.5700,395
37144754853031,10:19:04.754,47.5800,100
37148380628779,10:19:08.380,47.5700,10
37152185892077,10:19:12.185,47.5700,90
37152185892077,10:19:12.185,47.5700,100
37152185892077,10:19:12.185,47.5700,78
37160180009562,10:19:20.180,47.5700,52
37160180082858,10:19:20.180,47.5700,48
37160180082858,10:19:20.180,47.5700,2
37160885656181,10:19:20.885,47.5750,100
37160885656181,10:19:20.885,47.5800,100
37160885656181,10:19:20.885,47.5800,200
37160885656181,10:19:20.885,47.5800,100
37160885656181,10:19:20.885,47.5800,100
37160885656181,10:19:20.885,47.5800,100
37160885656181,10:19:20.885,47.5800,100
37160885667250,10:19:20.885,47.5800,100
37166289408877,10:19:26.289,47.5700,198
37166289408877,10:19:26.289,47.5700,100
37166289408877,10:19:26.289,47.5700,500
37166289408877,10:19:26.289,47.5700,100
37176408475601,10:19:36.408,47.5700,100
37176408475601,10:19:36.408,47.5700,100
37176408492362,10:19:36.408,47.5700,100
37190673760710,10:19:50.673,47.5700,1
37190822131088,10:19:50.822,47.5700,5
37190845850465,10:19:50.845,47.5700,94
37190845850465,10:19:50.845,47.5700,200
37209983628045,10:20:09.983,47.5600,900
37209983628045,10:20:09.983,47.5600,10
37213002097513,10:20:13.002,47.5500,100
37233247082216,10:20:33.247,47.5500,40
37233247288869,10:20:33.247,47.5500,160
37233247288869,10:20:33.247,47.5500,100
37233247288869,10:20:33.247,47.5500,1
37233247295336,10:20:33.247,47.5500,99
37238590240602,10:20:38.590,47.5300,100
37238590240602,10:20:38.590,47.5300,100
37238590496539,10:20:38.590,47.5300,69
37239398537541,10:20:39.398,47.5300,31
37239398537541,10:20:39.398,47.5300,200
37239422425539,10:20:39.422,47.5200,8
37244564565374,10:20:44.564,47.5300,44
37244564591586,10:20:44.564,47.5300,56
37245445700987,10:20:45.445,47.5400,400
37245445700987,10:20:45.445,47.5400,100
37245445700987,10:20:45.445,47.5400,100
37245445700987,10:20:45.445,47.5400,100
37245456231666,10:20:45.456,47.5400,11
37253632736513,10:20:53.632,47.5500,100
37253632736513,10:20:53.632,47.5500,100
37253633045527,10:20:53.633,47.5500,300
37253633045527,10:20:53.633,47.5500,100
37253633045527,10:20:53.633,47.5500,100
37254619737190,10:20:54.619,47.5500,500
37254619737190,10:20:54.619,47.5500,100
37254619737190,10:20:54.619,47.5500,400
37254620820660,10:20:54.620,47.5500,100
37273403074876,10:21:13.403,47.5400,100
37279979416831,10:21:19.979,47.5500,100
37279979416831,10:21:19.979,47.5500,100
37295602329233,10:21:35.602,47.5500,400
37295606643499,10:21:35.606,47.5500,200
37295606643499,10:21:35.606,47.5500,221
37295606715878,10:21:35.606,47.5500,202
37295607501620,10:21:35.607,47.5500,77
37295607501620,10:21:35.607,47.5500,23
37295607571775,10:21:35.607,47.5500,100
37295607662526,10:21:35.607,47.5500,77
37297200476350,10:21:37.200,47.5400,100
37312168525037,10:21:52.168,47.5400,100
37312168525037,10:21:52.168,47.5400,100
37329097337323,10:22:09.097,47.5500,100
37329097679664,10:22:09.097,47.5500,400
37329097679664,10:22:09.097,47.5500,100
37329097679664,10:22:09.097,47.5500,100
37330109513822,10:22:10.109,47.5500,100
37330110294960,10:22:10.110,47.5500,100
37330110362653,10:22:10.110,47.5500,200
37330110475632,10:22:10.110,47.5500,100
37330110475632,10:22:10.110,47.5500,300
37330110475632,10:22:10.110,47.5500,100
37334914780521,10:22:14.914,47.5600,100
37334914780521,10:22:14.914,47.5600,100
37334914780521,10:22:14.914,47.5600,400
37334914780521,10:22:14.914,47.5600,200
37334914780521,10:22:14.914,47.5600,100
37334914780521,10:22:14.914,47.5600,100
37373907644587,10:22:53.907,47.5600,100
37373907644587,10:22:53.907,47.5600,100
37373908878351,10:22:53.908,47.5600,100
37378254865840,10:22:58.254,47.5600,500
37378254865840,10:22:58.254,47.5600,100
37424659891358,10:23:44.659,47.5600,100
37424659891358,10:23:44.659,47.5600,100
37424659891358,10:23:44.659,47.5600,100
37424659891358,10:23:44.659,47.5600,100
37424659927225,10:23:44.659,47.5600,400
37424659927225,10:23:44.659,47.5600,200
37425253084185,10:23:45.253,47.5500,200
37438477197775,10:23:58.477,47.5300,100
37438513849302,10:23:58.513,47.5300,100
37448387450713,10:24:08.387,47.5300,100
37448387450713,10:24:08.387,47.5300,100
37448387450713,10:24:08.387,47.5300,200
37448387736759,10:24:08.387,47.5300,100
37488591070920,10:24:48.591,47.5400,100
37488591070920,10:24:48.591,47.5400,100
37488591070920,10:24:48.591,47.5400,100
37488591070920,10:24:48.591,47.5400,6
37488591070920,10:24:48.591,47.5400,11
37488591099139,10:24:48.591,47.5400,89
37488591099139,10:24:48.591,47.5400,200
37488591099139,10:24:48.591,47.5400,100
37488591099139,10:24:48.591,47.5400,100
37494093125001,10:24:54.093,47.5400,9
37550316104976,10:25:50.316,47.5300,200
37550316104976,10:25:50.316,47.5300,100
37550316104976,10:25:50.316,47.5300,145
37550316104976,10:25:50.316,47.5300,100
37550316104976,10:25:50.316,47.5300,100
37550316104976,10:25:50.316,47.5300,100
37550316104976,10:25:50.316,47.5300,10
37550316104976,10:25:50.316,47.5300,500
37550366284885,10:25:50.366,47.5200,200
37550366284885,10:25:50.366,47.5200,91
37550366297238,10:25:50.366,47.5200,291
37550366424102,10:25:50.366,47.5200,118
37551521775736,10:25:51.521,47.5100,100
37551521775736,10:25:51.521,47.5100,100
37551521775736,10:25:51.521,47.5100,100
37558976858297,10:25:58.976,47.5000,100
37558983824858,10:25:58.983,47.5000,100
37558983824858,10:25:58.983,47.5000,500
37561098025308,10:26:01.098,47.5000,100
37566560128714,10:26:06.560,47.5100,110
37566560128714,10:26:06.560,47.5100,100
37566560128714,10:26:06.560,47.5100,100
37598540841970,10:26:38.540,47.5200,300
37598540841970,10:26:38.540,47.5200,100
37598540882063,10:26:38.540,47.5200,400
37598540894423,10:26:38.540,47.5200,400
37598541225232,10:26:38.541,47.5200,100
37598541225232,10:26:38.541,47.5200,300
37598541225232,10:26:38.541,47.5200,100
37598541225232,10:26:38.541,47.5200,200
37598541225232,10:26:38.541,47.5200,300
37598541225232,10:26:38.541,47.5200,300
37598541225232,10:26:38.541,47.5200,100
37598541225232,10:26:38.541,47.5200,300
37598541225232,10:26:38.541,47.5200,100
37598541225232,10:26:38.541,47.5200,300
37598541225232,10:26:38.541,47.5200,100
37598541225232,10:26:38.541,47.5200,181
37598541255772,10:26:38.541,47.5200,19
37598541255772,10:26:38.541,47.5200,100
37598541255772,10:26:38.541,47.5200,100
37598541255772,10:26:38.541,47.5200,400
37598541255772,10:26:38.541,47.5200,300
37626181416131,10:27:06.181,47.5100,100
37626181416131,10:27:06.181,47.5100,100
37626182738923,10:27:06.182,47.5100,100
37626182738923,10:27:06.182,47.5100,200
37626182738923,10:27:06.182,47.5100,100
37626182738923,10:27:06.182,47.5100,100
37626182738923,10:27:06.182,47.5100,100
37626182738923,10:27:06.182,47.5100,36
37638298271757,10:27:18.298,47.5000,1021
37638298271757,10:27:18.298,47.5000,3
37638298271757,10:27:18.298,47.5000,200
37638298271757,10:27:18.298,47.5000,76
37638298304450,10:27:18.298,47.5000,24
37638298304450,10:27:18.298,47.5000,244
37638298692708,10:27:18.298,47.5000,100
37638299054035,10:27:18.299,47.5000,100
37638299459015,10:27:18.299,47.5000,100
37640584997661,10:27:20.584,47.5000,7
37640584997661,10:27:20.584,47.5000,100
37640701504066,10:27:20.701,47.4900,100
37641111984493,10:27:21.111,47.4900,100
37646275604775,10:27:26.275,47.4900,100
37648269455273,10:27:28.269,47.4900,100
37648269455273,10:27:28.269,47.4900,100
37648269455273,10:27:28.269,47.4900,100
37656238305485,10:27:36.238,47.5000,51
37656238305485,10:27:36.238,47.5000,100
37656238305485,10:27:36.238,47.5000,49
37656238395836,10:27:36.238,47.5000,51
37656238435347,10:27:36.238,47.5000,100
37663489131587,10:27:43.489,47.5000,500
37678599046047,10:27:58.599,47.4900,200
37678800004440,10:27:58.800,47.4800,100
37689052011753,10:28:09.052,47.4800,8
37700420485622,10:28:20.420,47.4800,100
37703696051717,10:28:23.696,47.4900,100
37703696051717,10:28:23.696,47.4900,97
37713907731207,10:28:33.907,47.4900,100
37713907731207,10:28:33.907,47.4900,100
37713907731207,10:28:33.907,47.4900,100
37720886137912,10:28:40.886,47.5000,200
37720886137912,10:28:40.886,47.5000,100
37720886137912,10:28:40.886,47.5000,100
37720886137912,10:28:40.886,47.5000,100
37720886137912,10:28:40.886,47.5000,1
37740953349982,10:29:00.953,47.5100,1
37742980726816,10:29:02.980,47.5100,100
37748251060893,10:29:08.251,47.5100,1
37788258509333,10:29:48.258,47.5100,1
37791398742300,10:29:51.398,47.5100,1
37797149057559,10:29:57.149,47.5150,5
37800131178076,10:30:00.131,47.5100,6
37804777590504,10:30:04.777,47.5100,192
37804777590504,10:30:04.777,47.5100,100
37804777590504,10:30:04.777,47.5100,500
37804777590504,10:30:04.777,47.5100,100
37822874210580,10:30:22.874,47.5100,100
37866676271127,10:31:06.676,47.5200,200
37866676271127,10:31:06.676,47.5200,200
37866676271127,10:31:06.676,47.5200,100
37866676271127,10:31:06.676,47.5200,100
37866686020744,10:31:06.686,47.5200,6
37869780111986,10:31:09.780,47.5200,100
37869780141821,10:31:09.780,47.5200,100
37869782386396,10:31:09.782,47.5200,100
37869782454490,10:31:09.782,47.5200,7
37869782454490,10:31:09.782,47.5200,93
37869782555323,10:31:09.782,47.5200,7
37869782555323,10:31:09.782,47.5200,93
37869783523631,10:31:09.783,47.5200,7
37869783523631,10:31:09.783,47.5200,93
37869802279041,10:31:09.802,47.5200,7
37869802279041,10:31:09.802,47.5200,69
37870742736132,10:31:10.742,47.5200,400
37870742736132,10:31:10.742,47.5200,100
37871218715672,10:31:11.218,47.5200,400
37871218715672,10:31:11.218,47.5200,100
37871218765761,10:31:11.218,47.5200,32
37883469930249,10:31:23.469,47.5200,100
37883469930249,10:31:23.469,47.5200,100
37895071705520,10:31:35.071,47.5300,200
37895071705520,10:31:35.071,47.5300,100
37895071705520,10:31:35.071,47.5300,7
37901139601024,10:31:41.139,47.5350,100
37907430850411,10:31:47.430,47.5400,400
37907430850411,10:31:47.430,47.5400,105
37907431188678,10:31:47.431,47.5400,95
37907431188678,10:31:47.431,47.5400,400
37907431188678,10:31:47.431,47.5400,6
37907431833384,10:31:47.431,47.5400,94
37907433190270,10:31:47.433,47.5400,300
37907441101199,10:31:47.441,47.5400,1
37907538183137,10:31:47.538,47.5400,100
37907538183137,10:31:47.538,47.5400,255
37907538268298,10:31:47.538,47.5400,100
37907538268298,10:31:47.538,47.5400,100
37907538532926,10:31:47.538,47.5400,300
37917453494879,10:31:57.453,47.5400,100
37917453494879,10:31:57.453,47.5400,100
37917462613953,10:31:57.462,47.5400,1
37921403045633,10:32:01.403,47.5500,600
37921403045633,10:32:01.403,47.5500,300
37921403045633,10:32:01.403,47.5500,100
37921403045633,10:32:01.403,47.5500,100
37921403045633,10:32:01.403,47.5500,400
37921403172674,10:32:01.403,47.5500,100
37921403357378,10:32:01.403,47.5500,100
37921403601408,10:32:01.403,47.5500,100
37921404964596,10:32:01.404,47.5400,100
37921404964596,10:32:01.404,47.5400,100
37921404964596,10:32:01.404,47.5400,400
37921404964596,10:32:01.404,47.5400,100
37921405266575,10:32:01.405,47.5400,100
37921405266575,10:32:01.405,47.5400,1200
37921407115528,10:32:01.407,47.5400,100
37924146813785,10:32:04.146,47.5400,55
37927435048199,10:32:07.435,47.5400,200
37927435048199,10:32:07.435,47.5400,400
37927435048199,10:32:07.435,47.5400,20
37927435616681,10:32:07.435,47.5400,37
37927796205998,10:32:07.796,47.5400,43
37942312079810,10:32:22.312,47.5400,6
37942312079810,10:32:22.312,47.5400,100
37942312079810,10:32:22.312,47.5400,94
37942313243335,10:32:22.313,47.5400,6
37944086869999,10:32:24.086,47.5300,400
37944086869999,10:32:24.086,47.5300,100
37949341925218,10:32:29.341,47.5300,200
37949341925218,10:32:29.341,47.5300,200
37949341925218,10:32:29.341,47.5300,100
37951082053484,10:32:31.082,47.5250,100
37957305042085,10:32:37.305,47.5300,5
37961996401352,10:32:41.996,47.5200,200
37961996401352,10:32:41.996,47.5200,200
37961996401352,10:32:41.996,47.5200,300
37961996448621,10:32:41.996,47.5200,300
37961996448621,10:32:41.996,47.5200,100
37961996448621,10:32:41.996,47.5200,100
37961996448621,10:32:41.996,47.5200,100
37964509608603,10:32:44.509,47.5100,100
37964509608603,10:32:44.509,47.5100,100
37977773852837,10:32:57.773,47.5100,100
37984363002812,10:33:04.363,47.5000,200
37984480180684,10:33:04.480,47.4900,15
37990538215060,10:33:10.538,47.4900,100
37992077491044,10:33:12.077,47.4900,2
37992077566001,10:33:12.077,47.4900,100
37992081649114,10:33:12.081,47.4900,100
37992081649114,10:33:12.081,47.4900,400
37992081649114,10:33:12.081,47.4900,200
38002031935201,10:33:22.031,47.4900,100
38030640141654,10:33:50.640,47.5000,100
38030640141654,10:33:50.640,47.5000,300
38030640141654,10:33:50.640,47.5000,100
38030640141654,10:33:50.640,47.5000,100
38030640293597,10:33:50.640,47.5000,100
38033079402662,10:33:53.079,47.5000,300
38033079545419,10:33:53.079,47.5000,100
38033110881110,10:33:53.110,47.5000,200
38033110881110,10:33:53.110,47.5000,300
38033110881110,10:33:53.110,47.5000,100
38033110881110,10:33:53.110,47.5000,200
38033110881110,10:33:53.110,47.5000,400
38033110881110,10:33:53.110,47.5000,100
38041145105874,10:34:01.145,47.5100,100
38041145105874,10:34:01.145,47.5100,100
38041145105874,10:34:01.145,47.5100,300
38041155665808,10:34:01.155,47.5100,2
38050029539458,10:34:10.029,47.5100,100
38050029916596,10:34:10.029,47.5100,314
38050030254736,10:34:10.030,47.5100,1784
38050030254736,10:34:10.030,47.5100,6
38050030254736,10:34:10.030,47.5100,100
38050146900037,10:34:10.146,47.5000,100
38059921381335,10:34:19.921,47.5000,200
38059921381335,10:34:19.921,47.5000,400
38059921632073,10:34:19.921,47.5000,154
38059921674918,10:34:19.921,47.5000,446
38059941649068,10:34:19.941,47.5000,200
38059941649068,10:34:19.941,47.5000,400
38059941649068,10:34:19.941,47.5000,300
38059941649068,10:34:19.941,47.5000,100
38059941649068,10:34:19.941,47.5000,200
38059941649068,10:34:19.941,47.5000,200
38059941649068,10:34:19.941,47.5000,400
38068347210255,10:34:28.347,47.5000,200
38068347210255,10:34:28.347,47.5000,100
38076476322947,10:34:36.476,47.4900,100
38076476322947,10:34:36.476,47.4900,100
38076476322947,10:34:36.476,47.4900,100
38076476322947,10:34:36.476,47.4900,100
38076476322947,10:34:36.476,47.4900,100
38089622045525,10:34:49.622,47.4950,100
38099323046379,10:34:59.323,47.4950,100
38101426674639,10:35:01.426,47.5000,100
38101426674639,10:35:01.426,47.5000,200
38101435965206,10:35:01.435,47.5000,2
38114542448876,10:35:14.542,47.5000,200
38114542804118,10:35:14.542,47.5000,300
38121050390956,10:35:21.050,47.4900,200
38121050390956,10:35:21.050,47.4900,100
38121050468377,10:35:21.050,47.4900,100
38121050468377,10:35:21.050,47.4900,100
38121050468377,10:35:21.050,47.4900,200
38142107091937,10:35:42.107,47.5000,4
38142107439456,10:35:42.107,47.5000,200
38143110351886,10:35:43.110,47.5000,200
38143110351886,10:35:43.110,47.5000,200
38147017326840,10:35:47.017,47.5000,100
38176938394618,10:36:16.938,47.5050,1
38189581491626,10:36:29.581,47.5100,200
38189581491626,10:36:29.581,47.5100,200
38189581491626,10:36:29.581,47.5100,100
38189581491626,10:36:29.581,47.5100,100
38189592446957,10:36:29.592,47.5100,3
38216390089236,10:36:56.390,47.5100,100
38216390089236,10:36:56.390,47.5100,10
38216390089236,10:36:56.390,47.5100,29
38216390119763,10:36:56.390,47.5100,71
38216390119763,10:36:56.390,47.5100,29
38216390140394,10:36:56.390,47.5100,32
38216390161672,10:36:56.390,47.5100,39
38216390161672,10:36:56.390,47.5100,100
38216391257161,10:36:56.391,47.5100,147
38216391355437,10:36:56.391,47.5100,147
38216391360993,10:36:56.391,47.5100,53
38222641436529,10:37:02.641,47.5100,7
38222641436529,10:37:02.641,47.5100,100
38222641708434,10:37:02.641,47.5100,100
38222641777810,10:37:02.641,47.5100,1
38222650975301,10:37:02.650,47.5100,1
38262204787629,10:37:42.204,47.5000,122
38262204807908,10:37:42.204,47.5000,4
38262204807908,10:37:42.204,47.5000,100
38262204807908,10:37:42.204,47.5000,100
38262204807908,10:37:42.204,47.5000,100
38266052330874,10:37:46.052,47.4900,200
38271879045821,10:37:51.879,47.4900,100
38271879045821,10:37:51.879,47.4900,100
38276445327648,10:37:56.445,47.4800,100
38276445327648,10:37:56.445,47.4800,100
38276445482510,10:37:56.445,47.4800,58
38276446256033,10:37:56.446,47.4800,200
38280140504471,10:38:00.140,47.4800,300
38282228324059,10:38:02.228,47.4800,100
38282928564061,10:38:02.928,47.4800,15
38283118509439,10:38:03.118,47.4800,400
38283118509439,10:38:03.118,47.4800,184
38285935967483,10:38:05.935,47.4800,200
38285935967483,10:38:05.935,47.4800,11
38285935967483,10:38:05.935,47.4800,200
38335218887830,10:38:55.218,47.4800,200
38335218887830,10:38:55.218,47.4800,100
38344554592788,10:39:04.554,47.4800,300
38344554592788,10:39:04.554,47.4800,100
38344554592788,10:39:04.554,47.4800,100
38344554592788,10:39:04.554,47.4800,100
38344554592788,10:39:04.554,47.4800,100
38344554592788,10:39:04.554,47.4800,100
38344554592788,10:39:04.554,47.4800,100
38344554592788,10:39:04.554,47.4800,100
38344555023166,10:39:04.555,47.4800,200
38344555023166,10:39:04.555,47.4800,400
38344555023166,10:39:04.555,47.4800,100
38344555023166,10:39:04.555,47.4800,200
38344555023166,10:39:04.555,47.4800,100
38344555237453,10:39:04.555,47.4800,16
38344555261674,10:39:04.555,47.4800,32
38344555331614,10:39:04.555,47.4800,52
38344598875548,10:39:04.598,47.4800,100
38344598875548,10:39:04.598,47.4800,100
38344598875548,10:39:04.598,47.4800,100
38344598875548,10:39:04.598,47.4800,200
38344598875548,10:39:04.598,47.4800,400
38344598875548,10:39:04.598,47.4800,100
38344599092336,10:39:04.599,47.4800,100
38344599370815,10:39:04.599,47.4800,100
38344604789187,10:39:04.604,47.4700,100
38344604789187,10:39:04.604,47.4700,1
38344604789187,10:39:04.604,47.4700,100
38344604789187,10:39:04.604,47.4700,100
38344604789187,10:39:04.604,47.4700,100
38344604789187,10:39:04.604,47.4700,100
38344604789187,10:39:04.604,47.4700,65
38344619872194,10:39:04.619,47.4700,100
38344619872194,10:39:04.619,47.4700,133
38344619872194,10:39:04.619,47.4700,100
38344619872194,10:39:04.619,47.4700,40
38344624239319,10:39:04.624,47.4700,100
38344624371910,10:39:04.624,47.4700,100
38344625229643,10:39:04.625,47.4700,60
38344628793853,10:39:04.628,47.4700,100
38344628793853,10:39:04.628,47.4700,45
38344636486260,10:39:04.636,47.4700,100
38344636486260,10:39:04.636,47.4700,200
38344636486260,10:39:04.636,47.4700,400
38344636486260,10:39:04.636,47.4700,100
38344642881499,10:39:04.642,47.4700,100
38344642881499,10:39:04.642,47.4700,200
38344643393180,10:39:04.643,47.4700,100
38344643393180,10:39:04.643,47.4700,100
38344643393180,10:39:04.643,47.4700,200
38344643393180,10:39:04.643,47.4700,400
38344658617212,10:39:04.658,47.4700,100
38347118634515,10:39:07.118,47.4800,70
38347119505105,10:39:07.119,47.4800,30
38374473432616,10:39:34.473,47.4900,100
38374473432616,10:39:34.473,47.4900,200
38374473474041,10:39:34.473,47.4900,100
38375454270610,10:39:35.454,47.4900,100
38375454270610,10:39:35.454,47.4900,100
38375454270610,10:39:35.454,47.4900,100
38375692795907,10:39:35.692,47.4900,200
38375692795907,10:39:35.692,47.4900,400
38375692795907,10:39:35.692,47.4900,100
38375708635722,10:39:35.708,47.4900,300
38375712313200,10:39:35.712,47.4900,100
38375712313200,10:39:35.712,47.4900,200
38375712313877,10:39:35.712,47.4900,100
38375716311592,10:39:35.716,47.4900,100
38375716311592,10:39:35.716,47.4900,100
38375770578999,10:39:35.770,47.4800,100
38375770578999,10:39:35.770,47.4800,200
38375770578999,10:39:35.770,47.4800,34
38375770611989,10:39:35.770,47.4800,66
38375770611989,10:39:35.770,47.4800,100
38375770611989,10:39:35.770,47.4800,100
38375770611989,10:39:35.770,47.4800,500
38375770611989,10:39:35.770,47.4800,100
38375770611989,10:39:35.770,47.4800,100
38375770611989,10:39:35.770,47.4800,400
38375771637080,10:39:35.771,47.4800,300
38375771637080,10:39:35.771,47.4800,100
38375771637080,10:39:35.771,47.4800,300
38375771637080,10:39:35.771,47.4800,400
38375771637080,10:39:35.771,47.4800,100
38375771637080,10:39:35.771,47.4800,100
38375771637080,10:39:35.771,47.4800,100
38375771637080,10:39:35.771,47.4800,400
38375771637080,10:39:35.771,47.4800,239
38375773631045,10:39:35.773,47.4800,100
38386925563733,10:39:46.925,47.4800,100
38403650028060,10:40:03.650,47.4900,65
38403650235859,10:40:03.650,47.4900,35
38403650235859,10:40:03.650,47.4900,200
38403665913799,10:40:03.665,47.4900,495
38403666282905,10:40:03.666,47.4900,100
38403666282905,10:40:03.666,47.4900,66
38403670150866,10:40:03.670,47.4900,134
38403670150866,10:40:03.670,47.4900,133
38403670150866,10:40:03.670,47.4900,56
38403670608741,10:40:03.670,47.4900,44
38403670608741,10:40:03.670,47.4900,33
38403670648257,10:40:03.670,47.4900,67
38403692811883,10:40:03.692,47.4800,100
38403692811883,10:40:03.692,47.4800,400
38403692811883,10:40:03.692,47.4800,500
38403692811883,10:40:03.692,47.4800,300
38403692811883,10:40:03.692,47.4800,81
38403694677230,10:40:03.694,47.4800,52
38403694677230,10:40:03.694,47.4800,62
38403697110005,10:40:03.697,47.4800,100
38403697110005,10:40:03.697,47.4800,100
38403701936137,10:40:03.701,47.4800,100
38403701936137,10:40:03.701,47.4800,100
38403701936137,10:40:03.701,47.4800,100
38404058119709,10:40:04.058,47.4800,400
38404058119709,10:40:04.058,47.4800,100
38404058119709,10:40:04.058,47.4800,100
38465621552572,10:41:05.621,47.4900,100
38465621552572,10:41:05.621,47.4900,100
38465621552572,10:41:05.621,47.4900,100
38465621552572,10:41:05.621,47.4900,100
38465621552572,10:41:05.621,47.4900,100
38475858871177,10:41:15.858,47.5000,100
38526361471515,10:42:06.361,47.5100,200
38526361471515,10:42:06.361,47.5100,200
38526361471515,10:42:06.361,47.5100,100
38526361471515,10:42:06.361,47.5100,100
38526361471515,10:42:06.361,47.5100,100
38526361471515,10:42:06.361,47.5100,100
38526361471515,10:42:06.361,47.5100,500
38526361471515,10:42:06.361,47.5100,100
38565303748048,10:42:45.303,47.5000,687
38565735257856,10:42:45.735,47.5000,100
38565735257856,10:42:45.735,47.5000,10
38565735257856,10:42:45.735,47.5000,10
38565735257856,10:42:45.735,47.5000,200
38565735257856,10:42:45.735,47.5000,100
38576273973593,10:42:56.273,47.4900,100
38576273973593,10:42:56.273,47.4900,200
38597287632461,10:43:17.287,47.4800,13
38611287845490,10:43:31.287,47.4850,100
38611287935328,10:43:31.287,47.4900,100
38611287935328,10:43:31.287,47.4900,100
38611287935328,10:43:31.287,47.4900,100
38614931545036,10:43:34.931,47.4900,100
38614931594828,10:43:34.931,47.4950,300
38614931886539,10:43:34.931,47.4900,400
38614931886539,10:43:34.931,47.4900,300
38614931886539,10:43:34.931,47.4900,300
38614933678852,10:43:34.933,47.4900,100
38614982574252,10:43:34.982,47.4900,100
38614982574252,10:43:34.982,47.4900,100
38616949374442,10:43:36.949,47.5000,400
38616949374442,10:43:36.949,47.5000,100
38616949374442,10:43:36.949,47.5000,100
38622314694970,10:43:42.314,47.5100,200
38622314694970,10:43:42.314,47.5100,200
38622314694970,10:43:42.314,47.5100,100
38622397001977,10:43:42.397,47.5100,60
38657475441169,10:44:17.475,47.5200,101
38657475607263,10:44:17.475,47.5200,99
38660593391994,10:44:20.593,47.5300,95
38660593391994,10:44:20.593,47.5300,200
38660593391994,10:44:20.593,47.5300,5
38660594329586,10:44:20.594,47.5300,95
38696748389918,10:44:56.748,47.5400,100
38696749282351,10:44:56.749,47.5400,100
38705945118654,10:45:05.945,47.5500,22
38706127368763,10:45:06.127,47.5500,200
38706127368763,10:45:06.127,47.5500,11
38707039607451,10:45:07.039,47.5500,89
38707039607451,10:45:07.039,47.5500,122
38718344956964,10:45:18.344,47.5500,64
38718344975231,10:45:18.344,47.5500,384
38718344975231,10:45:18.344,47.5500,100
38718344975231,10:45:18.344,47.5500,10
38718344975231,10:45:18.344,47.5500,10
38737358060404,10:45:37.358,47.5500,16
38760463621541,10:46:00.463,47.5400,100
38760463621541,10:46:00.463,47.5400,100
38760463621541,10:46:00.463,47.5400,100
38760463621541,10:46:00.463,47.5400,100
38760463621541,10:46:00.463,47.5400,100
38766274337831,10:46:06.274,47.5300,100
38793920617233,10:46:33.920,47.5400,100
38793920617233,10:46:33.920,47.5400,10
38793920617233,10:46:33.920,47.5400,84
38793950711872,10:46:33.950,47.5400,16
38793950711872,10:46:33.950,47.5400,100
38794170625081,10:46:34.170,47.5400,200
38824826902183,10:47:04.826,47.5400,10
38824826902183,10:47:04.826,47.5400,90
38825589157976,10:47:05.589,47.5400,110
38825589157976,10:47:05.589,47.5400,100
38825589157976,10:47:05.589,47.5400,100
38830230207081,10:47:10.230,47.5300,200
38830230207081,10:47:10.230,47.5300,100
38830230207081,10:47:10.230,47.5300,100
38830230207081,10:47:10.230,47.5300,100
38830230207081,10:47:10.230,47.5300,100
38830230207081,10:47:10.230,47.5300,100
38830230207081,10:47:10.230,47.5300,100
38830234077059,10:47:10.234,47.5300,81
38830568427401,10:47:10.568,47.5300,100
38843792874093,10:47:23.792,47.5400,200
38843792874093,10:47:23.792,47.5400,100
38843792899349,10:47:23.792,47.5400,11
38843792924691,10:47:23.792,47.5400,89
38876550933653,10:47:56.550,47.5300,100
38876550933653,10:47:56.550,47.5300,100
38925113380727,10:48:45.113,47.5300,100
38925113380727,10:48:45.113,47.5300,10
38925113380727,10:48:45.113,47.5300,500
38925113380727,10:48:45.113,47.5300,66
38925113380727,10:48:45.113,47.5300,45
38925113440526,10:48:45.113,47.5300,55
38925113440526,10:48:45.113,47.5300,100
38941380526662,10:49:01.380,47.5200,100
38962699705220,10:49:22.699,47.5300,1
38962772379010,10:49:22.772,47.5300,100
38962772379010,10:49:22.772,47.5300,100
38966723489866,10:49:26.723,47.5300,100
38985936832429,10:49:45.936,47.5200,96
38985936836935,10:49:45.936,47.5200,104
38985936836935,10:49:45.936,47.5200,62
38985936925350,10:49:45.936,47.5200,38
38990284641552,10:49:50.284,47.5100,2
38990868733349,10:49:50.868,47.5100,100
38990868733349,10:49:50.868,47.5100,100
38990868733349,10:49:50.868,47.5100,43
38990868783467,10:49:50.868,47.5100,57
38990868783467,10:49:50.868,47.5100,300
38990868813716,10:49:50.868,47.5100,100
38990869003025,10:49:50.869,47.5100,400
38990940344305,10:49:50.940,47.5100,100
38990940399927,10:49:50.940,47.5100,32
39000343844545,10:50:00.343,47.5100,100
39000757738857,10:50:00.757,47.5100,400
39008413647483,10:50:08.413,47.5100,300
39008413647483,10:50:08.413,47.5100,1
39008414203719,10:50:08.414,47.5100,100
39008414228874,10:50:08.414,47.5100,2
39008414239108,10:50:08.414,47.5100,97
39013493695314,10:50:13.493,47.5200,100
39013504039301,10:50:13.504,47.5250,1
39017322410620,10:50:17.322,47.5200,1
39097431761523,10:51:37.431,47.5300,5
39130174501107,10:52:10.174,47.5300,95
39130174501107,10:52:10.174,47.5300,100
39130174501107,10:52:10.174,47.5300,100
39133767172499,10:52:13.767,47.5300,100
39133767198656,10:52:13.767,47.5300,100
39133767198656,10:52:13.767,47.5300,9
39160882984206,10:52:40.882,47.5200,200
39160882984206,10:52:40.882,47.5200,100
39160882984206,10:52:40.882,47.5200,100
39160883010873,10:52:40.883,47.5200,500
39160884676603,10:52:40.884,47.5200,600
39160884676603,10:52:40.884,47.5200,100
39160884676603,10:52:40.884,47.5200,300
39160884676603,10:52:40.884,47.5200,100
39160884676603,10:52:40.884,47.5200,100
39160884676603,10:52:40.884,47.5200,100
39160884676603,10:52:40.884,47.5200,200
39160884676603,10:52:40.884,47.5200,100
39160884676603,10:52:40.884,47.5200,100
39160884676603,10:52:40.884,47.5200,200
39160884676603,10:52:40.884,47.5200,100
39160884676603,10:52:40.884,47.5200,200
39160884676603,10:52:40.884,47.5200,132
39160884676603,10:52:40.884,47.5200,200
39160884676603,10:52:40.884,47.5200,400
39160884676603,10:52:40.884,47.5200,100
39160894648961,10:52:40.894,47.5200,11
39186307095595,10:53:06.307,47.5200,200
39186307095595,10:53:06.307,47.5200,87
39186307261652,10:53:06.307,47.5200,100
39186659526770,10:53:06.659,47.5200,13
39191295380906,10:53:11.295,47.5100,164
39193137842930,10:53:13.137,47.5100,100
39193554639713,10:53:13.554,47.5100,100
39193554639713,10:53:13.554,47.5100,100
39193554639713,10:53:13.554,47.5100,100
39193555015156,10:53:13.555,47.5100,37
39194102011390,10:53:14.102,47.5000,13
39203742459909,10:53:23.742,47.5000,63
39203745810745,10:53:23.745,47.5000,37
39203745810745,10:53:23.745,47.5000,1
39203745810745,10:53:23.745,47.5000,200
39203745810745,10:53:23.745,47.5000,62
39203745928565,10:53:23.745,47.5000,38
39203745928565,10:53:23.745,47.5000,100
39204404680382,10:53:24.404,47.5000,100
39204404680382,10:53:24.404,47.5000,400
39204404680382,10:53:24.404,47.5000,300
39222194230400,10:53:42.194,47.5000,200
39225330193432,10:53:45.330,47.4900,100
39233384445944,10:53:53.384,47.4900,100
39233384445944,10:53:53.384,47.4900,100
39234491426375,10:53:54.491,47.4800,100
39242178240333,10:54:02.178,47.4800,100
39242178362528,10:54:02.178,47.4800,100
39245033128523,10:54:05.033,47.4900,100
39245033128523,10:54:05.033,47.4900,100
39245033148877,10:54:05.033,47.4900,75
39245033324725,10:54:05.033,47.4900,25
39295711341029,10:54:55.711,47.5000,100
39302633012037,10:55:02.633,47.5000,100
39308074397853,10:55:08.074,47.5000,37
39308074397853,10:55:08.074,47.5000,200
39320158302990,10:55:20.158,47.5100,100
39337200930413,10:55:37.200,47.5200,100
39337200930413,10:55:37.200,47.5200,200
39337200930413,10:55:37.200,47.5200,200
39337246634710,10:55:37.246,47.5200,2
39338202707678,10:55:38.202,47.5200,100
39371488126572,10:56:11.488,47.5100,100
39371488153437,10:56:11.488,47.5100,100
39371488153437,10:56:11.488,47.5100,100
39371488153437,10:56:11.488,47.5100,500
39371488153437,10:56:11.488,47.5100,10
39371488153437,10:56:11.488,47.5100,100
39386007783183,10:56:26.007,47.5000,200
39386007783183,10:56:26.007,47.5000,100
39386007783183,10:56:26.007,47.5000,100
39386007783183,10:56:26.007,47.5000,100
39386007783183,10:56:26.007,47.5000,100
39386007783183,10:56:26.007,47.5000,100
39386007820656,10:56:26.007,47.5000,400
39393950471307,10:56:33.950,47.4900,100
39393950471307,10:56:33.950,47.4900,100
39395353405769,10:56:35.353,47.4900,100
39395353405769,10:56:35.353,47.4900,400
39395353405769,10:56:35.353,47.4900,100
39395353405769,10:56:35.353,47.4900,200
39414352195839,10:56:54.352,47.5000,200
39414352195839,10:56:54.352,47.5000,100
39414352195839,10:56:54.352,47.5000,100
39414352687556,10:56:54.352,47.5000,400
39414352687556,10:56:54.352,47.5000,300
39414352687556,10:56:54.352,47.5000,100
39414352687556,10:56:54.352,47.5000,100
39414352687556,10:56:54.352,47.5000,100
39414352687556,10:56:54.352,47.5000,100
39414352687556,10:56:54.352,47.5000,500
39414352687556,10:56:54.352,47.5000,200
39414352687556,10:56:54.352,47.5000,100
39414352687556,10:56:54.352,47.5000,100
39414352687556,10:56:54.352,47.5000,200
39414352687556,10:56:54.352,47.5000,400
39414355787315,10:56:54.355,47.5000,100
39414355787315,10:56:54.355,47.5000,78
39416056830900,10:56:56.056,47.5000,100
39442536985730,10:57:22.536,47.5000,100
39442536985730,10:57:22.536,47.5000,100
39442536985730,10:57:22.536,47.5000,100
39442538260658,10:57:22.538,47.5000,73
39457291265521,10:57:37.291,47.5000,100
39457291368131,10:57:37.291,47.5000,52
39467347096143,10:57:47.347,47.5000,100
39480948918652,10:58:00.948,47.4900,100
39480948954318,10:58:00.948,47.4900,100
39480949008598,10:58:00.949,47.4900,100
39480949028811,10:58:00.949,47.4900,100
39480949140118,10:58:00.949,47.4900,400
39488584667360,10:58:08.584,47.4800,39
39493861061562,10:58:13.861,47.4900,2
39493861103421,10:58:13.861,47.4900,98
39493861103421,10:58:13.861,47.4900,100
39493861350109,10:58:13.861,47.4900,14
39493861778708,10:58:13.861,47.4900,86
39493861778708,10:58:13.861,47.4900,100
39493869488870,10:58:13.869,47.4900,1
39521049260494,10:58:41.049,47.5000,200
39521049260494,10:58:41.049,47.5000,100
39521049260494,10:58:41.049,47.5000,2
39521049260494,10:58:41.049,47.5000,158
39521049260494,10:58:41.049,47.5000,40
39521049529097,10:58:41.049,47.5000,100
39538404685602,10:58:58.404,47.5100,100
39541145971503,10:59:01.145,47.5050,100
39541153311961,10:59:01.153,47.5000,1
39542070237201,10:59:02.070,47.5000,3
39546977006196,10:59:06.977,47.5000,100
39547961299899,10:59:07.961,47.5000,100
39547961327029,10:59:07.961,47.5000,100
39547961327029,10:59:07.961,47.5000,10
39547961327029,10:59:07.961,47.5000,100
39555117447692,10:59:15.117,47.4900,200
39555117447692,10:59:15.117,47.4900,100
39555117447692,10:59:15.117,47.4900,100
39555117447692,10:59:15.117,47.4900,100
39555117624857,10:59:15.117,47.4900,100
39555117624857,10:59:15.117,47.4900,100
39555117624857,10:59:15.117,47.4900,28
39555117624857,10:59:15.117,47.4900,100
39555117624857,10:59:15.117,47.4900,72
39555117716436,10:59:15.117,47.4900,28
39555117716436,10:59:15.117,47.4900,100
39555117716436,10:59:15.117,47.4900,100
39555117716436,10:59:15.117,47.4900,300
39555117716436,10:59:15.117,47.4900,400
39555117716436,10:59:15.117,47.4900,100
39555117716436,10:59:15.117,47.4900,400
39555117716436,10:59:15.117,47.4900,132
39555117716436,10:59:15.117,47.4900,200
39555117716436,10:59:15.117,47.4900,200
39555117716436,10:59:15.117,47.4900,100
39555117832089,10:59:15.117,47.4900,80
39555117909315,10:59:15.117,47.4900,100
39555117909315,10:59:15.117,47.4900,100
39555117909315,10:59:15.117,47.4900,100
39555117909315,10:59:15.117,47.4900,200
39555117909315,10:59:15.117,47.4900,52
39555117969858,10:59:15.117,47.4900,48
39555117969858,10:59:15.117,47.4900,200
39555117969858,10:59:15.117,47.4900,400
39555117969858,10:59:15.117,47.4900,52
39569498098609,10:59:29.498,47.4900,100
39569498098609,10:59:29.498,47.4900,100
39569498098609,10:59:29.498,47.4900,39
39569498360160,10:59:29.498,47.4900,61
39569498360160,10:59:29.498,47.4900,39
39569831111142,10:59:29.831,47.4900,61
39569831111142,10:59:29.831,47.4900,39
39569831494950,10:59:29.831,47.4900,61
39569831494950,10:59:29.831,47.4900,100
39569831514400,10:59:29.831,47.4900,161
39570421182430,10:59:30.421,47.4900,100
39570467946028,10:59:30.467,47.4900,100
39570509467420,10:59:30.509,47.4900,65
39585107278205,10:59:45.107,47.4900,100
39585107278205,10:59:45.107,47.4900,100
39595274312541,10:59:55.274,47.4900,100
39595285011418,10:59:55.285,47.4900,100
39606907105295,11:00:06.907,47.5000,1
39606920311500,11:00:06.920,47.5000,10
39657378677508,11:00:57.378,47.5100,200
39657378677508,11:00:57.378,47.5100,100
39657378677508,11:00:57.378,47.5100,100
39662941201875,11:01:02.941,47.5200,100
39662941201875,11:01:02.941,47.5200,110
39662941297236,11:01:02.941,47.5200,90
39663449135346,11:01:03.449,47.5300,10
39663459136058,11:01:03.459,47.5300,90
39663465259455,11:01:03.465,47.5400,200
39663465259455,11:01:03.465,47.5400,100
39663465259455,11:01:03.465,47.5400,100
39663465259455,11:01:03.465,47.5400,100
39663465259455,11:01:03.465,47.5400,100
39663465259455,11:01:03.465,47.5400,60
39663473764723,11:01:03.473,47.5400,100
39663495577414,11:01:03.495,47.5500,22
39663746797080,11:01:03.746,47.5400,100
39663779155939,11:01:03.779,47.5400,100
39663779155939,11:01:03.779,47.5400,100
39663779155939,11:01:03.779,47.5400,28
39664042986426,11:01:04.042,47.5500,1
39664666404702,11:01:04.666,47.5500,300
39664666404702,11:01:04.666,47.5500,200
39664666404702,11:01:04.666,47.5500,1
39664788040608,11:01:04.788,47.5600,100
39664788040608,11:01:04.788,47.5600,5
39665082874698,11:01:05.082,47.5700,200
39665082874698,11:01:05.082,47.5700,100
39665082874698,11:01:05.082,47.5700,100
39665082874698,11:01:05.082,47.5700,100
39665082874698,11:01:05.082,47.5700,50
39665083406517,11:01:05.083,47.5700,100
39665083406517,11:01:05.083,47.5700,100
39665083406517,11:01:05.083,47.5700,100
39665084431622,11:01:05.084,47.5700,200
39665084431622,11:01:05.084,47.5700,100
39665084431622,11:01:05.084,47.5700,100
39665084431622,11:01:05.084,47.5700,113
39665084431622,11:01:05.084,47.5700,100
39665084431622,11:01:05.084,47.5700,300
39665084431622,11:01:05.084,47.5700,200
39665084431622,11:01:05.084,47.5700,100
39665084431622,11:01:05.084,47.5700,400
39665084431622,11:01:05.084,47.5700,200
39665084431622,11:01:05.084,47.5700,100
