timestamp,time,price,volume
34200454150686,09:30:00.454,16.9800,26
34200454186710,09:30:00.454,16.9800,74
34200454186710,09:30:00.454,16.9500,1
34200598573803,09:30:00.598,0.0000,0
34246034096598,09:30:46.034,16.8800,20
34246034096598,09:30:46.034,16.8800,100
34246034096598,09:30:46.034,16.8800,80
34298923236262,09:31:38.923,16.9400,19
34298923236262,09:31:38.923,16.9400,81
34398266510164,09:33:18.266,16.9400,100
34398266510164,09:33:18.266,16.9400,100
34572556870315,09:36:12.556,16.9100,7
34572556926587,09:36:12.556,16.9100,93
34572557714597,09:36:12.557,16.9000,20
34635472971290,09:37:15.472,16.9100,25
34676739711947,09:37:56.739,16.9200,77
34676739750564,09:37:56.739,16.9100,68
35206764055147,09:46:46.764,16.9200,100
35206767455485,09:46:46.767,16.9100,68
35206767665067,09:46:46.767,16.9100,100
35302347056244,09:48:22.347,16.9200,100
35560409317959,09:52:40.409,16.9100,100
35560409648172,09:52:40.409,16.9100,100
35560409734420,09:52:40.409,16.9100,100
35561354715046,09:52:41.354,16.9000,200
35561354740008,09:52:41.354,16.9000,100
35570043004632,09:52:50.043,16.8850,100
35833552933812,09:57:13.552,16.8500,200
35835208931668,09:57:15.208,16.8500,100
35835209010477,09:57:15.209,16.8500,100
36000148844445,10:00:00.148,16.8700,100
36079792290638,10:01:19.792,16.8900,100
36312379622297,10:05:12.379,16.8400,100
36347588007044,10:05:47.588,16.8350,100
36360184846231,10:06:00.184,16.8400,100
36360184846231,10:06:00.184,16.8400,100
36447777090319,10:07:27.777,16.8700,100
36447777090319,10:07:27.777,16.8700,100
36464726880886,10:07:44.726,16.8700,100
36464726880886,10:07:44.726,16.8700,100
36521745701096,10:08:41.745,16.8700,100
36521748233470,10:08:41.748,16.8800,100
36521754652235,10:08:41.754,16.8850,100
36521754652235,10:08:41.754,16.8900,100
36521754652235,10:08:41.754,16.8900,100
36521764584484,10:08:41.764,16.9000,200
36521764584484,10:08:41.764,16.9000,100
36521764584484,10:08:41.764,16.9000,100
36521764584484,10:08:41.764,16.9000,300
36521789469958,10:08:41.789,16.9000,100
36522385853395,10:08:42.385,16.8900,100
36522386970374,10:08:42.386,16.8900,100
36600467988743,10:10:00.467,16.9000,20
36606154510549,10:10:06.154,16.9000,100
36606154510549,10:10:06.154,16.9000,100
36708699234560,10:11:48.699,16.9000,100
36708699234560,10:11:48.699,16.9000,100
36717866394819,10:11:57.866,16.9000,62
36717867377460,10:11:57.867,16.9100,100
36717867377460,10:11:57.867,16.9100,100
36717871733989,10:11:57.871,16.9100,100
36717871733989,10:11:57.871,16.9100,100
36717876741012,10:11:57.876,16.9000,100
36717898268565,10:11:57.898,16.9000,100
36717898268565,10:11:57.898,16.9000,100
36717898268565,10:11:57.898,16.9000,100
36717922443559,10:11:57.922,16.9100,200
36717922443559,10:11:57.922,16.9100,100
36717922443559,10:11:57.922,16.9100,100
36717932852665,10:11:57.932,16.9100,100
36717951667483,10:11:57.951,16.9100,100
36717951667483,10:11:57.951,16.9100,100
36717974850392,10:11:57.974,16.9100,100
36717975984500,10:11:57.975,16.9200,100
36717976618048,10:11:57.976,16.9200,100
36718009906566,10:11:58.009,16.9200,100
36718009906566,10:11:58.009,16.9200,100
36763750445227,10:12:43.750,16.9100,100
36763750445227,10:12:43.750,16.9100,100
36879167287858,10:14:39.167,16.9050,1
36934517670896,10:15:34.517,16.9000,100
37038791634156,10:17:18.791,16.8800,100
37089057301207,10:18:09.057,16.8800,100
37089057301207,10:18:09.057,16.8800,100
37089556979807,10:18:09.556,16.8850,1100
37106164037234,10:18:26.164,16.8800,100
37106779999108,10:18:26.779,16.8800,100
37112876094296,10:18:32.876,16.8800,100
37113773823797,10:18:33.773,16.8800,43
37182000297871,10:19:42.000,16.8800,100
37266702065000,10:21:06.702,16.8900,100
37266702065000,10:21:06.702,16.8900,74
37266702091061,10:21:06.702,16.8900,26
37266705618574,10:21:06.705,16.8900,300
37266705618574,10:21:06.705,16.8900,100
37266705618574,10:21:06.705,16.8900,100
37266705618574,10:21:06.705,16.8900,100
37266705618574,10:21:06.705,16.8900,100
37266706266764,10:21:06.706,16.8900,100
37339466689282,10:22:19.466,16.9000,100
37339469071299,10:22:19.469,16.9000,100
37344600743052,10:22:24.600,16.9000,100
37344600743052,10:22:24.600,16.9000,100
37344602731836,10:22:24.602,16.9000,100
37344602731836,10:22:24.602,16.9000,100
37344602781914,10:22:24.602,16.9000,36
37344602781914,10:22:24.602,16.9000,64
37344603534287,10:22:24.603,16.8900,100
37344603535776,10:22:24.603,16.8900,100
37344605134802,10:22:24.605,16.8900,100
37344605934651,10:22:24.605,16.8900,100
37344607594625,10:22:24.607,16.8900,36
37344607594625,10:22:24.607,16.8900,64
37344624988431,10:22:24.624,16.8900,100
37344624988431,10:22:24.624,16.8900,100
37531672753221,10:25:31.672,16.9000,100
37567778301369,10:26:07.778,16.9000,100
37614538111526,10:26:54.538,16.9000,100
37614538111526,10:26:54.538,16.9000,100
37671275342015,10:27:51.275,16.9000,100
37737153380849,10:28:57.153,16.9100,100
37737153380849,10:28:57.153,16.9000,100
37737153380849,10:28:57.153,16.9000,100
37737153380849,10:28:57.153,16.9000,100
37737153380849,10:28:57.153,16.9000,100
37760328703105,10:29:20.328,16.9050,100
37760328703105,10:29:20.328,16.9100,100
37953502968939,10:32:33.502,16.9000,100
37953502968939,10:32:33.502,16.9000,100
37953507577670,10:32:33.507,16.9000,100
37953507577670,10:32:33.507,16.9000,100
37953507577670,10:32:33.507,16.9000,100
37953507577670,10:32:33.507,16.9000,100
37953507577670,10:32:33.507,16.9000,100
37969147811144,10:32:49.147,16.9000,100
37969147839318,10:32:49.147,16.9000,100
37969147839318,10:32:49.147,16.9000,100
37982971934537,10:33:02.971,16.9050,1100
37982982042967,10:33:02.982,16.9100,100
37982982042967,10:33:02.982,16.9100,100
37983002511603,10:33:03.002,16.9100,100
37983002511603,10:33:03.002,16.9050,100
37983002511603,10:33:03.002,16.9000,200
37983002511603,10:33:03.002,16.9000,100
37983002511603,10:33:03.002,16.9000,100
37983002511603,10:33:03.002,16.9000,14
37983002564685,10:33:03.002,16.9100,42
37983002564685,10:33:03.002,16.9100,100
37983002564685,10:33:03.002,16.9100,100
37983002564685,10:33:03.002,16.9100,100
37983002855851,10:33:03.002,16.9100,100
37983010060319,10:33:03.010,16.9050,100
37983018790273,10:33:03.018,16.9100,100
37983018790273,10:33:03.018,16.9100,100
38027321534155,10:33:47.321,16.9100,100
38097468964577,10:34:57.468,16.9100,100
38097468964577,10:34:57.468,16.9100,100
38097472316106,10:34:57.472,16.9100,200
38097472316106,10:34:57.472,16.9100,100
38097472316106,10:34:57.472,16.9100,100
38097472316106,10:34:57.472,16.9100,100
38097472316106,10:34:57.472,16.9100,100
38255286031850,10:37:35.286,16.9250,100
38296552342309,10:38:16.552,16.9300,100
38296552342309,10:38:16.552,16.9300,100
38296608887833,10:38:16.608,16.9300,100
38296608927119,10:38:16.608,16.9300,100
38296984771652,10:38:16.984,16.9300,100
38296984771652,10:38:16.984,16.9300,100
38296984771652,10:38:16.984,16.9300,100
38297034723901,10:38:17.034,16.9200,100
38297034723901,10:38:17.034,16.9200,100
38297034723901,10:38:17.034,16.9200,100
38299298507258,10:38:19.298,16.9200,100
38329015507562,10:38:49.015,16.9300,100
38329029801515,10:38:49.029,16.9300,100
38365110626721,10:39:25.110,16.9300,100
38409238009625,10:40:09.238,16.9400,100
38409295194804,10:40:09.295,16.9500,100
38409295194804,10:40:09.295,16.9500,100
38409295194804,10:40:09.295,16.9500,100
38480883627155,10:41:20.883,16.9600,100
38480883627155,10:41:20.883,16.9600,100
38681725327689,10:44:41.725,16.9600,100
38756008789322,10:45:56.008,16.9550,100
38838549122285,10:47:18.549,16.9600,100
38921088345692,10:48:41.088,16.9600,100
38954399345342,10:49:14.399,16.9600,11
39000878306388,10:50:00.878,16.9700,100
39023989487714,10:50:23.989,16.9750,100
39023989487714,10:50:23.989,16.9750,60
39026866729751,10:50:26.866,16.9750,100
39080665121332,10:51:20.665,16.9800,100
39165953982116,10:52:45.953,16.9900,100
39254004137217,10:54:14.004,16.9900,100
39339281820940,10:55:39.281,16.9950,100
39421824800892,10:57:01.824,16.9950,100
39507112935324,10:58:27.112,17.0000,1
39507112935324,10:58:27.112,17.0000,99
39592400581203,10:59:52.400,17.0000,1
39592400581203,10:59:52.400,17.0000,99
39672200864426,11:01:12.200,17.0000,100
39753121548592,11:02:33.121,17.0000,300
39757492407253,11:02:37.492,17.0000,40
39842780933981,11:04:02.780,16.9950,100
39930823052806,11:05:30.823,17.0000,100
40018863835717,11:06:58.863,17.0000,61
40018863835717,11:06:58.863,17.0000,2
40018863835717,11:06:58.863,17.0000,37
40088820840989,11:08:08.820,17.0000,16
40088820840989,11:08:08.820,17.0000,100
40088820840989,11:08:08.820,17.0000,700
40104153075588,11:08:24.153,17.0000,100
40182213213026,11:09:42.213,16.9900,300
40182213213026,11:09:42.213,16.9900,100
40182213213026,11:09:42.213,16.9900,100
40182213213026,11:09:42.213,16.9900,100
40238179341944,11:10:38.179,16.9700,100
40238180023584,11:10:38.180,16.9700,22
40238180047008,11:10:38.180,16.9700,34
40332065459082,11:12:12.065,16.9700,100
40332065459082,11:12:12.065,16.9700,100
40332067802293,11:12:12.067,16.9800,100
40332067802293,11:12:12.067,16.9800,100
40560857618741,11:16:00.857,16.9750,100
40648897190680,11:17:28.897,16.9750,100
40835991532506,11:20:35.991,16.9800,100
40926770991197,11:22:06.770,16.9800,100
41020312455867,11:23:40.312,16.9800,100
41028210521467,11:23:48.210,16.9800,100
41028210521467,11:23:48.210,16.9800,100
41028210521467,11:23:48.210,16.9800,100
41113853570474,11:25:13.853,16.9900,100
41204644913372,11:26:44.644,16.9900,100
41300936800054,11:28:20.936,16.9900,100
41391726757805,11:29:51.726,16.9900,100
41403327729858,11:30:03.327,16.9900,100
41403327729858,11:30:03.327,16.9900,100
41477013955841,11:31:17.013,16.9950,100
41500865899792,11:31:40.865,16.9950,60
41563201176867,11:32:43.201,16.9950,50
41573306820557,11:32:53.306,17.0000,100
41817616867237,11:36:57.616,16.9950,100
41817616867237,11:36:57.616,16.9950,100
41817616867237,11:36:57.616,17.0000,500
41817616867237,11:36:57.616,17.0000,100
41817616867237,11:36:57.616,17.0000,3091
41972231608225,11:39:32.231,16.9950,100
42136070535187,11:42:16.070,17.0000,1997
42136070535187,11:42:16.070,17.0000,203
42136070623916,11:42:16.070,17.0000,497
42136070623916,11:42:16.070,17.0000,100
42136070623916,11:42:16.070,17.0000,200
42136070623916,11:42:16.070,17.0000,2200
42136070689871,11:42:16.070,17.0000,100
42136070722254,11:42:16.070,17.0000,100
42302373685682,11:45:02.373,17.0000,200
42317300217903,11:45:17.300,17.0000,500
42317300217903,11:45:17.300,17.0000,100
42317301141292,11:45:17.301,17.0000,100
42317301141292,11:45:17.301,17.0000,100
42317335966441,11:45:17.335,17.0000,100
42317335966441,11:45:17.335,17.0000,100
42560991646098,11:49:20.991,17.0200,100
42560991646098,11:49:20.991,17.0200,100
42613622745313,11:50:13.622,17.0250,100
42613622745313,11:50:13.622,17.0300,100
42613622745313,11:50:13.622,17.0300,41
42616930908998,11:50:16.930,17.0300,200
42616930908998,11:50:16.930,17.0300,41
43020434225455,11:57:00.434,17.0400,100
43157777814329,11:59:17.777,17.0300,100
43157777814329,11:59:17.777,17.0300,200
43157777814329,11:59:17.777,17.0300,100
43157794164687,11:59:17.794,17.0200,100
43157794164687,11:59:17.794,17.0200,100
43225684539174,12:00:25.684,17.0150,100
43360361268764,12:02:40.361,17.0300,100
43360361268764,12:02:40.361,17.0300,100
43360361268764,12:02:40.361,17.0300,100
43404476846998,12:03:24.476,17.0400,100
43404476846998,12:03:24.476,17.0400,100
43404476846998,12:03:24.476,17.0400,5
43788254926074,12:09:48.254,17.0500,2
43788254926074,12:09:48.254,17.0500,98
43801395364856,12:10:01.395,17.0500,300
43901050723384,12:11:41.050,17.0600,100
44016598139459,12:13:36.598,17.0600,100
44111084392063,12:15:11.084,17.0500,100
44111084392063,12:15:11.084,17.0500,100
44111084392063,12:15:11.084,17.0500,100
44111084392063,12:15:11.084,17.0500,100
44180132884944,12:16:20.132,17.0400,100
44231950637466,12:17:11.950,17.0400,100
44231950637466,12:17:11.950,17.0400,100
44231950637466,12:17:11.950,17.0400,100
44231950637466,12:17:11.950,17.0400,100
44329491040073,12:18:49.491,17.0350,13
44329491983538,12:18:49.491,17.0350,34
44454486296112,12:20:54.486,17.0300,16
44454486324261,12:20:54.486,17.0300,84
44735670579329,12:25:35.670,17.0300,100
44853999249833,12:27:33.999,17.0300,100
44999786309709,12:29:59.786,17.0300,100
45004157476193,12:30:04.157,17.0300,7
45131049195191,12:32:11.049,17.0300,93
45131049195191,12:32:11.049,17.0300,100
45230275887856,12:33:50.275,17.0200,100
45306255542193,12:35:06.255,17.0200,100
45306255542193,12:35:06.255,17.0200,100
45319949143705,12:35:19.949,17.0200,100
45650305302896,12:40:50.305,17.0000,75
45650309010492,12:40:50.309,16.9900,100
45650309010492,12:40:50.309,16.9900,100
45655188326283,12:40:55.188,17.0000,100
45672241809188,12:41:12.241,17.0100,100
45672241809188,12:41:12.241,17.0100,100
45708605750532,12:41:48.605,17.0100,100
45815966155952,12:43:35.966,17.0000,100
45815966155952,12:43:35.966,17.0000,100
45815966155952,12:43:35.966,17.0000,100
45815966155952,12:43:35.966,17.0000,100
45815994011792,12:43:35.994,16.9900,100
45815994011792,12:43:35.994,16.9900,100
45849539025304,12:44:09.539,16.9900,100
45911910649437,12:45:11.910,16.9900,100
45911910649437,12:45:11.910,16.9900,100
45911910649437,12:45:11.910,16.9900,100
45911910649437,12:45:11.910,16.9900,100
45944509084956,12:45:44.509,16.9800,100
45944509317718,12:45:44.509,16.9800,100
46141763193327,12:49:01.763,16.9900,100
46388188404445,12:53:08.188,17.0000,17
46564231605915,12:56:04.231,16.9900,100
46564231605915,12:56:04.231,16.9900,100
46768029283440,12:59:28.029,17.0000,100
47182273752122,13:06:22.273,16.9900,18
47544064671227,13:12:24.064,16.9900,100
47544064671227,13:12:24.064,16.9900,100
47544064671227,13:12:24.064,16.9900,300
47544064671227,13:12:24.064,16.9900,100
47544064671227,13:12:24.064,16.9900,100
47608053258331,13:13:28.053,16.9900,200
47612997309137,13:13:32.997,16.9900,100
47918870158582,13:18:38.870,16.9800,118
47918870158582,13:18:38.870,16.9800,100
47918870158582,13:18:38.870,16.9800,82
47918870343867,13:18:38.870,16.9800,18
48131182927609,13:22:11.182,16.9800,1
48307934826270,13:25:07.934,16.9700,3
48356549239542,13:25:56.549,16.9700,100
48963637559800,13:36:03.637,16.9700,100
49035994780929,13:37:15.994,16.9800,100
49130516296149,13:38:50.516,16.9800,19
49477620580770,13:44:37.620,16.9750,100
49589904998174,13:46:29.904,16.9800,100
49616809645525,13:46:56.809,16.9900,100
49618137762022,13:46:58.137,16.9900,100
49684425012473,13:48:04.425,16.9800,100
49807397627915,13:50:07.397,16.9650,200
49810516300144,13:50:10.516,16.9700,100
49811107159696,13:50:11.107,16.9700,100
50213342064080,13:56:53.342,16.9800,100
50213342090299,13:56:53.342,16.9800,100
50213342090299,13:56:53.342,16.9800,1
50334777220076,13:58:54.777,16.9900,100
50353249449184,13:59:13.249,17.0000,100
50414820384541,14:00:14.820,17.0000,300
50492192560557,14:01:32.192,17.0100,100
50631670008110,14:03:51.670,17.0200,6
50642810625260,14:04:02.810,17.0300,100
50707900814490,14:05:07.900,17.0400,63
50707900858694,14:05:07.900,17.0400,37
50983896372539,14:09:43.896,17.0400,100
51000234538154,14:10:00.234,17.0200,100
51015056506513,14:10:15.056,17.0300,100
51061074247589,14:11:01.074,17.0300,100
51190041208367,14:13:10.041,17.0600,100
51291901491718,14:14:51.901,17.0700,100
51291907761904,14:14:51.907,17.0700,100
51300283471993,14:15:00.283,17.0600,100
51398968052976,14:16:38.968,17.0600,100
51500003535869,14:18:20.003,17.0500,100
51676869605705,14:21:16.869,17.0600,200
51733884505548,14:22:13.884,17.0700,100
51838440265138,14:23:58.440,17.0800,100
51909533219110,14:25:09.533,17.0700,19
51909533829148,14:25:09.533,17.0700,100
51909533829148,14:25:09.533,17.0700,100
52004025251613,14:26:44.025,17.0600,100
52006566897547,14:26:46.566,17.0500,44
52037784124777,14:27:17.784,17.0400,100
52205187369816,14:30:05.187,17.0300,100
52225596007193,14:30:25.596,17.0250,100
52257840349430,14:30:57.840,17.0300,1
52340191416838,14:32:20.191,17.0300,100
52468700032307,14:34:28.700,17.0250,100
52483755027282,14:34:43.755,17.0250,100
52659112777502,14:37:39.112,17.0400,100
52700081082835,14:38:20.081,17.0400,87
52700081102790,14:38:20.081,17.0400,13
52739252835804,14:38:59.252,17.0500,94
52747152466854,14:39:07.152,17.0500,100
52778166381859,14:39:38.166,17.0500,100
52785604643324,14:39:45.604,17.0500,100
52792146077845,14:39:52.146,17.0550,100
52810426880139,14:40:10.426,17.0500,22
52818770235907,14:40:18.770,17.0500,78
52836109132526,14:40:36.109,17.0500,100
52848954713839,14:40:48.954,17.0500,100
53066325020698,14:44:26.325,17.0500,100
53206060000316,14:46:46.060,17.0550,200
53206560001007,14:46:46.560,17.0550,200
53207060002789,14:46:47.060,17.0550,200
53207560001494,14:46:47.560,17.0550,200
53208059997988,14:46:48.059,17.0550,200
53213301003696,14:46:53.301,17.0550,200
53216229287379,14:46:56.229,17.0600,200
53216229287379,14:46:56.229,17.0600,300
53216229287379,14:46:56.229,17.0600,117
53357915323322,14:49:17.915,17.0700,100
53513854831069,14:51:53.854,17.0650,100
53542030620452,14:52:22.030,17.0700,1
53542030620452,14:52:22.030,17.0700,100
53543144208039,14:52:23.144,17.0750,100
53587625641462,14:53:07.625,17.0800,100
53587625641462,14:53:07.625,17.0800,300
53614214092391,14:53:34.214,17.0900,100
53768216964427,14:56:08.216,17.0950,100
53839476114142,14:57:19.476,17.1000,100
53856590992205,14:57:36.590,17.1050,200
53857090997769,14:57:37.090,17.1050,200
53857590989646,14:57:37.590,17.1050,200
53858099994564,14:57:38.099,17.1050,200
53989801369877,14:59:49.801,17.1100,100
54093643499739,15:01:33.643,17.1000,100
54093643499739,15:01:33.643,17.1000,100
54093643499739,15:01:33.643,17.1000,29
54093846449245,15:01:33.846,17.0900,100
54093846449245,15:01:33.846,17.0900,100
54140564835272,15:02:20.564,17.0800,2
54280467503516,15:04:40.467,17.0700,100
54293646012369,15:04:53.646,17.0750,100
54303649015950,15:05:03.649,17.0750,100
54487675013833,15:08:07.675,17.0750,100
54488175016242,15:08:08.175,17.0750,100
54488675016765,15:08:08.675,17.0750,100
54556590466368,15:09:16.590,17.0800,100
54634138815238,15:10:34.138,17.0750,100
54643524009744,15:10:43.524,17.0600,100
54792078032386,15:13:12.078,17.0550,200
54796073031451,15:13:16.073,17.0550,200
54801609028819,15:13:21.609,17.0550,200
54812132661771,15:13:32.132,17.0600,100
54812132661771,15:13:32.132,17.0600,100
54812132661771,15:13:32.132,17.0600,100
54812132661771,15:13:32.132,17.0600,100
54812132661771,15:13:32.132,17.0600,100
54812132661771,15:13:32.132,17.0600,200
54812553055346,15:13:32.553,17.0700,100
54813133023439,15:13:33.133,17.0650,200
54864250431872,15:14:24.250,17.0700,100
54886977871448,15:14:46.977,17.0800,100
54886977871448,15:14:46.977,17.0800,100
54923508973361,15:15:23.508,17.0800,100
54944041568322,15:15:44.041,17.0900,100
54945118929919,15:15:45.118,17.0900,100
54962800295894,15:16:02.800,17.0950,100
55062341839285,15:17:42.341,17.0850,100
55062341843134,15:17:42.341,17.0800,100
55320989628323,15:22:00.989,17.0700,100
55320989818299,15:22:00.989,17.0700,52
55522955703926,15:25:22.955,17.0450,99
55605484336079,15:26:45.484,17.0400,61
55605484336079,15:26:45.484,17.0400,57
55605484705062,15:26:45.484,17.0400,44
55673123269232,15:27:53.123,17.0400,100
55799476742507,15:29:59.476,17.0500,1
55799476742507,15:29:59.476,17.0500,99
55877880012253,15:31:17.880,17.0450,100
55878380013771,15:31:18.380,17.0450,100
55880865017112,15:31:20.865,17.0450,100
55881365014136,15:31:21.365,17.0450,100
55881865013681,15:31:21.865,17.0450,100
55882365012322,15:31:22.365,17.0450,100
55907782476583,15:31:47.782,17.0500,100
55907782476583,15:31:47.782,17.0500,100
55984532709406,15:33:04.532,17.0450,100
56037344571714,15:33:57.344,17.0400,100
56037850006032,15:33:57.850,17.0250,200
56038376002201,15:33:58.376,17.0250,200
56038889003032,15:33:58.889,17.0250,200
56047258004113,15:34:07.258,17.0250,200
56146446492911,15:35:46.446,17.0200,50
56146446498461,15:35:46.446,17.0200,49
56146446514233,15:35:46.446,17.0200,1
56149791011095,15:35:49.791,17.0150,200
56323537911227,15:38:43.537,17.0200,100
56323537911227,15:38:43.537,17.0200,1
56339758198068,15:38:59.758,17.0300,100
56384281236207,15:39:44.281,17.0300,100
56384281311958,15:39:44.281,17.0300,100
56384281311958,15:39:44.281,17.0300,100
56428199211024,15:40:28.199,17.0300,500
56428199705459,15:40:28.199,17.0300,100
56428199705459,15:40:28.199,17.0300,100
56481627231090,15:41:21.627,17.0200,100
56481627231090,15:41:21.627,17.0200,100
56529690031006,15:42:09.690,17.0150,200
56575452024515,15:42:55.452,17.0150,200
56614506822992,15:43:34.506,17.0200,188
56614506861837,15:43:34.506,17.0200,12
56614506861837,15:43:34.506,17.0200,38
56614506863892,15:43:34.506,17.0200,62
56614506863892,15:43:34.506,17.0200,38
56614506876353,15:43:34.506,17.0200,62
56614506876353,15:43:34.506,17.0200,88
56614506884488,15:43:34.506,17.0200,12
56614615898141,15:43:34.615,17.0300,100
56614976897031,15:43:34.976,17.0300,100
56631813084337,15:43:51.813,17.0300,100
56681677486912,15:44:41.677,17.0250,200
56681677487574,15:44:41.677,17.0250,233
56703698758205,15:45:03.698,17.0300,100
56741968313043,15:45:41.968,17.0300,100
56741968313043,15:45:41.968,17.0300,100
56741968395948,15:45:41.968,17.0300,50
56815798554747,15:46:55.798,17.0200,100
56916383897480,15:48:36.383,17.0100,100
56916383897480,15:48:36.383,17.0100,100
56916386098616,15:48:36.386,17.0000,25
56916386098616,15:48:36.386,17.0000,100
56918490983371,15:48:38.490,16.9950,200
56921695977123,15:48:41.695,16.9950,200
56922251980966,15:48:42.251,16.9950,200
56922883978803,15:48:42.883,16.9950,200
57300561999020,15:55:00.561,16.9950,200
57301213687302,15:55:01.213,17.0000,100
57301213687302,15:55:01.213,17.0000,120
57301213687302,15:55:01.213,17.0000,50
57301213687302,15:55:01.213,17.0000,15
57301213735260,15:55:01.213,17.0000,85
57301213735260,15:55:01.213,17.0000,47
57301213735260,15:55:01.213,17.0000,5
57301213735260,15:55:01.213,17.0000,100
57310631010408,15:55:10.631,17.0050,200
57310633021461,15:55:10.633,17.0050,200
57316796310023,15:55:16.796,17.0100,100
57326301592205,15:55:26.301,17.0100,25
57326301592205,15:55:26.301,17.0100,1
57326301592205,15:55:26.301,17.0100,74
57339808856128,15:55:39.808,17.0100,100
57352609406095,15:55:52.609,17.0100,23
57362572766686,15:56:02.572,17.0200,100
57363072990247,15:56:03.072,17.0150,200
57370329195454,15:56:10.329,17.0200,100
57375134286987,15:56:15.134,17.0200,200
57375134286987,15:56:15.134,17.0200,23
57375134286987,15:56:15.134,17.0200,100
57508015117579,15:58:28.015,17.0250,17
57526946131080,15:58:46.946,17.0250,13
57533087920604,15:58:53.087,17.0250,1
57544424833889,15:59:04.424,17.0250,23
57544424833889,15:59:04.424,17.0250,17
57544445053554,15:59:04.445,17.0250,30
57548875851086,15:59:08.875,17.0300,100
57548875851086,15:59:08.875,17.0300,100
57548875851086,15:59:08.875,17.0300,10
57550114203848,15:59:10.114,17.0350,200
57550114203848,15:59:10.114,17.0350,100
57550114203848,15:59:10.114,17.0350,100
57550114203848,15:59:10.114,17.0400,400
57550114203848,15:59:10.114,17.0400,100
57550114203848,15:59:10.114,17.0400,100
57550114203848,15:59:10.114,17.0400,100
57550114203848,15:59:10.114,17.0400,100
57550114374569,15:59:10.114,17.0400,200
57550114374569,15:59:10.114,17.0400,100
57550115820137,15:59:10.115,17.0400,100
57550115820137,15:59:10.115,17.0400,22
57553435018406,15:59:13.435,17.0400,100
57570194461745,15:59:30.194,17.0500,100
57576002638324,15:59:36.002,17.0500,100
57587062271947,15:59:47.062,17.0600,100
57595401600878,15:59:55.401,17.0600,100
57595401600878,15:59:55.401,17.0600,79
57600255113882,16:00:00.255,0.0000,0
