timestamp,time,price,volume
28112123605503,07:48:32.123,111.1500,10
34091358210388,09:28:11.358,110.7000,400
34095002612025,09:28:15.002,110.7000,300
34200029276259,09:30:00.029,110.7400,100
34200610787207,09:30:00.610,0.0000,0
34200718387917,09:30:00.718,110.8400,12
34200719945239,09:30:00.719,110.8400,100
34200719999281,09:30:00.719,110.8400,588
34215733141651,09:30:15.733,110.8300,78
34215733192405,09:30:15.733,110.8300,22
34254427590150,09:30:54.427,110.7600,100
34254737525021,09:30:54.737,110.8200,100
34254737525021,09:30:54.737,110.8400,700
34290100878639,09:31:30.100,110.8300,200
34290100878639,09:31:30.100,110.8400,100
34290100969668,09:31:30.100,110.8400,600
34300849077387,09:31:40.849,110.8300,159
34300849101967,09:31:40.849,110.8300,541
34300849101967,09:31:40.849,110.8300,30
34300860575284,09:31:40.860,110.8300,100
34300860919769,09:31:40.860,110.8400,30
34300860919769,09:31:40.860,110.8400,100
34302000785221,09:31:42.000,110.8300,30
34302000785221,09:31:42.000,110.8300,100
34362011374424,09:32:42.011,110.7600,100
34362011374424,09:32:42.011,110.7600,100
34362011524776,09:32:42.011,110.7600,73
34362011617319,09:32:42.011,110.7600,27
34366778823621,09:32:46.778,110.7600,100
34366778910475,09:32:46.778,110.7600,37
34366778956785,09:32:46.778,110.7600,63
34368736856845,09:32:48.736,110.7500,100
34368736856845,09:32:48.736,110.7500,81
34369785097873,09:32:49.785,110.7500,100
34376549325008,09:32:56.549,110.7400,100
34376549325008,09:32:56.549,110.7400,100
34376561550546,09:32:56.561,110.7100,100
34469801945684,09:34:29.801,110.7600,53
34507480719876,09:35:07.480,110.7700,249
34507480743823,09:35:07.480,110.7700,451
34525571872896,09:35:25.571,110.8400,82
34525571897384,09:35:25.571,110.8400,618
34525571907336,09:35:25.571,110.8400,100
34529369130634,09:35:29.369,110.9600,683
34529369175678,09:35:29.369,110.9600,17
34599784032792,09:36:39.784,110.9300,10
34644271020488,09:37:24.271,110.8500,4
34669620909698,09:37:49.620,110.8500,3
34706439919795,09:38:26.439,110.9000,200
34706439952933,09:38:26.439,110.9000,500
34900334327754,09:41:40.334,110.7900,34
34900334347229,09:41:40.334,110.7900,74
34900334354884,09:41:40.334,110.7900,73
34900334366157,09:41:40.334,110.7900,19
34990400543982,09:43:10.400,110.6700,7
35003957524488,09:43:23.957,110.7200,50
35047497669135,09:44:07.497,110.6600,100
35156613844603,09:45:56.613,110.6700,100
35288041729304,09:48:08.041,110.6400,100
35293377827500,09:48:13.377,110.5900,100
35312375140030,09:48:32.375,110.5900,7
35319687209526,09:48:39.687,110.5900,100
35332135367110,09:48:52.135,110.5800,200
35385856280060,09:49:45.856,110.6600,100
35488802153615,09:51:28.802,110.7100,100
35488802153615,09:51:28.802,110.7100,100
35559636461002,09:52:39.636,110.7100,52
35606624686221,09:53:26.624,110.6300,6
35666482518482,09:54:26.482,110.6600,9
35775347578639,09:56:15.347,110.6200,100
35872300232649,09:57:52.300,110.5500,1
35872300264130,09:57:52.300,110.5500,6
36021900930068,10:00:21.900,110.5000,100
36075950119735,10:01:15.950,110.5100,5
36147459669140,10:02:27.459,110.5100,195
36147459669140,10:02:27.459,110.5100,100
36147459669140,10:02:27.459,110.5100,1
36147461853781,10:02:27.461,110.5000,100
36166694161704,10:02:46.694,110.4700,13
36207201127627,10:03:27.201,110.4200,47
36207201155109,10:03:27.201,110.4200,53
36259217689475,10:04:19.217,110.4200,20
36349367698910,10:05:49.367,110.4700,3
36349387491452,10:05:49.387,110.4400,10
36378609874362,10:06:18.609,110.4700,10
36378609874362,10:06:18.609,110.4700,5
36378609874362,10:06:18.609,110.4700,5
36440124744812,10:07:20.124,110.4700,8
36440124744812,10:07:20.124,110.4700,2
36440125161438,10:07:20.125,110.4400,650
36440126106783,10:07:20.126,110.4600,100
36440176045994,10:07:20.176,110.4300,9
36490346365769,10:08:10.346,110.4300,7
36557191135677,10:09:17.191,110.4700,100
36708691690198,10:11:48.691,110.6200,100
36788146977456,10:13:08.146,110.5900,7
36862948114176,10:14:22.948,110.6800,400
36862948139280,10:14:22.948,110.6800,1600
37089327303663,10:18:09.327,110.6900,6
37188217873983,10:19:48.217,110.7700,1
37188217873983,10:19:48.217,110.7700,100
37188218300993,10:19:48.218,110.7700,15
37286579839029,10:21:26.579,110.8400,2
37295520128816,10:21:35.520,110.8700,10
37369971363421,10:22:49.971,110.8700,100
37369971394476,10:22:49.971,110.8700,100
37369974326847,10:22:49.974,110.8800,100
37373471938222,10:22:53.471,110.8800,4
37373473960779,10:22:53.473,110.8800,3
37389748624128,10:23:09.748,110.8400,100
37389748624128,10:23:09.748,110.8300,100
37389748624128,10:23:09.748,110.8300,100
37389748625272,10:23:09.748,110.8300,100
37408188567565,10:23:28.188,110.8100,7
37422330368070,10:23:42.330,110.8100,93
37422330368070,10:23:42.330,110.8100,100
37422330368070,10:23:42.330,110.8100,100
37604821573710,10:26:44.821,110.8600,2
37604822020556,10:26:44.822,110.8800,1
37632342472356,10:27:12.342,110.9300,100
37632342505299,10:27:12.342,110.9300,900
37719633298696,10:28:39.633,111.1900,3
37719633298696,10:28:39.633,111.2000,97
37743547559161,10:29:03.547,111.2200,100
37877289914714,10:31:17.289,111.2600,5
37877289914714,10:31:17.289,111.2700,95
37877290599917,10:31:17.290,111.2700,5
37897926326550,10:31:37.926,111.2800,3
37897926326550,10:31:37.926,111.2800,97
37930215405449,10:32:10.215,111.2100,100
37930215405449,10:32:10.215,111.2100,10
37930217931202,10:32:10.217,111.1600,100
37979954360180,10:32:59.954,111.1400,17
38008070814856,10:33:28.070,111.1400,7
38008071653825,10:33:28.071,111.1300,24
38094054758405,10:34:54.054,111.1500,100
38094054758405,10:34:54.054,111.1500,6
38094055610381,10:34:54.055,111.1400,3
38094056437403,10:34:54.056,111.1400,124
38099570621712,10:34:59.570,111.1200,100
38099570850411,10:34:59.570,111.1200,100
38099571170240,10:34:59.571,111.1000,100
38222179523755,10:37:02.179,111.1700,35
38222179523755,10:37:02.179,111.1800,3
38222179576735,10:37:02.179,111.1900,4
38222179588145,10:37:02.179,111.2100,89
38226179734155,10:37:06.179,111.2300,9
38226179734155,10:37:06.179,111.2300,3
38226179734155,10:37:06.179,111.2400,88
38271820039928,10:37:51.820,111.1000,100
38296923648839,10:38:16.923,111.0200,2
38297073393142,10:38:17.073,110.9700,6
38345065035705,10:39:05.065,111.1200,11
38394670279075,10:39:54.670,111.1200,100
38394670279075,10:39:54.670,111.1300,1
38394670279075,10:39:54.670,111.1300,64
38394670307829,10:39:54.670,111.1300,36
38394670307829,10:39:54.670,111.1300,100
38468245256696,10:41:08.245,111.1400,100
38487750809126,10:41:27.750,111.1700,100
38487750809126,10:41:27.750,111.1700,3
38487750809126,10:41:27.750,111.1700,5
38503097047487,10:41:43.097,111.2100,4
38503097047487,10:41:43.097,111.2100,3
38606234975044,10:43:26.234,111.2300,7
38625253037321,10:43:45.253,111.3300,4
38650907613527,10:44:10.907,111.4500,5
38798068882630,10:46:38.068,111.5900,5
38798068895564,10:46:38.068,111.6000,5
38822906022004,10:47:02.906,111.5700,100
38829989471167,10:47:09.989,111.5300,100
38829990050201,10:47:09.990,111.5200,100
38834692859308,10:47:14.692,111.5400,300
38834692859308,10:47:14.692,111.5500,100
38896623264841,10:48:16.623,111.4900,7
39027467681374,10:50:27.467,111.4900,6
39036554529982,10:50:36.554,111.4900,4
39036554554858,10:50:36.554,111.4900,83
39036554554858,10:50:36.554,111.4900,100
39036750856716,10:50:36.750,111.4400,100
39036750880515,10:50:36.750,111.4400,798
39104766827872,10:51:44.766,111.4900,4
39104766827872,10:51:44.766,111.4900,6
39104766827872,10:51:44.766,111.4900,100
39104766827872,10:51:44.766,111.4900,8
39104767891305,10:51:44.767,111.5000,100
39104767891305,10:51:44.767,111.5000,3
39104832125651,10:51:44.832,111.5000,25
39104832711934,10:51:44.832,111.5100,75
39104844738413,10:51:44.844,111.5100,25
39131904962593,10:52:11.904,111.5300,100
39131905009975,10:52:11.905,111.5300,1
39131905009975,10:52:11.905,111.5300,6
39131905009975,10:52:11.905,111.5300,51
39131905032869,10:52:11.905,111.5400,1
39131907679743,10:52:11.907,111.5300,1
39166204660960,10:52:46.204,111.5200,100
39219192152031,10:53:39.192,111.3800,6
39225540040737,10:53:45.540,111.3800,94
39225540070336,10:53:45.540,111.3800,6
39241370522858,10:54:01.370,111.3800,31
39241370522858,10:54:01.370,111.3800,69
39241370922671,10:54:01.370,111.3800,100
39288915407122,10:54:48.915,111.3700,100
39288915432435,10:54:48.915,111.3700,100
39364595280997,10:56:04.595,111.3800,200
39364595280997,10:56:04.595,111.3700,130
39427079527684,10:57:07.079,111.3100,200
39431917196352,10:57:11.917,111.3100,100
39463670377323,10:57:43.670,111.2500,100
39503426147061,10:58:23.426,111.2000,7
39517814545035,10:58:37.814,111.1900,5
39517814573177,10:58:37.814,111.1900,12
39567041626893,10:59:27.041,111.1900,5
39567042126142,10:59:27.042,111.1900,95
39583162656503,10:59:43.162,111.2400,4
39586961855473,10:59:46.961,111.2400,40
39586965108791,10:59:46.965,111.2400,100
39586965289122,10:59:46.965,111.2500,5
39586965289122,10:59:46.965,111.2500,95
39586965326993,10:59:46.965,111.2500,5
39603016292251,11:00:03.016,111.3200,4
39603042639937,11:00:03.042,111.3000,15
39632317748353,11:00:32.317,111.3100,200
39632317775899,11:00:32.317,111.3100,500
39637265963618,11:00:37.265,111.2700,100
39637265963618,11:00:37.265,111.2700,100
39637265963618,11:00:37.265,111.2700,100
39637266422611,11:00:37.266,111.2500,205
39654258443622,11:00:54.258,111.3300,3
39654258443622,11:00:54.258,111.3300,4
39654258457605,11:00:54.258,111.3400,2
39654258457605,11:00:54.258,111.3400,21
39662912897754,11:01:02.912,111.3800,100
39663470841304,11:01:03.470,111.4100,100
39663471265587,11:01:03.471,111.4100,1
39663483579212,11:01:03.483,111.4000,2
39678156448580,11:01:18.156,111.3800,100
39686610965993,11:01:26.610,111.4300,1
39686611229263,11:01:26.611,111.4400,100
39695925348385,11:01:35.925,111.5300,100
39727758279811,11:02:07.758,111.5400,1
39727758279811,11:02:07.758,111.5400,5
39750409540031,11:02:30.409,111.5700,100
39771839282106,11:02:51.839,111.5300,100
39771839315297,11:02:51.839,111.5300,100
39792733719192,11:03:12.733,111.4500,6
39792733744000,11:03:12.733,111.4500,94
39792733782434,11:03:12.733,111.4800,100
39792734181378,11:03:12.734,111.4400,58
39792763848318,11:03:12.763,111.4400,42
39800990688604,11:03:20.990,111.4200,100
39884299198841,11:04:44.299,111.3800,100
39884299198841,11:04:44.299,111.3800,1
39952383809940,11:05:52.383,111.4000,100
40028588933732,11:07:08.588,111.4200,100
40028588960860,11:07:08.588,111.4200,100
40028588960860,11:07:08.588,111.4200,4
40028588960860,11:07:08.588,111.4200,100
40028588960860,11:07:08.588,111.4200,11
40028600908016,11:07:08.600,111.4300,100
40028600908016,11:07:08.600,111.4300,100
40028600939877,11:07:08.600,111.4400,8
40028600968292,11:07:08.600,111.4500,100
40084872955867,11:08:04.872,111.4200,7
40102322542900,11:08:22.322,111.4200,93
40197527971638,11:09:57.527,111.3900,100
40290000509932,11:11:30.000,111.4000,100
40290000654957,11:11:30.000,111.3900,700
40291599257052,11:11:31.599,111.3500,100
40291599257052,11:11:31.599,111.3500,100
40291660347605,11:11:31.660,111.3300,2
40297525442767,11:11:37.525,111.3700,225
40297525883708,11:11:37.525,111.3900,100
40297525883708,11:11:37.525,111.3900,25
40297525883708,11:11:37.525,111.3900,100
40312839510155,11:11:52.839,111.3900,100
40320695268895,11:12:00.695,111.4100,4
40320695268895,11:12:00.695,111.4100,100
40320696454900,11:12:00.696,111.4300,100
40320696462066,11:12:00.696,111.4300,86
40320705527716,11:12:00.705,111.4500,100
40405540690036,11:13:25.540,111.4000,7
40438915757507,11:13:58.915,111.4000,400
40438915783854,11:13:58.915,111.4000,293
40438915783854,11:13:58.915,111.4000,100
40453861774006,11:14:13.861,111.3900,100
40453861809494,11:14:13.861,111.3900,304
40453862540946,11:14:13.862,111.3900,100
40454333296908,11:14:14.333,111.3900,100
40502937861569,11:15:02.937,111.4600,4
40502937861569,11:15:02.937,111.4600,100
40502937861569,11:15:02.937,111.4600,4
40502937861569,11:15:02.937,111.4600,100
40502938367060,11:15:02.938,111.4700,4
40702615000365,11:18:22.615,111.4100,100
40727214256608,11:18:47.214,111.4700,52
40727279522957,11:18:47.279,111.3900,100
40742224843229,11:19:02.224,111.4600,97
40757080404646,11:19:17.080,111.3900,100
40757231994557,11:19:17.231,111.4600,14
40779868080188,11:19:39.868,111.3900,71
40779868080188,11:19:39.868,111.3900,29
40835550885542,11:20:35.550,111.4400,205
40835552035921,11:20:35.552,111.4500,8
40835554109601,11:20:35.554,111.4500,92
40835554109601,11:20:35.554,111.4500,5
40835554109601,11:20:35.554,111.4500,3
40835559184943,11:20:35.559,111.4500,97
40835559184943,11:20:35.559,111.4500,16
40835559184943,11:20:35.559,111.4600,81
40854267238484,11:20:54.267,111.4600,11
40869270558710,11:21:09.270,111.4600,2
40891273127957,11:21:31.273,111.4600,3
40924434864659,11:22:04.434,111.4600,3
40924434864659,11:22:04.434,111.4600,97
40934308668208,11:22:14.308,111.4200,100
40943901214698,11:22:23.901,111.3800,100
40943901821809,11:22:23.901,111.3700,100
40946039032345,11:22:26.039,111.3500,100
40985457008184,11:23:05.457,111.3400,70
40985457048761,11:23:05.457,111.3300,698
41050010612510,11:24:10.010,111.3600,8
41050010612510,11:24:10.010,111.3600,100
41050010612510,11:24:10.010,111.3600,100
41050010612510,11:24:10.010,111.3600,100
41050010612510,11:24:10.010,111.3600,4
41050011364561,11:24:10.011,111.3500,15
41050100293431,11:24:10.100,111.3700,100
41050100845045,11:24:10.100,111.3700,100
41071297439625,11:24:31.297,111.3800,5
41071297439625,11:24:31.297,111.3800,143
41071297439625,11:24:31.297,111.3800,29
41071298325780,11:24:31.298,111.3900,4
41071300149238,11:24:31.300,111.3800,2
41071331519987,11:24:31.331,111.4000,100
41073766795635,11:24:33.766,111.4000,29
41099927106256,11:24:59.927,111.4300,100
41099927135718,11:24:59.927,111.4300,1
41129562471376,11:25:29.562,111.4000,100
41129562532496,11:25:29.562,111.3900,200
41129562560022,11:25:29.562,111.3900,336
41129563002749,11:25:29.563,111.3900,5
41169198594756,11:26:09.198,111.3900,100
41229362309132,11:27:09.362,111.4300,2
41229362309132,11:27:09.362,111.4300,98
41232050002071,11:27:12.050,111.4300,2
41232050002071,11:27:12.050,111.4300,100
41232050002071,11:27:12.050,111.4300,3
41232051891590,11:27:12.051,111.4100,30
41232054166202,11:27:12.054,111.4300,30
41232054166202,11:27:12.054,111.4300,100
41232054166202,11:27:12.054,111.4300,100
41294858557969,11:28:14.858,111.4600,91
41295177608632,11:28:15.177,111.4600,9
41295177608632,11:28:15.177,111.4600,2
41295177608632,11:28:15.177,111.4600,5
41295177608632,11:28:15.177,111.4600,27
41300906708369,11:28:20.906,111.4600,2
41300908380605,11:28:20.908,111.4400,24
41312969956617,11:28:32.969,111.4400,100
41335178677931,11:28:55.178,111.4600,24
41335178677931,11:28:55.178,111.4700,14
41340177392408,11:29:00.177,111.4700,33
41342434477365,11:29:02.434,111.4700,7
41345177697067,11:29:05.177,111.4700,42
41350178174815,11:29:10.178,111.4700,4
41350178174815,11:29:10.178,111.4700,3
41350178174815,11:29:10.178,111.4700,36
41350553128090,11:29:10.553,111.4700,3
41362718809238,11:29:22.718,111.4700,8
41379925306829,11:29:39.925,111.4900,4
41379925306829,11:29:39.925,111.4900,100
41379925336849,11:29:39.925,111.5000,5
41379926991513,11:29:39.926,111.5200,38
41379961018649,11:29:39.961,111.5200,62
41379961018649,11:29:39.961,111.5300,38
41379961237866,11:29:39.961,111.5300,62
41400631744754,11:30:00.631,111.5100,85
41400632082834,11:30:00.632,111.5100,15
41400632082834,11:30:00.632,111.5100,85
41400632090800,11:30:00.632,111.5100,15
41414075402338,11:30:14.075,111.5200,100
41414079518599,11:30:14.079,111.5000,100
41417789954299,11:30:17.789,111.4900,100
41421105200328,11:30:21.105,111.5100,100
41422650263971,11:30:22.650,111.5100,100
41429001372049,11:30:29.001,111.5100,100
41432549800970,11:30:32.549,111.5200,2
41432549800970,11:30:32.549,111.5200,6
41436421117522,11:30:36.421,111.5200,100
41444002308693,11:30:44.002,111.5300,3
41444002308693,11:30:44.002,111.5300,71
41444002308693,11:30:44.002,111.5400,26
41457000848850,11:30:57.000,111.5400,2
41457000848850,11:30:57.000,111.5400,98
41458779788417,11:30:58.779,111.5400,10
41487332540071,11:31:27.332,111.4800,100
41487332540071,11:31:27.332,111.4800,100
41487333590882,11:31:27.333,111.4700,100
41507001336977,11:31:47.001,111.5100,100
41507003474620,11:31:47.003,111.5000,100
41518344065697,11:31:58.344,111.5100,100
41518344524912,11:31:58.344,111.5100,100
41518345937993,11:31:58.345,111.5200,5
41519298439074,11:31:59.298,111.5200,100
41522332252617,11:32:02.332,111.5200,100
41536864292015,11:32:16.864,111.5300,100
41536864865440,11:32:16.864,111.5200,100
41536864890421,11:32:16.864,111.5200,15
41536864893641,11:32:16.864,111.5200,1
41536864917828,11:32:16.864,111.5200,84
41556162602377,11:32:36.162,111.5400,50
41557205451703,11:32:37.205,111.5400,93
41557205501950,11:32:37.205,111.5400,7
41561261595618,11:32:41.261,111.5500,4
41561261595618,11:32:41.261,111.5500,100
41561261595618,11:32:41.261,111.5500,6
41561261595618,11:32:41.261,111.5500,100
41561261595618,11:32:41.261,111.5500,81
41561261624141,11:32:41.261,111.5500,19
41561261624141,11:32:41.261,111.5500,100
41561261624141,11:32:41.261,111.5500,100
41561261624141,11:32:41.261,111.5500,7
41561262078305,11:32:41.262,111.5600,3
41561262078305,11:32:41.262,111.5600,5
41561264010426,11:32:41.264,111.5500,6
41561329192441,11:32:41.329,111.5500,6
41561329192441,11:32:41.329,111.5400,43
41561464685582,11:32:41.464,111.5900,100
41654674794796,11:34:14.674,111.7000,100
41654674794796,11:34:14.674,111.7000,100
41654674821474,11:34:14.674,111.7000,7
41654674886606,11:34:14.674,111.7100,2
41654675274371,11:34:14.675,111.7200,2
41692060103171,11:34:52.060,111.7900,1
41692060129217,11:34:52.060,111.8000,100
41692060129217,11:34:52.060,111.8000,2
41692061768721,11:34:52.061,111.8000,100
41697539152475,11:34:57.539,111.7700,95
41697539167677,11:34:57.539,111.7700,5
41697539167677,11:34:57.539,111.7700,1
41697539167677,11:34:57.539,111.7600,43
41697539513849,11:34:57.539,111.7600,13
41697539702835,11:34:57.539,111.7600,44
41698165837955,11:34:58.165,111.7200,100
41904460274193,11:38:24.460,111.7000,7
42124247666346,11:42:04.247,111.7100,5
42169075106391,11:42:49.075,111.7100,189
42173368242516,11:42:53.368,111.7100,151
42173604611524,11:42:53.604,111.7000,100
42173604611524,11:42:53.604,111.7000,89
42173605035739,11:42:53.605,111.7000,11
42173605035739,11:42:53.605,111.7000,100
42173606520176,11:42:53.606,111.6800,8
42173606934162,11:42:53.606,111.6800,92
42176683719369,11:42:56.683,111.7400,100
42197477549483,11:43:17.477,111.5900,1
42199913570343,11:43:19.913,111.6900,100
42203099932829,11:43:23.099,111.6100,6
42233303324891,11:43:53.303,111.5900,2
42233303724849,11:43:53.303,111.5900,98
42235023471865,11:43:55.023,111.5900,50
42273671656842,11:44:33.671,111.7000,100
42273671656842,11:44:33.671,111.7000,100
42273671656842,11:44:33.671,111.7000,5
42273671656842,11:44:33.671,111.7000,40
42304589520344,11:45:04.589,111.7500,8
42304589520344,11:45:04.589,111.7500,1
42309555974333,11:45:09.555,111.7600,1
42483732313152,11:48:03.732,111.6700,7
42509102135064,11:48:29.102,111.7100,100
42509102135064,11:48:29.102,111.7100,6
42509102135064,11:48:29.102,111.7100,100
42509102135064,11:48:29.102,111.7100,2
42509106924364,11:48:29.106,111.7100,5
42509107226874,11:48:29.107,111.6800,29
42510023275380,11:48:30.023,111.6600,50
42517981981725,11:48:37.981,111.6600,49
42531169265651,11:48:51.169,111.7000,80
42531169265651,11:48:51.169,111.7000,20
42531169291641,11:48:51.169,111.7000,9
42553043723039,11:49:13.043,111.6600,9
42564242985523,11:49:24.242,111.7100,2
42564242985523,11:49:24.242,111.7100,5
42564243743503,11:49:24.243,111.7200,3
42574248677461,11:49:34.248,111.7100,1
42576831025562,11:49:36.831,111.7000,100
42576831099050,11:49:36.831,111.7100,10
42576831125987,11:49:36.831,111.7100,1
42576831128611,11:49:36.831,111.7100,4
42576831484417,11:49:36.831,111.7000,10
42576831484417,11:49:36.831,111.7000,20
42580025292190,11:49:40.025,111.7000,100
42580028748795,11:49:40.028,111.6900,100
42580028748795,11:49:40.028,111.6900,100
42580030148636,11:49:40.030,111.6900,100
42580059994609,11:49:40.059,111.6900,7
42580060102579,11:49:40.060,111.6900,2
42602869144082,11:50:02.869,111.6900,91
42602869144082,11:50:02.869,111.6900,9
42602873069407,11:50:02.873,111.6900,1
42607207430382,11:50:07.207,111.6600,100
42693910706926,11:51:33.910,111.6500,136
42693910722757,11:51:33.910,111.6500,64
42694916669885,11:51:34.916,111.5700,100
42769647458328,11:52:49.647,111.5400,42
42769647458328,11:52:49.647,111.5400,1
42769647508108,11:52:49.647,111.5400,43
42792225530951,11:53:12.225,111.4800,6
42850416717889,11:54:10.416,111.5400,4
42850418116160,11:54:10.418,111.5400,5
42850418116160,11:54:10.418,111.5500,5
42850419666916,11:54:10.419,111.5400,4
42873833443850,11:54:33.833,111.5200,15
42873833443850,11:54:33.833,111.5100,85
42874049920727,11:54:34.049,111.5000,20
42874049920727,11:54:34.049,111.5000,100
42874049920727,11:54:34.049,111.5000,5
42982917046539,11:56:22.917,111.5900,2
42982918466491,11:56:22.918,111.5900,5
42982918466491,11:56:22.918,111.6000,10
42982918518123,11:56:22.918,111.6000,50
42982918518123,11:56:22.918,111.6000,20
42982918518123,11:56:22.918,111.6200,30
42982918544514,11:56:22.918,111.6200,70
43002109148159,11:56:42.109,111.5600,100
43002109185988,11:56:42.109,111.5600,17
43002109185988,11:56:42.109,111.5600,100
43002109205890,11:56:42.109,111.5400,36
43002109412306,11:56:42.109,111.5400,36
43002109412826,11:56:42.109,111.5400,28
43002109461505,11:56:42.109,111.5200,36
43002109495010,11:56:42.109,111.5200,28
43032575307454,11:57:12.575,111.6100,1
43032575657541,11:57:12.575,111.6200,1
43032575697324,11:57:12.575,111.6300,2
43032578524761,11:57:12.578,111.6200,2
43093048858207,11:58:13.048,111.5700,7
43237702795898,12:00:37.702,111.5800,5
43401110336696,12:03:21.110,111.6000,7
43427971980168,12:03:47.971,111.6900,2
43427971980168,12:03:47.971,111.6900,1
43427972007885,12:03:47.972,111.6900,99
43427972054450,12:03:47.972,111.6900,5
43427972067166,12:03:47.972,111.7000,1
43427972067166,12:03:47.972,111.7000,5
43427973741170,12:03:47.973,111.7100,1
43427973741170,12:03:47.973,111.7100,5
43427974573624,12:03:47.974,111.7000,3
43427974597495,12:03:47.974,111.7000,1
43427974597495,12:03:47.974,111.7000,2
43705573749112,12:08:25.573,111.6900,6
43705573775284,12:08:25.573,111.6900,94
43801548582763,12:10:01.548,111.6900,3
43808332155613,12:10:08.332,111.7000,5
43824206626784,12:10:24.206,111.6900,97
43824206626784,12:10:24.206,111.6900,3
43824206671624,12:10:24.206,111.6900,9
43824207846047,12:10:24.207,111.6800,100
43824207880483,12:10:24.207,111.6800,100
43967940368437,12:12:47.940,111.6600,5
44003466173454,12:13:23.466,111.6500,7
44138824114759,12:15:38.824,111.7300,113
44138824174708,12:15:38.824,111.7300,100
44138824174708,12:15:38.824,111.7300,13
44138824366369,12:15:38.824,111.7400,6
44138824366369,12:15:38.824,111.7400,5
44138824366369,12:15:38.824,111.7400,100
44138824366369,12:15:38.824,111.7400,2
44138836063531,12:15:38.836,111.7400,100
44138886833723,12:15:38.886,111.7400,100
44138914628337,12:15:38.914,111.7500,100
44138915091925,12:15:38.915,111.7600,4
44138937463872,12:15:38.937,111.7600,5
44138937463872,12:15:38.937,111.7600,5
44138937463872,12:15:38.937,111.7800,90
44138938267705,12:15:38.938,111.7800,10
44141225497793,12:15:41.225,111.7800,100
44141226766099,12:15:41.226,111.7900,100
44167993151381,12:16:07.993,111.8000,2
44167993151381,12:16:07.993,111.8000,3
44167995820107,12:16:07.995,111.8300,27
44170817852282,12:16:10.817,111.8300,20
44225971905979,12:17:05.971,111.9100,99
44225971905979,12:17:05.971,111.9900,1
44225973123170,12:17:05.973,111.9900,99
44226729055976,12:17:06.729,112.0000,1
44226729125182,12:17:06.729,112.0000,2
44226729397221,12:17:06.729,112.0000,2
44226730021487,12:17:06.730,112.0000,1
44226730021487,12:17:06.730,112.0100,1
44226730051045,12:17:06.730,112.0100,1
44296534891047,12:18:16.534,112.0300,6
44384524065207,12:19:44.524,112.1000,29
44384524416194,12:19:44.524,112.1000,71
44384524416194,12:19:44.524,112.1100,100
44384524416194,12:19:44.524,112.1100,76
44384524455331,12:19:44.524,112.1100,43
44384524514389,12:19:44.524,112.1100,9
44384524564570,12:19:44.524,112.1100,19
44384727242501,12:19:44.727,112.1300,1
44384727249294,12:19:44.727,112.1300,2
44384727267939,12:19:44.727,112.1300,3
44498591341177,12:21:38.591,112.1600,64
44514493381117,12:21:54.493,112.2300,44
44514493841152,12:21:54.493,112.2300,16
44546952425735,12:22:26.952,112.2400,1
44546952425735,12:22:26.952,112.2400,99
44546953020977,12:22:26.953,112.2400,1
44546953020977,12:22:26.953,112.2400,2
44546953032831,12:22:26.953,112.2400,7
44546953032831,12:22:26.953,112.2400,6
44546953032831,12:22:26.953,112.2500,3
44606092365350,12:23:26.092,112.2500,7
44744693065269,12:25:44.693,112.2700,100
44744693065269,12:25:44.693,112.2700,10
44744693065269,12:25:44.693,112.2700,90
44744693092318,12:25:44.693,112.2700,10
44744693092318,12:25:44.693,112.2700,100
44744693092318,12:25:44.693,112.2700,100
44744693096358,12:25:44.693,112.2700,100
44878689856661,12:27:58.689,112.3200,23
44880651641930,12:28:00.651,112.2800,5
44880651641930,12:28:00.651,112.2800,100
44880651641930,12:28:00.651,112.2800,35
44880651671349,12:28:00.651,112.2800,65
44880654570611,12:28:00.654,112.2800,100
44900126275415,12:28:20.126,112.2600,7
45016702561781,12:30:16.702,112.3300,100
45046856990678,12:30:46.856,112.2500,100
45046857046641,12:30:46.857,112.2400,46
45046857462565,12:30:46.857,112.2400,3
45046864806007,12:30:46.864,112.2400,51
45046864806007,12:30:46.864,112.2400,49
45183127554821,12:33:03.127,112.2200,100
45183127591441,12:33:03.127,112.2200,100
45183127597155,12:33:03.127,112.2200,5
45183127628945,12:33:03.127,112.2200,5
45183195969577,12:33:03.195,112.2200,1
45187128670896,12:33:07.128,112.2200,94
45187128670896,12:33:07.128,112.2200,6
45187180077548,12:33:07.180,112.2200,94
45187180683978,12:33:07.180,112.1800,12
45187181281657,12:33:07.181,112.1800,6
45187182258967,12:33:07.182,112.1800,82
45188008484830,12:33:08.008,112.1700,100
45188008484830,12:33:08.008,112.1700,100
45190028352337,12:33:10.028,112.1400,100
45190528671317,12:33:10.528,112.1350,100
45199888904026,12:33:19.888,112.1000,6
45334412850985,12:35:34.412,112.0900,5
45440373953310,12:37:20.373,112.1100,5
45440373953310,12:37:20.373,112.1400,15
45440373988220,12:37:20.373,112.1700,100
45440373988220,12:37:20.373,112.1800,8
45440373988220,12:37:20.373,112.1800,92
45440374009364,12:37:20.374,112.1800,8
45440374009364,12:37:20.374,112.1800,58
45440376168366,12:37:20.376,112.1600,15
45449476112578,12:37:29.476,112.1800,100
45449477084654,12:37:29.477,112.1800,100
45449477303729,12:37:29.477,112.2100,100
45449478228187,12:37:29.478,112.2100,20
45449479354649,12:37:29.479,112.2300,100
45449480695999,12:37:29.480,112.2000,30
45449480695999,12:37:29.480,112.2000,100
45449481050136,12:37:29.481,112.1800,100
45513993230626,12:38:33.993,112.1400,7
45522045627547,12:38:42.045,112.1800,45
45539314296523,12:38:59.314,112.1900,85
45539314352642,12:38:59.314,112.1900,15
45539314352642,12:38:59.314,112.1900,30
45540845857317,12:39:00.845,112.2000,100
45540846485215,12:39:00.846,112.2000,1
45540849075321,12:39:00.849,112.2000,7
45805550265550,12:43:25.550,112.1600,6
45805550291731,12:43:25.550,112.1600,94
45805550291731,12:43:25.550,112.1600,121
45805550334184,12:43:25.550,112.1600,79
45832478716675,12:43:52.478,112.1200,100
45832478716675,12:43:52.478,112.1200,100
45832480089441,12:43:52.480,112.0800,100
45832480089441,12:43:52.480,112.0800,100
45848739806626,12:44:08.739,112.1200,200
45848739806626,12:44:08.739,112.1200,200
45848871722958,12:44:08.871,112.1000,2
45848871722958,12:44:08.871,112.1000,11
45848873747181,12:44:08.873,112.0700,30
45862052862908,12:44:22.052,112.1000,30
45862052862908,12:44:22.052,112.1000,10
45862054741437,12:44:22.054,112.1100,89
45862054747960,12:44:22.054,112.1100,11
45862255864831,12:44:22.255,112.1300,100
45862255864831,12:44:22.255,112.1300,100
45862255864831,12:44:22.255,112.1300,100
45900145196980,12:45:00.145,112.1300,100
45900146305855,12:45:00.146,112.1300,7
45900146789959,12:45:00.146,112.1300,93
45900147357930,12:45:00.147,112.1400,7
45900149035274,12:45:00.149,112.1300,100
45900149035274,12:45:00.149,112.1300,100
45906864814520,12:45:06.864,112.1300,16
45906864814520,12:45:06.864,112.1300,84
45906866674417,12:45:06.866,112.1300,16
46063909487038,12:47:43.909,112.1500,10
46063909487038,12:47:43.909,112.2300,1
46063909823933,12:47:43.909,112.2300,11
46063910283735,12:47:43.910,112.2300,11
46063910519657,12:47:43.910,112.2400,1
46063910519657,12:47:43.910,112.2400,8
46063910519657,12:47:43.910,112.2400,2
46063910917819,12:47:43.910,112.2500,1
46063910917819,12:47:43.910,112.2500,2
46117948561328,12:48:37.948,112.2700,200
46332889192842,12:52:12.889,112.2300,308
46332889213084,12:52:12.889,112.2300,92
46332889213084,12:52:12.889,112.2500,5
46332889213084,12:52:12.889,112.2600,100
46332889213084,12:52:12.889,112.2600,100
46332889213084,12:52:12.889,112.2600,11
46332889369394,12:52:12.889,112.2600,89
46332889369394,12:52:12.889,112.2600,8
46332889944382,12:52:12.889,112.2600,71
46332891541567,12:52:12.891,112.2600,100
46332891788357,12:52:12.891,112.2350,300
46384428807597,12:53:04.428,112.2000,7
46416894192457,12:53:36.894,112.1900,100
46709418172859,12:58:29.418,112.1300,6
46709418198547,12:58:29.418,112.1300,94
46709418198547,12:58:29.418,112.1300,200
46709418245324,12:58:29.418,112.1300,100
46749425621170,12:59:09.425,112.1000,20
46749425621170,12:59:09.425,112.1400,4
46749425621170,12:59:09.425,112.1400,76
47000668515076,13:03:20.668,112.0600,7
47198357077157,13:06:38.357,112.0800,5
47198357077157,13:06:38.357,112.1000,10
47198357077157,13:06:38.357,112.1200,20
47198357077157,13:06:38.357,112.1300,65
47198416654702,13:06:38.416,112.0500,3
47262248797890,13:07:42.248,112.1200,20
47262248797890,13:07:42.248,112.1300,80
47287469723332,13:08:07.469,112.0600,6
47324070575678,13:08:44.070,112.0600,100
47324072649018,13:08:44.072,112.0500,97
47324072649018,13:08:44.072,112.0500,100
47324073842064,13:08:44.073,112.0500,20
47495367725255,13:11:35.367,111.9700,100
47512516810602,13:11:52.516,111.9700,11
47586340962433,13:13:06.340,111.9700,7
47598628687917,13:13:18.628,111.9700,2
47631562968339,13:13:51.562,111.9700,1
47631562994046,13:13:51.562,111.9700,90
47631562994046,13:13:51.562,111.9700,100
47631562994046,13:13:51.562,111.9700,38
47631563077279,13:13:51.563,111.9700,62
47631563077279,13:13:51.563,111.9700,38
47631563520460,13:13:51.563,111.9700,62
47631579358893,13:13:51.579,111.9600,52
47631667634473,13:13:51.667,111.9600,52
47631703855136,13:13:51.703,111.9600,52
47631733491524,13:13:51.733,111.9600,104
47631757475250,13:13:51.757,111.9600,52
47631773247952,13:13:51.773,111.9600,40
47631773247952,13:13:51.773,111.9600,17
47631773247952,13:13:51.773,111.9600,47
47633239829072,13:13:53.239,111.9700,100
47633239839504,13:13:53.239,111.9700,1
47633240048143,13:13:53.240,111.9300,300
47641723910603,13:14:01.723,111.9400,100
47663323052324,13:14:23.323,111.9300,1
47663326370001,13:14:23.326,111.9300,99
47663326370001,13:14:23.326,111.9300,1
47663359630809,13:14:23.359,111.9300,99
47663361992043,13:14:23.361,111.8900,100
47699627708582,13:14:59.627,111.9500,100
47780751124257,13:16:20.751,111.8600,100
47874902233389,13:17:54.902,111.6500,7
47885026096321,13:18:05.026,111.7900,20
47885026096321,13:18:05.026,111.8300,85
47996389325760,13:19:56.389,111.8300,5
48009311526749,13:20:09.311,111.7300,89
48165500998363,13:22:45.500,111.7300,11
48165500998363,13:22:45.500,111.7300,89
48165501031214,13:22:45.501,111.7300,11
48165501031214,13:22:45.501,111.7300,100
48165501037315,13:22:45.501,111.7300,10
48165501069366,13:22:45.501,111.7200,8
48165501096069,13:22:45.501,111.7200,54
48165501102515,13:22:45.501,111.7200,38
48165561881844,13:22:45.561,111.6900,1
48165561940362,13:22:45.561,111.6900,99
48180827229882,13:23:00.827,111.7300,100
48180827229882,13:23:00.827,111.7300,3
48180827229882,13:23:00.827,111.7300,5
48180827309880,13:23:00.827,111.7400,4
48180828088560,13:23:00.828,111.7600,10
48181030252452,13:23:01.030,111.7900,1
48181030252452,13:23:01.030,111.8000,99
48219571132942,13:23:39.571,111.6900,6
48446958525996,13:27:26.958,111.7700,15
48446958525996,13:27:26.958,111.8000,1
48446958525996,13:27:26.958,111.8000,2
48446958525996,13:27:26.958,111.8000,20
48446958542416,13:27:26.958,111.8000,80
48446958542416,13:27:26.958,111.8000,15
48446958568745,13:27:26.958,111.8000,24
48446959130653,13:27:26.959,111.8100,1
48446960722665,13:27:26.960,111.8100,100
48446960893414,13:27:26.960,111.8200,100
48446962636335,13:27:26.962,111.8300,2
48662558280961,13:31:02.558,111.8800,3
48662558280961,13:31:02.558,111.8800,2
48662558758267,13:31:02.558,111.8900,1
48662558758267,13:31:02.558,111.8900,5
48662771690160,13:31:02.771,111.9500,1
48778646588375,13:32:58.646,111.9300,6
48782746990574,13:33:02.746,111.9800,5
48782746990574,13:33:02.746,112.0000,100
48782747016570,13:33:02.747,112.0000,2
48782747016570,13:33:02.747,112.0000,3
48782747344188,13:33:02.747,112.0100,1
48782747435041,13:33:02.747,112.0000,93
48782747470901,13:33:02.747,112.0000,7
48782749437273,13:33:02.749,112.0200,1
48797958058005,13:33:17.958,112.0000,77
48903618170731,13:35:03.618,112.0000,100
48903618268256,13:35:03.618,112.0000,100
49024216197636,13:37:04.216,112.0000,5
49077924098418,13:37:57.924,112.0200,5
49077924108950,13:37:57.924,112.0700,89
49077924135185,13:37:57.924,112.0700,11
49077924135185,13:37:57.924,112.0700,3
49077924135185,13:37:57.924,112.0700,100
49077924135185,13:37:57.924,112.0700,5
49077924135185,13:37:57.924,112.0700,1
49077924135185,13:37:57.924,112.0700,32
49077924148795,13:37:57.924,112.0700,68
49077924801834,13:37:57.924,112.0800,3
49277649804537,13:41:17.649,112.0400,2
49277649829307,13:41:17.649,112.0400,98
49277649829307,13:41:17.649,112.0400,101
49277649864756,13:41:17.649,112.0400,99
49277649864756,13:41:17.649,112.0400,100
49277649864756,13:41:17.649,112.0400,88
49277649869879,13:41:17.649,112.0400,12
49277649869879,13:41:17.649,112.0400,88
49277649875756,13:41:17.649,112.0400,212
49359997487806,13:42:39.997,112.0000,95
49359997487806,13:42:39.997,112.0000,5
49359997541146,13:42:39.997,112.0000,30
49359997577885,13:42:39.997,112.0000,65
49359997577885,13:42:39.997,112.0000,100
49359997577885,13:42:39.997,112.0000,200
49359997577885,13:42:39.997,112.0000,30
49359998043705,13:42:39.998,112.0000,70
49359998043705,13:42:39.998,111.9900,30
49360058685311,13:42:40.058,111.9900,1
49380871701251,13:43:00.871,111.9900,6
49416004064426,13:43:36.004,111.9900,163
49416004064426,13:43:36.004,111.9900,100
49590020523697,13:46:30.020,111.9200,100
49620007584695,13:47:00.007,111.9300,5
49623094761742,13:47:03.094,111.9600,15
49623094761742,13:47:03.094,111.9700,10
49629928844949,13:47:09.928,111.9200,1
49640565656694,13:47:20.565,111.9200,99
49640565656694,13:47:20.565,111.9200,1
49640566224925,13:47:20.566,111.9200,4
49640567607976,13:47:20.567,111.9450,100
49640627344901,13:47:20.627,111.9200,1
49641002269017,13:47:21.002,111.9200,94
49641002269017,13:47:21.002,111.9100,100
49641002269017,13:47:21.002,111.9100,100
49641002269017,13:47:21.002,111.9100,100
49641002269017,13:47:21.002,111.9100,6
49641004792589,13:47:21.004,111.9100,94
49641004792589,13:47:21.004,111.9100,6
49641009818718,13:47:21.009,111.9100,94
49698751214857,13:48:18.751,111.8500,7
49855134196372,13:50:55.134,111.8500,34
49968455954024,13:52:48.455,111.8500,1
49980613456450,13:53:00.613,111.9300,5
49980613456450,13:53:00.613,111.9300,95
49991662710464,13:53:11.662,111.8800,7
50050025307823,13:54:10.025,111.9000,50
50050025340063,13:54:10.025,111.9000,150
50050025340063,13:54:10.025,111.9000,4
50050025843416,13:54:10.025,111.9100,7
50050025868022,13:54:10.025,111.9100,93
50134032938194,13:55:34.032,111.8900,100
50134032971372,13:55:34.032,111.8900,100
50134033276549,13:55:34.033,111.8800,93
50157173867737,13:55:57.173,111.8400,100
50157173891998,13:55:57.173,111.8400,93
50157173901583,13:55:57.173,111.8400,7
50157173901583,13:55:57.173,111.8400,100
50190148370742,13:56:30.148,111.7900,38
50193488250600,13:56:33.488,111.7900,5
50203612972734,13:56:43.612,111.7800,1
50204164444124,13:56:44.164,111.7800,99
50204164444124,13:56:44.164,111.7800,100
50236229968987,13:57:16.229,111.7700,100
50297942128683,13:58:17.942,111.7400,6
50336000654543,13:58:56.000,111.7300,100
50336000654543,13:58:56.000,111.7300,200
50336000654543,13:58:56.000,111.7300,100
50336000654543,13:58:56.000,111.7200,100
50336000709943,13:58:56.000,111.6700,93
50336000712774,13:58:56.000,111.6700,7
50336001180160,13:58:56.001,111.6900,79
50336001180160,13:58:56.001,111.5900,18
50336001180160,13:58:56.001,111.5900,21
50336002710293,13:58:56.002,111.6000,18
50336002761727,13:58:56.002,111.5900,18
50336002808989,13:58:56.002,111.5900,18
50336002854977,13:58:56.002,111.5900,18
50336002892958,13:58:56.002,111.6200,100
50336002905831,13:58:56.002,111.5900,18
50336002953545,13:58:56.002,111.5900,7
50336002953545,13:58:56.002,111.5800,11
50336008656459,13:58:56.008,111.5800,7
50336008690579,13:58:56.008,111.4800,100
50336008690579,13:58:56.008,111.4500,34
50336103934042,13:58:56.103,111.6000,100
50336104579057,13:58:56.104,111.6000,30
50395718049920,13:59:55.718,111.5600,38
50403506020425,14:00:03.506,111.6800,100
50403506020425,14:00:03.506,111.6900,100
50403506674538,14:00:03.506,111.7300,100
50403506674538,14:00:03.506,111.7300,100
50403512169582,14:00:03.512,111.7300,1
50403710541773,14:00:03.710,111.7900,100
50403999779698,14:00:03.999,111.7000,2
50430656147885,14:00:30.656,111.9200,10
50439928258031,14:00:39.928,112.2000,1
50479179709831,14:01:19.179,112.3000,400
50479179942201,14:01:19.179,112.3000,100
50479179976920,14:01:19.179,112.3000,133
50479179980299,14:01:19.179,112.3000,40
50479179981582,14:01:19.179,112.3000,41
50479179983224,14:01:19.179,112.3000,107
50479180018351,14:01:19.180,112.3000,100
50479180045759,14:01:19.180,112.3000,79
50503281417276,14:01:43.281,112.4000,100
50503288784365,14:01:43.288,112.3500,1
50507576776263,14:01:47.576,112.5900,100
50507893488599,14:01:47.893,112.5000,100
50507893488599,14:01:47.893,112.4900,100
50507893520753,14:01:47.893,112.3500,500
50507898872594,14:01:47.898,112.3000,27
50580787598208,14:03:00.787,112.3200,52
50580787598208,14:03:00.787,112.3100,60
50580787598208,14:03:00.787,112.3000,28
50581021712136,14:03:01.021,112.3200,60
50591327277521,14:03:11.327,112.3300,7
50647906462697,14:04:07.906,112.5800,5
50647906462697,14:04:07.906,112.6900,6
50668286882942,14:04:28.286,112.5700,30
50668287368434,14:04:28.287,112.6350,100
50668571942836,14:04:28.571,112.8400,44
50668667488692,14:04:28.667,112.5700,30
50668671342618,14:04:28.671,112.5600,33
50668671342618,14:04:28.671,112.5600,67
50676139381946,14:04:36.139,112.5700,3
50676139381946,14:04:36.139,112.5600,100
50676139381946,14:04:36.139,112.5300,10
50676139381946,14:04:36.139,112.5300,100
50676139381946,14:04:36.139,112.5300,100
50676484413668,14:04:36.484,112.5300,100
50676484456469,14:04:36.484,112.5300,2
50676484617548,14:04:36.484,112.5300,57
50676484652941,14:04:36.484,112.5300,43
50676484699520,14:04:36.484,112.5300,100
50676484774807,14:04:36.484,112.5300,13
50676485717841,14:04:36.485,112.5200,100
50676485717841,14:04:36.485,112.5200,30
50676485764689,14:04:36.485,112.5200,100
50676486306826,14:04:36.486,112.5300,30
50691368336339,14:04:51.368,112.5300,52
50691368366532,14:04:51.368,112.5300,48
50691368382213,14:04:51.368,112.5300,48
50691368406598,14:04:51.368,112.5300,57
50691368828279,14:04:51.368,112.5200,11
50691368839650,14:04:51.368,112.5200,19
50691368842470,14:04:51.368,112.5200,70
50691368842470,14:04:51.368,112.5200,19
50691368842470,14:04:51.368,112.5200,19
50691369334335,14:04:51.369,112.5200,81
50691371120219,14:04:51.371,112.5300,43
50691371120219,14:04:51.371,112.5300,49
50691374667680,14:04:51.374,112.5300,51
50691374667680,14:04:51.374,112.5300,30
50691378210903,14:04:51.378,112.5300,81
50691378571569,14:04:51.378,112.5300,11
50691379116974,14:04:51.379,112.5300,8
50691415839171,14:04:51.415,112.5300,100
50691418532693,14:04:51.418,112.4600,100
50691451588923,14:04:51.451,112.4000,100
50707693474977,14:05:07.693,112.5300,100
50707693474977,14:05:07.693,112.5300,1
50707693474977,14:05:07.693,112.5300,100
50707693474977,14:05:07.693,112.5300,99
50707693503487,14:05:07.693,112.5300,1
50707693919192,14:05:07.693,112.5300,2
50707694634677,14:05:07.694,112.5300,98
50707694634677,14:05:07.694,112.5300,2
50710109068300,14:05:10.109,112.5300,48
50710878301348,14:05:10.878,112.5300,100
50710878750192,14:05:10.878,112.5300,88
50747794493868,14:05:47.794,112.5400,1
50747794493868,14:05:47.794,112.5400,100
50747797392815,14:05:47.797,112.5400,1
50817821558349,14:06:57.821,112.4700,30
50817821636060,14:06:57.821,112.4700,70
50820937984737,14:07:00.937,112.4700,100
50820938070602,14:07:00.938,112.4700,100
50820938493408,14:07:00.938,112.4600,100
50821125645193,14:07:01.125,112.3500,78
50895024084049,14:08:15.024,112.2900,6
50915509699301,14:08:35.509,112.4100,100
50944249743250,14:09:04.249,112.2900,100
50944249743250,14:09:04.249,112.2900,100
50944251538405,14:09:04.251,112.2800,20
50944251577395,14:09:04.251,112.2800,80
50944630232546,14:09:04.630,112.3000,20
50944630232546,14:09:04.630,112.3100,46
50944630232546,14:09:04.630,112.3100,34
50944631493984,14:09:04.631,112.3100,20
50944631493984,14:09:04.631,112.3100,100
50944631493984,14:09:04.631,112.3100,3
50994596575338,14:09:54.596,112.1300,100
51000046026626,14:10:00.046,112.1100,500
51000046026626,14:10:00.046,112.1100,3
51000063267686,14:10:00.063,112.1100,3
51010532011542,14:10:10.532,112.1100,15
51014496300634,14:10:14.496,112.1100,7
51020325206510,14:10:20.325,112.1800,2
51045141004880,14:10:45.141,112.2600,261
51060972410355,14:11:00.972,112.2600,40
51060972414706,14:11:00.972,112.2600,41
51060972428118,14:11:00.972,112.2600,40
51060972436631,14:11:00.972,112.2600,118
51060972436631,14:11:00.972,112.2600,1
51061679332965,14:11:01.679,112.2700,1
51072011441518,14:11:12.011,112.2600,100
51072011441518,14:11:12.011,112.2600,40
51072011472344,14:11:12.011,112.2600,60
51072011509252,14:11:12.011,112.2600,100
51073799880066,14:11:13.799,112.2600,100
51076160905288,14:11:16.160,112.2700,100
51076160905288,14:11:16.160,112.2600,40
51143145216748,14:12:23.145,112.3000,100
51143145295246,14:12:23.145,112.3100,1
51144149306301,14:12:24.149,112.3300,500
51149999950278,14:12:29.999,112.3000,170
51150350890416,14:12:30.350,112.2900,163
51150350890416,14:12:30.350,112.2900,107
51150577731940,14:12:30.577,112.2900,30
51150577731940,14:12:30.577,112.2800,100
51150577731940,14:12:30.577,112.2800,100
51150577731940,14:12:30.577,112.2800,50
51193497819286,14:13:13.497,112.2900,35
51193684372185,14:13:13.684,112.2800,100
51193684372185,14:13:13.684,112.2800,35
51193684435544,14:13:13.684,112.2800,65
51193684749624,14:13:13.684,112.2800,35
51193707749053,14:13:13.707,112.2700,52
51193708196331,14:13:13.708,112.2700,100
51193912377991,14:13:13.912,112.2800,100
51193912377991,14:13:13.912,112.2700,124
51193913279982,14:13:13.913,112.2700,100
51193913305549,14:13:13.913,112.2700,124
51193913305549,14:13:13.913,112.2700,13
51193913325602,14:13:13.913,112.2700,87
51193914575226,14:13:13.914,112.3100,15
51194647036380,14:13:14.647,112.2800,89
51195337194234,14:13:15.337,112.2800,62
51213531137005,14:13:33.531,112.2900,100
51213531137005,14:13:33.531,112.2900,13
51213531137005,14:13:33.531,112.2900,76
51213531171536,14:13:33.531,112.2900,161
51213531673859,14:13:33.531,112.2900,100
51279162076259,14:14:39.162,112.3500,500
51281588461400,14:14:41.588,112.3800,100
51283639997516,14:14:43.639,112.5000,200
51314524206439,14:15:14.524,112.3900,15
51314524235367,14:15:14.524,112.3900,85
51314524235367,14:15:14.524,112.3900,100
51315724678794,14:15:15.724,112.3800,81
51315724749968,14:15:15.724,112.3800,19
51370757778637,14:16:10.757,112.3900,100
51429692102952,14:17:09.692,112.3700,5
51429692102952,14:17:09.692,112.4000,400
51429692102952,14:17:09.692,112.4000,100
51429692102952,14:17:09.692,112.4000,95
51429692104798,14:17:09.692,112.4000,5
51429693480834,14:17:09.693,112.3900,96
51429694809149,14:17:09.694,112.4300,100
51450524989016,14:17:30.524,112.4600,10
51462342644403,14:17:42.342,112.4000,42
51462342649902,14:17:42.342,112.4000,58
51462361472502,14:17:42.361,112.4000,10
51462361472502,14:17:42.361,112.4200,10
51462420379008,14:17:42.420,112.4100,10
51462420379008,14:17:42.420,112.4000,10
51462420379008,14:17:42.420,112.4000,9
51496153120482,14:18:16.153,112.4000,7
51554171238824,14:19:14.171,112.4300,100
51554171238824,14:19:14.171,112.4400,100
51554171878292,14:19:14.171,112.4400,100
51554171910307,14:19:14.171,112.4400,88
51554171934988,14:19:14.171,112.4400,112
51554171934988,14:19:14.171,112.4400,100
51555871062173,14:19:15.871,112.4700,1
51572287885941,14:19:32.287,112.5100,500
51573780062546,14:19:33.780,112.6000,78
51574050281884,14:19:34.050,112.7100,14
51604878750778,14:20:04.878,112.6200,100
51604878750778,14:20:04.878,112.6200,100
51626572262228,14:20:26.572,112.7100,8
51647897065782,14:20:47.897,112.6800,1
51647897065782,14:20:47.897,112.6800,3
51647898266246,14:20:47.898,112.6900,2
51647900041770,14:20:47.900,112.6800,1
51649572770142,14:20:49.572,112.7100,100
51649572770142,14:20:49.572,112.7100,400
51653801011285,14:20:53.801,112.7200,100
51654719085445,14:20:54.719,112.7200,41
51654719090342,14:20:54.719,112.7200,40
51654719498447,14:20:54.719,112.7200,40
51657896235797,14:20:57.896,112.7200,100
51657896747712,14:20:57.896,112.7200,100
51657897103998,14:20:57.897,112.7200,79
51665615768586,14:21:05.615,112.7700,100
51756364157960,14:22:36.364,112.7200,100
51756364461839,14:22:36.364,112.7200,1
51756364498733,14:22:36.364,112.7100,1
51756364868344,14:22:36.364,112.7100,2
51756364872973,14:22:36.364,112.7100,18
51783361479438,14:23:03.361,112.6500,6
51815744346823,14:23:35.744,112.7100,5
51815744346823,14:23:35.744,112.7200,100
51815744346823,14:23:35.744,112.7200,95
51815744603626,14:23:35.744,112.7200,5
51815744796951,14:23:35.744,112.7300,6
51842038532527,14:24:02.038,112.6900,100
51842039452790,14:24:02.039,112.6900,30
52000624286273,14:26:40.624,112.6400,20
52000643662503,14:26:40.643,112.6500,4
52016727309758,14:26:56.727,112.6500,71
52016727309758,14:26:56.727,112.6500,29
52016727335170,14:26:56.727,112.6500,71
52016727335170,14:26:56.727,112.6500,1
52016727345933,14:26:56.727,112.6500,72
52016727356309,14:26:56.727,112.6500,28
52027294554733,14:27:07.294,112.6500,4
52071413825387,14:27:51.413,112.6300,267
52071414187701,14:27:51.414,112.6300,33
52071414187701,14:27:51.414,112.6300,67
52071414226680,14:27:51.414,112.6300,33
52071414226680,14:27:51.414,112.6400,67
52071414257917,14:27:51.414,112.6400,33
52071414257917,14:27:51.414,112.6500,67
52071414340078,14:27:51.414,112.6500,70
52071414340078,14:27:51.414,112.6500,30
52071414563336,14:27:51.414,112.6500,6
52079114902909,14:27:59.114,112.6800,100
52079114902909,14:27:59.114,112.6800,100
52079115272566,14:27:59.115,112.7200,124
52084010415631,14:28:04.010,112.7300,40
52093021594000,14:28:13.021,112.7400,1
52127839133408,14:28:47.839,112.6900,70
52127862475183,14:28:47.862,112.6800,70
52127915874882,14:28:47.915,112.6800,70
52127947232307,14:28:47.947,112.6700,70
52127947964587,14:28:47.947,112.6700,30
52127947964587,14:28:47.947,112.6700,100
52128009143831,14:28:48.009,112.6700,100
52199180720568,14:29:59.180,112.5000,81
52207059444647,14:30:07.059,112.5000,19
52348257983228,14:32:28.257,112.5200,10
52352011474921,14:32:32.011,112.5200,50
52352011474921,14:32:32.011,112.5000,50
52358061458881,14:32:38.061,112.5000,3
52358061542381,14:32:38.061,112.5000,3
52358062281293,14:32:38.062,112.4900,3
52373036217343,14:32:53.036,112.4200,100
52390468373189,14:33:10.468,112.3600,100
52390469736787,14:33:10.469,112.4000,100
52393536173124,14:33:13.536,112.3400,6
52440731668383,14:34:00.731,112.4700,79
52440731742188,14:34:00.731,112.4700,21
52440731742188,14:34:00.731,112.5300,134
52440731742188,14:34:00.731,112.5300,29
52440731992825,14:34:00.731,112.5300,21
52440732702199,14:34:00.732,112.5900,30
52440733160057,14:34:00.733,112.5300,10
52440733364195,14:34:00.733,112.5900,69
52445746316411,14:34:05.746,112.5800,10
52445746316411,14:34:05.746,112.5900,190
52458465634402,14:34:18.465,112.5300,100
52459771796909,14:34:19.771,112.4700,135
52485367407377,14:34:45.367,112.5300,100
52500752228639,14:35:00.752,112.5300,100
52500752228639,14:35:00.752,112.5300,100
52500753200389,14:35:00.753,112.5100,69
52500753821675,14:35:00.753,112.4700,200
52500753821675,14:35:00.753,112.4700,100
52500753821675,14:35:00.753,112.4700,80
52501109799213,14:35:01.109,112.5300,69
52501117353930,14:35:01.117,112.5300,100
52501202072765,14:35:01.202,112.5300,100
52507200804865,14:35:07.200,112.5300,100
52552027145325,14:35:52.027,112.4800,4
52552027145325,14:35:52.027,112.4800,100
52552027145325,14:35:52.027,112.4800,100
52552027206392,14:35:52.027,112.4700,36
52552027539762,14:35:52.027,112.4700,64
52580208923639,14:36:20.208,112.4300,100
52580208923639,14:36:20.208,112.4200,5
52580208923639,14:36:20.208,112.4200,100
52580983708527,14:36:20.983,112.4200,100
52580983708527,14:36:20.983,112.4200,100
52580984023968,14:36:20.984,112.4200,41
52581083728547,14:36:21.083,112.4200,29
52581083728547,14:36:21.083,112.4200,29
52581083728547,14:36:21.083,112.4200,100
52600438705136,14:36:40.438,112.3300,100
52600438705136,14:36:40.438,112.3300,30
52601591235261,14:36:41.591,112.3200,20
52601591235261,14:36:41.591,112.3200,69
52601657905011,14:36:41.657,112.3100,89
52620088458067,14:37:00.088,112.3100,81
52620088489256,14:37:00.088,112.3100,19
52624973034471,14:37:04.973,112.3100,54
52624974090704,14:37:04.974,112.3100,46
52624974090704,14:37:04.974,112.3100,35
52624997484605,14:37:04.997,112.3100,100
52624997484605,14:37:04.997,112.3100,35
52626013749970,14:37:06.013,112.3000,100
52626013749970,14:37:06.013,112.3000,35
52630835316867,14:37:10.835,112.3400,5
52630836599706,14:37:10.836,112.3400,10
52630840301492,14:37:10.840,112.3300,100
52630914454479,14:37:10.914,112.3200,81
52631966719341,14:37:11.966,112.3100,100
52631966719341,14:37:11.966,112.3100,35
52643809899117,14:37:23.809,112.2900,35
52643878793307,14:37:23.878,112.2900,89
52643893951055,14:37:23.893,112.2900,62
52643953313086,14:37:23.953,112.2800,100
52643953313086,14:37:23.953,112.2800,35
52644008702315,14:37:24.008,112.2800,65
52644008702315,14:37:24.008,112.2800,16
52644009066666,14:37:24.009,112.2800,19
52644009968551,14:37:24.009,112.2800,8
52644009996298,14:37:24.009,112.2800,8
52652488302850,14:37:32.488,112.3300,100
52652488817528,14:37:32.488,112.3600,24
52652489031642,14:37:32.489,112.3100,100
52652489097465,14:37:32.489,112.3600,24
52652489737238,14:37:32.489,112.3600,10
52652489785589,14:37:32.489,112.3600,4
52652489785589,14:37:32.489,112.3600,25
52652489825709,14:37:32.489,112.3600,75
52652489825709,14:37:32.489,112.3600,25
52701501769004,14:38:21.501,112.4100,5
52701501769004,14:38:21.501,112.4300,108
52701501769004,14:38:21.501,112.4300,128
52701501802186,14:38:21.501,112.4300,5
52727840793106,14:38:47.840,112.4700,30
52757336296901,14:39:17.336,112.4100,9
52757336296901,14:39:17.336,112.4100,91
52757336370236,14:39:17.336,112.4100,9
52757336370236,14:39:17.336,112.4100,100
52757336370236,14:39:17.336,112.4100,100
52955472526137,14:42:35.472,112.3700,5
52989636140709,14:43:09.636,112.3400,100
52989636473572,14:43:09.636,112.3100,98
52989637591395,14:43:09.637,112.3100,302
53003084486794,14:43:23.084,112.2600,7
53126490970094,14:45:26.490,112.3000,100
53126490970094,14:45:26.490,112.3000,100
53126491789528,14:45:26.491,112.3000,52
53126492198267,14:45:26.492,112.3000,30
53126494012825,14:45:26.494,112.3000,30
53129445751646,14:45:29.445,112.2900,100
53129445751646,14:45:29.445,112.2900,100
53129445967797,14:45:29.445,112.2900,100
53129446070729,14:45:29.446,112.2900,100
53129446070729,14:45:29.446,112.2900,100
53129446269667,14:45:29.446,112.2900,100
53129446299674,14:45:29.446,112.2900,52
53129446310410,14:45:29.446,112.2900,52
53129446681296,14:45:29.446,112.2800,12
53129447053398,14:45:29.447,112.2800,30
53129447961185,14:45:29.447,112.2800,30
53129447998038,14:45:29.447,112.2800,22
53129450621451,14:45:29.450,112.2800,52
53129495453981,14:45:29.495,112.2800,52
53129498227850,14:45:29.498,112.2800,54
53129538376865,14:45:29.538,112.2800,14
53129921873334,14:45:29.921,112.3100,181
53131396446124,14:45:31.396,112.3100,181
53131398728429,14:45:31.398,112.3000,19
53133065973772,14:45:33.065,112.2800,54
53133380788134,14:45:33.380,112.3000,81
53133380788134,14:45:33.380,112.3100,100
53136189275638,14:45:36.189,112.3200,100
53162026438844,14:46:02.026,112.3200,6
53162026905377,14:46:02.026,112.3300,5
53162026929592,14:46:02.026,112.3300,1
53162126730780,14:46:02.126,112.3400,100
53162126730780,14:46:02.126,112.3400,75
53162307174541,14:46:02.307,112.3700,47
53162308307651,14:46:02.308,112.3700,53
53167658246529,14:46:07.658,112.3700,40
53167658271889,14:46:07.658,112.3700,10
53176622285978,14:46:16.622,112.3900,46
53176622369398,14:46:16.622,112.3900,36
53176622509224,14:46:16.622,112.3900,2
53176622550174,14:46:16.622,112.3900,34
53176622550174,14:46:16.622,112.3900,1
53176623105430,14:46:16.623,112.4000,2
53176624572694,14:46:16.624,112.3900,122
53240382121982,14:47:20.382,112.4500,1
53240383448759,14:47:20.383,112.4400,30
53240385710213,14:47:20.385,112.4400,100
53240403622932,14:47:20.403,112.4400,1
53240405267477,14:47:20.405,112.4400,1
53240405304499,14:47:20.405,112.4400,70
53240581766475,14:47:20.581,112.4500,100
53243015248010,14:47:23.015,112.6600,200
53245914326087,14:47:25.914,112.6600,100
53283412342304,14:48:03.412,112.5100,6
53359805351385,14:49:19.805,112.5400,94
53359805351385,14:49:19.805,112.5300,6
53359806417561,14:49:19.806,112.5300,1
53359806419185,14:49:19.806,112.5300,93
53359814208919,14:49:19.814,112.5600,10
53359826269124,14:49:19.826,112.5300,10
53380277168664,14:49:40.277,112.5000,6
53387675834522,14:49:47.675,112.4900,6
53417429943517,14:50:17.429,112.5200,268
53417429943517,14:50:17.429,112.5200,32
53433921485145,14:50:33.921,112.4600,100
53518771825234,14:51:58.771,112.4300,8
53539147641255,14:52:19.147,112.4900,10
53539147641255,14:52:19.147,112.5100,100
53539147641255,14:52:19.147,112.5200,24
53539147641255,14:52:19.147,112.5200,3
53539147641255,14:52:19.147,112.5200,177
53539147641255,14:52:19.147,112.5200,90
53539147728498,14:52:19.147,112.5200,10
53539147728498,14:52:19.147,112.5200,39
53539147735208,14:52:19.147,112.5200,61
53542004201868,14:52:22.004,112.5300,300
53542004201868,14:52:22.004,112.5300,100
53542004201868,14:52:22.004,112.5300,133
53542013156097,14:52:22.013,112.5500,100
53599181461354,14:53:19.181,112.6400,7
53768073268091,14:56:08.073,112.7900,100
53768074239401,14:56:08.074,112.7800,2
53768074829669,14:56:08.074,112.7700,100
53879442193517,14:57:59.442,112.6200,6
53994775131683,14:59:54.775,112.6900,10
53994775417324,14:59:54.775,112.7100,10
53994775417324,14:59:54.775,112.7200,5
53994775417324,14:59:54.775,112.7600,20
53994776204704,14:59:54.776,112.6800,100
53994784823977,14:59:54.784,112.7300,100
53994784823977,14:59:54.784,112.7500,200
53994784892176,14:59:54.784,112.7500,100
53994784892176,14:59:54.784,112.7500,100
53994784925545,14:59:54.784,112.7600,14
53994785109792,14:59:54.785,112.7550,100
53994785558093,14:59:54.785,112.7600,90
53994786291439,14:59:54.786,112.7550,167
53994787491733,14:59:54.787,112.7500,51
53994788698324,14:59:54.788,112.7950,121
53994793811284,14:59:54.793,112.8100,100
53997867166257,14:59:57.867,112.8150,200
53998905870185,14:59:58.905,112.8200,200
54011034820196,15:00:11.034,112.7500,49
54011034820196,15:00:11.034,112.7500,100
54011034820196,15:00:11.034,112.7500,100
54011034820196,15:00:11.034,112.7500,3
54011035123497,15:00:11.035,112.7500,100
54011035149700,15:00:11.035,112.7500,100
54011035256562,15:00:11.035,112.7500,76
54011035606020,15:00:11.035,112.7500,24
54011035637222,15:00:11.035,112.7500,24
54011035737958,15:00:11.035,112.7500,25
54011035852811,15:00:11.035,112.7500,51
54011035852811,15:00:11.035,112.7500,49
54011035891460,15:00:11.035,112.7500,51
54011036754253,15:00:11.036,112.7500,100
54011036906911,15:00:11.036,112.7500,100
54011036906911,15:00:11.036,112.7500,100
54011038626102,15:00:11.038,112.7500,100
54011824444105,15:00:11.824,112.7500,100
54011824444105,15:00:11.824,112.7500,100
54026862802783,15:00:26.862,112.7600,100
54028077394510,15:00:28.077,112.7500,100
54028077394510,15:00:28.077,112.7500,200
54028078862417,15:00:28.078,112.7500,100
54038286918356,15:00:38.286,112.7800,5
54046119046098,15:00:46.119,112.8600,100
54046119046098,15:00:46.119,112.8600,100
54088247013091,15:01:28.247,112.8000,22
54088247850856,15:01:28.247,112.7900,100
54120382412816,15:02:00.382,112.6400,100
54131473238444,15:02:11.473,112.6200,7
54131604938242,15:02:11.604,112.6100,100
54137559616288,15:02:17.559,112.5800,100
54169450411597,15:02:49.450,112.5200,100
54169452213860,15:02:49.452,112.5200,100
54169607136568,15:02:49.607,112.5200,100
54200265978368,15:03:20.265,112.5400,7
54236300934425,15:03:56.300,112.4400,100
54236301206426,15:03:56.301,112.4300,100
54236330029665,15:03:56.330,112.4400,100
54236335141946,15:03:56.335,112.5100,45
54236345383777,15:03:56.345,112.4400,100
54236363548205,15:03:56.363,112.4400,100
54236394719093,15:03:56.394,112.4300,100
54237435210993,15:03:57.435,112.5100,55
54237457421310,15:03:57.457,112.5100,43
54238037035628,15:03:58.037,112.4500,16
54238037035628,15:03:58.037,112.4500,84
54238535348703,15:03:58.535,112.5300,97
54238700532336,15:03:58.700,112.5100,97
54238796246104,15:03:58.796,112.5100,3
54238798044391,15:03:58.798,112.5200,94
54239077036408,15:03:59.077,112.5100,97
54241690904170,15:04:01.690,112.4600,3
54241690947793,15:04:01.690,112.4600,97
54241692146492,15:04:01.692,112.4500,10
54270899477461,15:04:30.899,112.5000,10
54272860846706,15:04:32.860,112.4100,11
54359951383403,15:05:59.951,112.2700,100
54359951391778,15:05:59.951,112.2400,226
54359951399247,15:05:59.951,112.2400,19
54359952109322,15:05:59.952,112.2400,155
54408928628596,15:06:48.928,112.2600,1500
54408928628596,15:06:48.928,112.2600,3
54408928628596,15:06:48.928,112.2600,125
54408928628596,15:06:48.928,112.2600,72
54408928670355,15:06:48.928,112.2600,19
54408928674857,15:06:48.928,112.2600,30
54408928674857,15:06:48.928,112.2600,14
54408928728477,15:06:48.928,112.2700,3
54408929141705,15:06:48.929,112.2600,100
54408931000733,15:06:48.931,112.2600,1
54408931786430,15:06:48.931,112.2600,110
54421512966784,15:07:01.512,112.2400,5
54422473301657,15:07:02.473,112.2400,44
54422473346768,15:07:02.473,112.2400,51
54498790551391,15:08:18.790,112.2500,100
54498790551391,15:08:18.790,112.2500,110
54498868146260,15:08:18.868,112.3100,50
54498911478556,15:08:18.911,112.2400,16
54548342076838,15:09:08.342,112.2300,82
54548342261266,15:09:08.342,112.2300,18
54616956289789,15:10:16.956,112.2400,3
54616956289789,15:10:16.956,112.2400,17
54616956289789,15:10:16.956,112.2500,3
54616956749374,15:10:16.956,112.2600,100
54616957926456,15:10:16.957,112.2500,30
54643296492490,15:10:43.296,112.2000,100
54696841027601,15:11:36.841,112.1000,23
54696841027601,15:11:36.841,112.0900,100
54696841027601,15:11:36.841,112.0900,100
54696841027601,15:11:36.841,112.0900,10
54696841427973,15:11:36.841,112.0600,4
54697004057820,15:11:37.004,112.0600,96
54697642794888,15:11:37.642,112.0200,100
54697643074456,15:11:37.643,112.0200,100
54715145020279,15:11:55.145,112.0800,100
54734596525702,15:12:14.596,112.1200,100
54734596550102,15:12:14.596,112.1200,100
54734597238060,15:12:14.597,112.0900,52
54734597680644,15:12:14.597,112.1400,30
54734597680644,15:12:14.597,112.1400,69
54734598131334,15:12:14.598,112.1000,7
54734598149350,15:12:14.598,112.1000,45
54734598149350,15:12:14.598,112.1400,54
54734601002534,15:12:14.601,112.1100,5
54749382898156,15:12:29.382,112.1400,20
54749382898156,15:12:29.382,112.1400,20
54749382898156,15:12:29.382,112.1400,53
54750422971710,15:12:30.422,112.0900,16
54750481848905,15:12:30.481,112.0900,52
54802293515000,15:13:22.293,112.0700,50
54802293558961,15:13:22.293,112.0700,50
54820890882349,15:13:40.890,112.0700,15
54820890882349,15:13:40.890,112.1400,85
54827712674983,15:13:47.712,112.1400,100
54827788134542,15:13:47.788,112.1500,100
54827913502051,15:13:47.913,112.1500,1
54834274677983,15:13:54.274,112.1900,44
54840410222518,15:14:00.410,112.2200,100
54840410728659,15:14:00.410,112.1600,30
54840410782957,15:14:00.410,112.1600,70
54961135187740,15:16:01.135,112.2400,100
54992374396415,15:16:32.374,112.3000,100
55005808288437,15:16:45.808,112.2600,5
55015863376197,15:16:55.863,112.3100,27
55090895482676,15:18:10.895,112.3000,17
55090896436630,15:18:10.896,112.3100,100
55090896436630,15:18:10.896,112.3100,100
55090896437380,15:18:10.896,112.2900,15
55090897369584,15:18:10.897,112.3000,10
55090897382987,15:18:10.897,112.3000,90
55090897382987,15:18:10.897,112.3300,25
55150175925587,15:19:10.175,112.3000,100
55150176244443,15:19:10.176,112.3000,100
55150176515227,15:19:10.176,112.3000,100
55150176813347,15:19:10.176,112.3000,100
55162861515396,15:19:22.861,112.2800,112
55162864106644,15:19:22.864,112.3500,128
55162864145163,15:19:22.864,112.3700,100
55162865814873,15:19:22.865,112.3500,100
55162865828847,15:19:22.865,112.3500,34
55162865858073,15:19:22.865,112.3800,100
55164315453573,15:19:24.315,112.3800,100
55193913799631,15:19:53.913,112.3900,5
55194709594418,15:19:54.709,112.4200,13
55206564788554,15:20:06.564,112.4300,12
55206564788554,15:20:06.564,112.4300,1
55209767356181,15:20:09.767,112.4500,93
55260891011081,15:21:00.891,112.4600,5
55275893492068,15:21:15.893,112.4600,30
55290954399638,15:21:30.954,112.4600,1
55307898163827,15:21:47.898,112.3900,40
55307960653006,15:21:47.960,112.3800,100
55307961721197,15:21:47.961,112.3900,100
55307961721197,15:21:47.961,112.3900,3
55307964395876,15:21:47.964,112.4000,2
55307964645691,15:21:47.964,112.4200,2
55311949191110,15:21:51.949,112.4600,100
55311949262854,15:21:51.949,112.4600,1116
55311949313788,15:21:51.949,112.4600,8
55311949498420,15:21:51.949,112.4600,44
55311950386060,15:21:51.950,112.4600,10
55312903756378,15:21:52.903,112.4600,100
55313536456328,15:21:53.536,112.4600,100
55315014513284,15:21:55.014,112.4500,5
55315025602973,15:21:55.025,112.4600,95
55321356664492,15:22:01.356,112.4600,8
55322648730904,15:22:02.648,112.4600,283
55322648730904,15:22:02.648,112.4600,100
55322651674917,15:22:02.651,112.4500,100
55322651674917,15:22:02.651,112.4600,41
55339606990721,15:22:19.606,112.4600,14
55339606990721,15:22:19.606,112.4600,12
55387927341179,15:23:07.927,112.5500,16
55388228588500,15:23:08.228,112.5500,50
55391248822641,15:23:11.248,112.5500,34
55391248822641,15:23:11.248,112.5500,84
55391248831803,15:23:11.248,112.5500,16
55391248831803,15:23:11.248,112.5500,57
55391248867310,15:23:11.248,112.5500,43
55391249146317,15:23:11.249,112.5500,73
55394053360149,15:23:14.053,112.5600,100
55394053466257,15:23:14.053,112.5600,59
55394053507431,15:23:14.053,112.5600,41
55396458397668,15:23:16.458,112.5900,100
55423116532668,15:23:43.116,112.5600,27
55463597511786,15:24:23.597,112.6400,12
55496165748688,15:24:56.165,112.6200,15
55496165748688,15:24:56.165,112.6200,100
55497103714086,15:24:57.103,112.6700,5
55514101744262,15:25:14.101,112.6900,100
55514101785330,15:25:14.101,112.7000,17
55567565158820,15:26:07.565,112.6800,79
55567565175052,15:26:07.565,112.6800,21
55567565175052,15:26:07.565,112.6800,52
55567565184705,15:26:07.565,112.6800,48
55567565184705,15:26:07.565,112.6800,100
55567565429649,15:26:07.565,112.6700,89
55567565570301,15:26:07.565,112.6700,9
55567565624497,15:26:07.565,112.6700,8
55567565638546,15:26:07.565,112.6700,18
55603559545622,15:26:43.559,112.6300,100
55642920666392,15:27:22.920,112.5800,100
55642920695707,15:27:22.920,112.5700,100
55642922780174,15:27:22.922,112.5800,3
55642922805144,15:27:22.922,112.5800,97
55643876970598,15:27:23.876,112.5700,50
55646692828928,15:27:26.692,112.5800,158
55646692828928,15:27:26.692,112.5800,42
55646692872267,15:27:26.692,112.5800,58
55646692872267,15:27:26.692,112.5800,43
55646693028909,15:27:26.693,112.5800,5
55673126900613,15:27:53.126,112.5900,10
55673126900613,15:27:53.126,112.6600,77
55673126931392,15:27:53.126,112.6600,53
55673126931392,15:27:53.126,112.6600,57
55673126931392,15:27:53.126,112.6600,37
55673126932753,15:27:53.126,112.6600,63
55762603982372,15:29:22.603,112.6800,100
55797535078004,15:29:57.535,112.6400,100
55797535078004,15:29:57.535,112.6400,150
55797535116500,15:29:57.535,112.6400,100
55797535484596,15:29:57.535,112.6400,5
55797535495835,15:29:57.535,112.6400,8
55797535655648,15:29:57.535,112.6300,5
55813973590343,15:30:13.973,112.5400,6
55832725709864,15:30:32.725,112.4800,100
55832726042921,15:30:32.726,112.4700,39
55832726139654,15:30:32.726,112.4700,61
55833745259442,15:30:33.745,112.4400,68
55833745259442,15:30:33.745,112.4200,200
55836723779155,15:30:36.723,112.4100,15
55836723784741,15:30:36.723,112.4100,85
55836858965800,15:30:36.858,112.4000,116
55840637056304,15:30:40.637,112.3900,100
55840637060864,15:30:40.637,112.3900,100
55869004627587,15:31:09.004,112.3800,30
55869004872701,15:31:09.004,112.3800,30
55872217068626,15:31:12.217,112.4100,30
55881874766361,15:31:21.874,112.4100,2
55898564782934,15:31:38.564,112.4000,5
55898564782934,15:31:38.564,112.4000,95
55931269531879,15:32:11.269,112.3600,100
55931269557190,15:32:11.269,112.3600,24
55931270929575,15:32:11.270,112.3200,100
55962873597361,15:32:42.873,112.2700,39
55962873637444,15:32:42.873,112.2700,61
55980492255721,15:33:00.492,112.2400,1
56033268807734,15:33:53.268,112.1800,5
56033268807734,15:33:53.268,112.1900,200
56033268807734,15:33:53.268,112.2000,128
56033269047512,15:33:53.269,112.2000,2
56033269047512,15:33:53.269,112.2000,100
56033269047512,15:33:53.269,112.2000,3
56033269047512,15:33:53.269,112.2000,100
56033269969897,15:33:53.269,112.2200,98
56033269978617,15:33:53.269,112.2200,2
56033269978617,15:33:53.269,112.2200,100
56033269991424,15:33:53.269,112.2300,6
56033270381113,15:33:53.270,112.2400,5
56033270381113,15:33:53.270,112.2400,100
56033270381113,15:33:53.270,112.2400,95
56033270423088,15:33:53.270,112.2400,33
56033270810306,15:33:53.270,112.2600,5
56033271779930,15:33:53.271,112.2000,100
56033272757466,15:33:53.272,112.2300,3
56068083259926,15:34:28.083,112.2600,121
56119166025961,15:35:19.166,112.4500,100
56119166025961,15:35:19.166,112.4600,100
56171692852056,15:36:11.692,112.3500,10
56171692852056,15:36:11.692,112.3300,13
56171692852056,15:36:11.692,112.3300,87
56172401787352,15:36:12.401,112.3300,17
56172401837078,15:36:12.401,112.3300,53
56172401837078,15:36:12.401,112.3200,47
56172401840562,15:36:12.401,112.3200,17
56172401867021,15:36:12.401,112.3200,53
56188453096369,15:36:28.453,112.2800,100
56190203238723,15:36:30.203,112.2900,65
56190203253171,15:36:30.203,112.2900,35
56190203476847,15:36:30.203,112.3000,4
56190205918764,15:36:30.205,112.3100,5
56212426424266,15:36:52.426,112.3400,13
56220300482038,15:37:00.300,112.2900,100
56220300482038,15:37:00.300,112.2900,34
56240706152125,15:37:20.706,112.2800,100
56243234002201,15:37:23.234,112.3000,100
56243234002201,15:37:23.234,112.3000,100
56243234328616,15:37:23.234,112.3000,5
56243234842084,15:37:23.234,112.3100,30
56243235530375,15:37:23.235,112.3300,100
56243235929933,15:37:23.235,112.3400,17
56243235938498,15:37:23.235,112.3500,2
56243235946117,15:37:23.235,112.3500,83
56243236523284,15:37:23.236,112.3500,36
56252483908571,15:37:32.483,112.5100,100
56321357407290,15:38:41.357,112.4900,100
56324061070043,15:38:44.061,112.5000,18
56433810397095,15:40:33.810,112.6500,100
56433810422428,15:40:33.810,112.6500,5
56433810627386,15:40:33.810,112.6500,5
56469964966717,15:41:09.964,112.6500,62
56469964966717,15:41:09.964,112.6500,100
56469964966717,15:41:09.964,112.6500,38
56469965028648,15:41:09.965,112.6500,100
56469965581140,15:41:09.965,112.6600,33
56469965685222,15:41:09.965,112.6500,100
56469965840987,15:41:09.965,112.6500,67
56469965954337,15:41:09.965,112.6600,47
56469965990038,15:41:09.965,112.6600,20
56469965990038,15:41:09.965,112.6600,5
56469966240157,15:41:09.966,112.6800,25
56469966815482,15:41:09.966,112.6700,108
56469966854041,15:41:09.966,112.6700,5
56469995840996,15:41:09.995,112.6500,100
56487012621556,15:41:27.012,112.6900,200
56498798309985,15:41:38.798,112.6700,50
56498798336274,15:41:38.798,112.6700,54
56498798336274,15:41:38.798,112.6700,100
56498799240843,15:41:38.799,112.6500,110
56498799240843,15:41:38.799,112.6500,90
56498799275411,15:41:38.799,112.6500,10
56498799275411,15:41:38.799,112.6500,90
56498799281230,15:41:38.799,112.6500,10
56498799281230,15:41:38.799,112.6500,100
56498800158406,15:41:38.800,112.6500,100
56506582465377,15:41:46.582,112.6800,100
56506582465377,15:41:46.582,112.6800,8
56589765231287,15:43:09.765,112.6800,5
56589765231287,15:43:09.765,112.6900,95
56620754558406,15:43:40.754,112.6900,79
56620754558406,15:43:40.754,112.6900,4
56620754558406,15:43:40.754,112.6900,17
56662608472262,15:44:22.608,112.6700,100
56662608501071,15:44:22.608,112.6700,19
56662723810738,15:44:22.723,112.6700,4
56663105222059,15:44:23.105,112.6700,96
56663815179067,15:44:23.815,112.6400,4
56666091397468,15:44:26.091,112.6500,200
56672410248431,15:44:32.410,112.6300,34
56674068900876,15:44:34.068,112.6250,100
56677688697610,15:44:37.688,112.6500,100
56707946594993,15:45:07.946,112.6400,100
56708602779722,15:45:08.602,112.6300,2
56719175011641,15:45:19.175,112.6300,2
56731732103011,15:45:31.732,112.6400,103
56731732131051,15:45:31.732,112.6400,20
56731732131051,15:45:31.732,112.6400,80
56731732145627,15:45:31.732,112.6400,20
56731732581328,15:45:31.732,112.6500,99
56731732589448,15:45:31.732,112.6500,84
56731732589448,15:45:31.732,112.6500,16
56731734545525,15:45:31.734,112.6500,84
56731735301391,15:45:31.735,112.6500,7
56732530123838,15:45:32.530,112.6700,100
56737390608743,15:45:37.390,112.6700,15
56737390608743,15:45:37.390,112.6700,8
56813838415184,15:46:53.838,112.7100,5
56813838444288,15:46:53.838,112.7300,127
56814349919632,15:46:54.349,112.7500,171
56850064013936,15:47:30.064,112.7000,3
56850064041393,15:47:30.064,112.7000,100
56850064343431,15:47:30.064,112.7000,100
56850066711797,15:47:30.066,112.6800,6
56850067083458,15:47:30.067,112.6800,88
56850067108991,15:47:30.067,112.6800,6
56865627340062,15:47:45.627,112.6900,5
56865627375684,15:47:45.627,112.6900,10
56866853873209,15:47:46.853,112.6700,31
56882324260143,15:48:02.324,112.6800,7
56912291766988,15:48:32.291,112.6900,5
56912292634550,15:48:32.292,112.6700,30
56912293003683,15:48:32.293,112.6900,30
56912293003683,15:48:32.293,112.6900,10
56912293003683,15:48:32.293,112.6900,10
56912293003683,15:48:32.293,112.6900,30
56912293003683,15:48:32.293,112.6900,15
56912300819633,15:48:32.300,112.7000,4
56912300819633,15:48:32.300,112.7000,100
56912300819633,15:48:32.300,112.7000,96
56912361175481,15:48:32.361,112.6700,1
56916422195932,15:48:36.422,112.7000,4
56916422195932,15:48:36.422,112.7000,96
56919919438142,15:48:39.919,112.6700,3
56919919438142,15:48:39.919,112.6700,20
56930149981217,15:48:50.149,112.7000,4
56930149981217,15:48:50.149,112.7000,4
56930149981217,15:48:50.149,112.7000,86
56930149981217,15:48:50.149,112.7000,6
56930150060226,15:48:50.150,112.7000,94
56930150060226,15:48:50.150,112.7000,6
56930150295268,15:48:50.150,112.7000,100
56930150295268,15:48:50.150,112.7000,34
56930150332816,15:48:50.150,112.7000,51
56931666162679,15:48:51.666,112.7100,128
56931666162679,15:48:51.666,112.7100,4
56931666162679,15:48:51.666,112.7100,4
56931666162679,15:48:51.666,112.7100,20
56931667134981,15:48:51.667,112.7200,4
56939603158082,15:48:59.603,112.7400,100
56943909636308,15:49:03.909,112.7500,100
56943910903407,15:49:03.910,112.7500,11
56943910903407,15:49:03.910,112.7500,20
56946655584737,15:49:06.655,112.7500,4
56949409734578,15:49:09.409,112.7500,1
56949409734578,15:49:09.409,112.7600,25
56952164419999,15:49:12.164,112.7600,75
56952165081672,15:49:12.165,112.7700,2
56953764923224,15:49:13.764,112.8000,100
56970818282326,15:49:30.818,112.8200,74
56970818282326,15:49:30.818,112.8300,26
56972940896338,15:49:32.940,112.8300,1
56972940949391,15:49:32.940,112.8300,6
56972940949391,15:49:32.940,112.8300,4
56972948657238,15:49:32.948,112.8500,89
56979678408428,15:49:39.678,112.8400,5
56979678408428,15:49:39.678,112.8400,9
56979690234379,15:49:39.690,112.8600,86
57003745295875,15:50:03.745,112.8900,40
57003745295875,15:50:03.745,112.8900,112
57003745295875,15:50:03.745,112.8900,48
57005045814644,15:50:05.045,112.8900,52
57005045814644,15:50:05.045,112.8900,2
57005045814644,15:50:05.045,112.8900,46
57005933070372,15:50:05.933,112.8900,54
57005933070372,15:50:05.933,112.8900,46
57006335625565,15:50:06.335,112.8900,3
57008678578128,15:50:08.678,112.8900,20
57008678609699,15:50:08.678,112.8900,38
57008678609699,15:50:08.678,112.8900,2
57009934769361,15:50:09.934,112.8900,3
57015436358708,15:50:15.436,112.8900,1
57015436358708,15:50:15.436,112.8900,99
57018549600956,15:50:18.549,112.8500,8
57024612957658,15:50:24.612,112.8900,1
57024612957658,15:50:24.612,112.8900,74
57026462576329,15:50:26.462,112.8900,1
57029190236886,15:50:29.190,112.9000,1
57034568222688,15:50:34.568,112.9300,2
57034568222688,15:50:34.568,112.9300,98
57045696260883,15:50:45.696,112.9300,100
57067014721332,15:51:07.014,112.8900,100
57067016222132,15:51:07.016,112.8900,100
57067017447011,15:51:07.017,112.8700,100
57075990921562,15:51:15.990,112.8400,100
57075990921562,15:51:15.990,112.8500,10
57075990921562,15:51:15.990,112.8500,90
57075991006390,15:51:15.991,112.8500,10
57075991006390,15:51:15.991,112.8500,90
57077964030510,15:51:17.964,112.8500,100
57102726373488,15:51:42.726,112.8500,100
57111740388954,15:51:51.740,112.8600,3
57111740388954,15:51:51.740,112.8600,97
57116469952978,15:51:56.469,112.8200,100
57116486876695,15:51:56.486,112.8200,200
57142967159057,15:52:22.967,112.8000,100
57142967183345,15:52:22.967,112.8000,100
57142967183345,15:52:22.967,112.7900,3
57143962239758,15:52:23.962,112.7900,2
57143962239758,15:52:23.962,112.7900,48
57143962265533,15:52:23.962,112.7900,52
57143965230345,15:52:23.965,112.7900,47
57143965663902,15:52:23.965,112.7900,53
57160193349030,15:52:40.193,112.7800,100
57161254230195,15:52:41.254,112.7700,70
57169956286616,15:52:49.956,112.6800,100
57169957047248,15:52:49.957,112.6800,100
57169957334170,15:52:49.957,112.6800,100
57183247612470,15:53:03.247,112.7500,99
57191501167408,15:53:11.501,112.7500,9
57191501167408,15:53:11.501,112.7500,90
57194343302946,15:53:14.343,112.7500,10
57194343302946,15:53:14.343,112.7500,84
57197001645784,15:53:17.001,112.7300,100
57197764572718,15:53:17.764,112.7400,100
57197764572718,15:53:17.764,112.7400,25
57200528842423,15:53:20.528,112.7500,42
57200528842423,15:53:20.528,112.7500,58
57200528879379,15:53:20.528,112.7500,7
57216259605980,15:53:36.259,112.8100,10
57216259605980,15:53:36.259,112.8300,90
57222510668854,15:53:42.510,112.8300,10
57222514710907,15:53:42.514,112.8400,100
57222514710907,15:53:42.514,112.8400,90
57222537560504,15:53:42.537,112.8400,19
57230088777729,15:53:50.088,112.8100,1
57230088804100,15:53:50.088,112.8100,2
57230091624158,15:53:50.091,112.8000,100
57230091624158,15:53:50.091,112.8000,55
57230091672796,15:53:50.091,112.8000,45
57230449308736,15:53:50.449,112.7800,100
57230449674513,15:53:50.449,112.7600,100
57230650695774,15:53:50.650,112.7500,100
57231711286673,15:53:51.711,112.7100,30
57232923641937,15:53:52.923,112.7600,100
57272046925393,15:54:32.046,112.8000,82
57278320896382,15:54:38.320,112.7600,100
57282225914849,15:54:42.225,112.7900,51
57282225969960,15:54:42.225,112.8000,45
57288295830647,15:54:48.295,112.8000,6
57288295830647,15:54:48.295,112.8000,94
57288295932930,15:54:48.295,112.8000,18
57288295932930,15:54:48.295,112.8000,50
57300089578079,15:55:00.089,112.8300,88
57300089616344,15:55:00.089,112.8300,24
57300089616344,15:55:00.089,112.8300,100
57300089616344,15:55:00.089,112.8300,1
57300089616344,15:55:00.089,112.8300,18
57300089696968,15:55:00.089,112.8400,1
57340048391500,15:55:40.048,112.8300,2
57340049618464,15:55:40.049,112.8300,100
57340052159663,15:55:40.052,112.8300,76
57340052199035,15:55:40.052,112.8300,24
57346305306756,15:55:46.305,112.9000,100
57346305306756,15:55:46.305,112.9000,100
57346305306756,15:55:46.305,112.9000,100
57346305766993,15:55:46.305,112.8600,100
57352057855110,15:55:52.057,112.9000,18
57357323598746,15:55:57.323,112.9100,1
57357323598746,15:55:57.323,112.9100,19
57357324273513,15:55:57.324,112.9300,200
57368650572930,15:56:08.650,112.8700,200
57368651330345,15:56:08.651,112.8700,66
57368679561392,15:56:08.679,112.9200,34
57373819365828,15:56:13.819,112.9200,17
57374691854494,15:56:14.691,112.9300,1
57401322732702,15:56:41.322,112.8400,100
57401322814490,15:56:41.322,112.8550,100
57401328898368,15:56:41.328,112.8800,100
57401815080013,15:56:41.815,112.8500,100
57406827454529,15:56:46.827,112.8900,100
57406849703627,15:56:46.849,112.8900,20
57406849703627,15:56:46.849,112.8900,18
57406850899939,15:56:46.850,112.9100,1
57420582602302,15:57:00.582,112.9300,81
57421629526923,15:57:01.629,112.9300,19
57421629526923,15:57:01.629,112.9300,2
57421629526923,15:57:01.629,112.9400,2
57421629526923,15:57:01.629,112.9500,77
57431031331287,15:57:11.031,112.8700,100
57431031370898,15:57:11.031,112.8800,8
57431031505929,15:57:11.031,112.8800,92
57434348803610,15:57:14.348,112.8700,57
57434348803610,15:57:14.348,112.8700,8
57435722209260,15:57:15.722,112.8800,10
57435722468952,15:57:15.722,112.8800,8
57437089728765,15:57:17.089,112.9100,100
57450842223013,15:57:30.842,112.8900,77
57450843369395,15:57:30.843,112.8800,1
57450843950877,15:57:30.843,112.9100,1
57452538680165,15:57:32.538,112.8900,73
57453095951473,15:57:33.095,112.8900,100
57453096562153,15:57:33.096,112.8900,80
57453096562153,15:57:33.096,112.8800,184
57463957093515,15:57:43.957,112.9000,100
57467208431676,15:57:47.208,112.8600,100
57470098145418,15:57:50.098,112.9000,1
57470098145418,15:57:50.098,112.9000,5
57470098326250,15:57:50.098,112.9000,93
57470100123520,15:57:50.100,112.9000,2
57481311439813,15:58:01.311,112.8500,3
57483119382475,15:58:03.119,112.8800,100
57483855887088,15:58:03.855,112.8800,100
57483855933221,15:58:03.855,112.8600,30
57483856158360,15:58:03.856,112.8700,8
57484335512858,15:58:04.335,112.8800,27
57485618003898,15:58:05.618,112.9100,100
57492069337167,15:58:12.069,112.8600,34
57492069362550,15:58:12.069,112.8600,54
57492069575936,15:58:12.069,112.8600,12
57492069575936,15:58:12.069,112.8600,88
57492069666324,15:58:12.069,112.8600,12
57494364770721,15:58:14.364,112.8600,50
57494364992431,15:58:14.364,112.8400,8
57494365202622,15:58:14.365,112.8400,40
57496971827738,15:58:16.971,112.8600,16
57496972001107,15:58:16.972,112.8600,84
57496972515261,15:58:16.972,112.8500,15
57496972660062,15:58:16.972,112.8600,15
57496972660062,15:58:16.972,112.8600,10
57496972660062,15:58:16.972,112.8600,9
57496995782746,15:58:16.995,112.8600,1
57505489489881,15:58:25.489,112.8500,22
57511017476034,15:58:31.017,112.8400,33
57511017599427,15:58:31.017,112.8400,19
57524201451631,15:58:44.201,112.8500,100
57524202510314,15:58:44.202,112.8300,1
57529238808062,15:58:49.238,112.8300,66
57529239113263,15:58:49.239,112.8300,33
57529317628144,15:58:49.317,112.8300,20
57529317860480,15:58:49.317,112.8300,15
57530407343943,15:58:50.407,112.7100,33
57530407386002,15:58:50.407,112.7100,19
57530407435003,15:58:50.407,112.7100,48
57530414136976,15:58:50.414,112.7100,100
57542137839010,15:59:02.137,112.6600,23
57542137839010,15:59:02.137,112.6600,77
57548035686727,15:59:08.035,112.6900,50
57548035757365,15:59:08.035,112.6900,41
57548036183970,15:59:08.036,112.6900,7
57548695231793,15:59:08.695,112.6900,80
57551183713646,15:59:11.183,112.7000,100
57551350604369,15:59:11.350,112.7200,100
57551350708100,15:59:11.350,112.7200,100
57551350708100,15:59:11.350,112.7200,100
57551350708100,15:59:11.350,112.7200,61
57551351327294,15:59:11.351,112.7200,39
57554630512983,15:59:14.630,112.6850,46
57554630512983,15:59:14.630,112.6850,4
57558617099612,15:59:18.617,112.6850,36
57558617099612,15:59:18.617,112.6850,64
57558617099612,15:59:18.617,112.6900,100
57558617099612,15:59:18.617,112.6900,100
57558617099612,15:59:18.617,112.6900,79
57558617866921,15:59:18.617,112.6900,21
57558617866921,15:59:18.617,112.6900,61
57558617866921,15:59:18.617,112.6900,18
57558617866921,15:59:18.617,112.6900,39
57558617895533,15:59:18.617,112.6900,64
57565091045391,15:59:25.091,112.6900,100
57567383503717,15:59:27.383,112.7000,100
57567383503717,15:59:27.383,112.7000,18
57577137803268,15:59:37.137,112.6950,4
57577137803268,15:59:37.137,112.6950,36
57578095514313,15:59:38.095,112.6500,1
57583896431261,15:59:43.896,112.6500,99
57593382664567,15:59:53.382,112.6900,100
57593382664567,15:59:53.382,112.6900,100
57593385269294,15:59:53.385,112.6900,50
57600590474329,16:00:00.590,0.0000,0
61251047988857,17:00:51.047,113.4000,100
63302795186503,17:35:02.795,113.4000,5
