timestamp,time,price,volume
32643686536150,09:04:03.686,289.0800,1
33331047763681,09:15:31.047,289.0800,11
34199965049445,09:29:59.965,290.2500,17
34200016236402,09:30:00.016,290.2500,10
34200908158645,09:30:00.908,290.2800,4578
34200991787315,09:30:00.991,290.2500,30
34221170213063,09:30:21.170,290.2100,27
34221170294983,09:30:21.170,290.0000,30
34221225084775,09:30:21.225,290.0100,100
34221225141696,09:30:21.225,290.0000,100
34221225227237,09:30:21.225,290.0000,100
34272394632315,09:31:12.394,290.4900,17
34314137658248,09:31:54.137,290.4100,100
34359240782905,09:32:39.240,290.5300,50
34359240782905,09:32:39.240,290.6100,50
34359511118222,09:32:39.511,290.6100,50
34359511118222,09:32:39.511,290.6100,12
34360545333751,09:32:40.545,290.6100,51
34360545391851,09:32:40.545,290.6100,100
34478275127449,09:34:38.275,290.5000,200
34478275137988,09:34:38.275,290.5000,28
34478275146449,09:34:38.275,290.5000,29
34478275147999,09:34:38.275,290.5000,28
34478275153568,09:34:38.275,290.5000,315
34478275532052,09:34:38.275,290.5300,35
34478275631055,09:34:38.275,290.2200,4
34478275631055,09:34:38.275,290.2200,5
34478275678980,09:34:38.275,290.4500,15
34478275678980,09:34:38.275,290.6800,25
34478275763672,09:34:38.275,290.5000,25
34478275887592,09:34:38.275,290.1800,1
34478275887592,09:34:38.275,290.1700,17
34478275966452,09:34:38.275,290.0200,3
34478275972979,09:34:38.275,290.0200,20
34478275997012,09:34:38.275,290.1800,1
34478276004721,09:34:38.276,290.2200,1
34478276799968,09:34:38.276,290.2200,98
34478286663861,09:34:38.286,290.0200,77
34478287217574,09:34:38.287,289.9000,6
34478287334590,09:34:38.287,290.0100,100
34500102587146,09:35:00.102,290.1300,35
34500102587146,09:35:00.102,290.1800,2
34503732637721,09:35:03.732,290.1300,35
34503732957286,09:35:03.732,290.1800,35
34525102895213,09:35:25.102,290.5900,5
34664889909319,09:37:44.889,290.0400,100
34664889909319,09:37:44.889,290.0400,69
34664889937519,09:37:44.889,290.0400,40
34664889946944,09:37:44.889,290.0400,60
34664889950092,09:37:44.889,290.0200,100
34664890404216,09:37:44.890,290.0200,1
34664890607893,09:37:44.890,289.7400,100
34665772553602,09:37:45.772,290.0100,17
34706204116895,09:38:26.204,289.8100,100
34706204116895,09:38:26.204,289.8100,100
34708554121191,09:38:28.554,289.5600,58
34708554121191,09:38:28.554,289.5600,42
34708554153236,09:38:28.554,289.5600,58
34708554160872,09:38:28.554,289.5100,94
34708554193852,09:38:28.554,289.5100,6
34708554207403,09:38:28.554,289.5100,100
34708554242291,09:38:28.554,289.5600,33
34708554256297,09:38:28.554,289.5600,9
34775684662492,09:39:35.684,289.2800,1
34785348079180,09:39:45.348,289.8100,82
34785348130450,09:39:45.348,289.8100,1
34785348130450,09:39:45.348,289.8100,85
34785348130450,09:39:45.348,289.8200,14
34785348136222,09:39:45.348,289.8200,45
34785348136222,09:39:45.348,289.8400,7
34785348243015,09:39:45.348,289.8400,11
34785348270429,09:39:45.348,289.8400,42
34785348487676,09:39:45.348,289.8500,11
34785348551710,09:39:45.348,289.8500,89
34785348601968,09:39:45.348,289.8500,11
34785348606126,09:39:45.348,289.8500,11
34785348615030,09:39:45.348,289.8500,5
34785348655458,09:39:45.348,289.8500,40
34785348671889,09:39:45.348,289.8500,35
34785349396573,09:39:45.349,290.0100,1
34785349449391,09:39:45.349,290.0100,1
34785349501441,09:39:45.349,290.0100,1
34785349537748,09:39:45.349,290.0100,1
34785349554176,09:39:45.349,290.0100,1
34785349604228,09:39:45.349,290.0200,1
34785349661265,09:39:45.349,289.8500,9
34846145659543,09:40:46.145,289.9100,5
34846145667137,09:40:46.145,289.9100,14
34857809323420,09:40:57.809,290.4100,100
34930659669301,09:42:10.659,290.2100,5
34930659669301,09:42:10.659,290.1700,4
34930659676556,09:42:10.659,290.1700,5
34930659676556,09:42:10.659,290.1600,95
34930659707941,09:42:10.659,290.1600,5
34930660298320,09:42:10.660,290.1400,100
34934175692337,09:42:14.175,289.8400,100
34936969535371,09:42:16.969,289.6300,63
34959885021624,09:42:39.885,290.1100,3
35047537008720,09:44:07.537,289.6400,5
35047537008720,09:44:07.537,289.6200,38
35047537037501,09:44:07.537,289.6200,62
35047537111483,09:44:07.537,289.4400,2
35074057264271,09:44:34.057,289.2500,12
35083242675789,09:44:43.242,289.2500,88
35083242675789,09:44:43.242,289.2500,1
35093585319291,09:44:53.585,288.8100,18
35167110453627,09:46:07.110,288.6800,119
35167124620332,09:46:07.124,288.6700,4
35167124620332,09:46:07.124,288.6700,15
35313424775666,09:48:33.424,288.6600,4
35313424775666,09:48:33.424,288.6600,100
35313425360601,09:48:33.425,288.5300,100
35322166006925,09:48:42.166,288.3800,100
35322166006925,09:48:42.166,288.3300,1
35330666207884,09:48:50.666,288.3300,27
35330666220255,09:48:50.666,288.3300,57
35330666238748,09:48:50.666,288.3300,15
35330666238748,09:48:50.666,288.3300,1
35330666278912,09:48:50.666,288.3200,18
35330666303804,09:48:50.666,288.3200,82
35339916406156,09:48:59.916,288.0300,4
35358521627835,09:49:18.521,288.2000,1
35358538434064,09:49:18.538,288.2000,24
35362287476402,09:49:22.287,288.1200,39
35431241452816,09:50:31.241,288.0800,100
35432034165468,09:50:32.034,288.0700,100
35434554110546,09:50:34.554,288.0200,100
35434554206493,09:50:34.554,288.0100,19
35434554243559,09:50:34.554,288.0100,81
35434554271606,09:50:34.554,288.0000,150
35434977538529,09:50:34.977,287.9100,100
35448896484024,09:50:48.896,288.1200,100
35448896484024,09:50:48.896,288.1200,100
35448927314872,09:50:48.927,288.1200,40
35448927314872,09:50:48.927,288.1200,60
35449000094261,09:50:49.000,288.2800,80
35449000107651,09:50:49.000,288.2800,20
35449000128974,09:50:49.000,288.2800,11
35449000134433,09:50:49.000,288.2800,89
35449000134433,09:50:49.000,288.2800,19
35449000144196,09:50:49.000,288.2800,50
35449000164063,09:50:49.000,288.2800,31
35449000164063,09:50:49.000,288.2800,60
35449000241513,09:50:49.000,288.2800,40
35449000918659,09:50:49.000,288.2400,25
35450418194851,09:50:50.418,288.3600,2
35451179495019,09:50:51.179,288.2100,100
35451179495019,09:50:51.179,288.2100,85
35451179495019,09:50:51.179,288.1900,300
35451179495019,09:50:51.179,288.1800,100
35451179495019,09:50:51.179,288.1800,85
35451179495019,09:50:51.179,288.1800,130
35451179569557,09:50:51.179,288.1800,185
35451179580136,09:50:51.179,288.1800,185
35451179582709,09:50:51.179,288.1800,100
35451179586416,09:50:51.179,288.1800,185
35451179587919,09:50:51.179,288.1800,185
35451179620368,09:50:51.179,288.1800,185
35475939473338,09:51:15.939,288.1500,100
35594297022850,09:53:14.297,288.2500,100
35594297048881,09:53:14.297,288.2500,8
35595118280156,09:53:15.118,288.1500,91
35595118309551,09:53:15.118,288.1500,9
35595247000739,09:53:15.247,288.1400,100
35617568953785,09:53:37.568,288.2900,18
35766936920635,09:56:06.936,288.1000,1
35766937591579,09:56:06.937,288.1000,100
35766937591579,09:56:06.937,288.0100,100
35771434170291,09:56:11.434,287.6600,100
35774118639846,09:56:14.118,287.6500,61
35774118667783,09:56:14.118,287.6500,39
35774118667783,09:56:14.118,287.6500,100
35774119209102,09:56:14.119,287.6400,10
35803974940214,09:56:43.974,287.5400,100
35825899910104,09:57:05.899,287.6000,10
35825899936130,09:57:05.899,287.6000,90
35825900469612,09:57:05.900,287.5900,1
35825900523459,09:57:05.900,287.5900,11
35875499622555,09:57:55.499,287.8500,1
35881886952647,09:58:01.886,287.5400,5
35883113350604,09:58:03.113,287.6900,20
35906715463634,09:58:26.715,287.2600,4
35906715498818,09:58:26.715,287.2000,1
35906715498818,09:58:26.715,287.1800,54
35909886769513,09:58:29.886,287.4200,80
35909886769513,09:58:29.886,287.4200,100
35909886769513,09:58:29.886,287.4300,10
35909886769513,09:58:29.886,287.4300,90
35909886769513,09:58:29.886,287.4500,20
35909907812387,09:58:29.907,287.4500,80
35909908375221,09:58:29.908,287.4500,100
35909909798707,09:58:29.909,287.4500,41
35909917726576,09:58:29.917,287.4800,30
35909956724242,09:58:29.956,287.5500,49
35910025292624,09:58:30.025,287.4600,100
35910025292624,09:58:30.025,287.4600,50
35941339768751,09:59:01.339,287.1000,10
35941339796321,09:59:01.339,287.1000,90
35941339796321,09:59:01.339,287.1000,10
35962567261621,09:59:22.567,287.2500,100
35962567296143,09:59:22.567,287.2500,200
36000104178450,10:00:00.104,287.4600,10
36000104178450,10:00:00.104,287.4600,75
36000104178450,10:00:00.104,287.4900,10
36000104178450,10:00:00.104,287.4900,5
36000104212426,10:00:00.104,287.4900,95
36000104212426,10:00:00.104,287.4900,51
36000104321467,10:00:00.104,287.5300,100
36000778866089,10:00:00.778,287.6300,100
36000935646221,10:00:00.935,287.5600,10
36005218322095,10:00:05.218,287.5800,90
36005218322095,10:00:05.218,287.5200,10
36005218492362,10:00:05.218,287.5100,100
36005218492362,10:00:05.218,287.5100,82
36005218521312,10:00:05.218,287.5100,18
36005218521312,10:00:05.218,287.5100,87
36005218521312,10:00:05.218,287.5100,20
36005218521312,10:00:05.218,287.5100,100
36005218521312,10:00:05.218,287.5100,100
36005218521312,10:00:05.218,287.5100,13
36005218617913,10:00:05.218,287.5100,13
36005218921459,10:00:05.218,287.5100,86
36005219056049,10:00:05.219,287.5100,13
36010875715379,10:00:10.875,287.5200,100
36010875715379,10:00:10.875,287.5200,1
36010875715379,10:00:10.875,287.5200,87
36010875715379,10:00:10.875,287.5200,12
36010875746487,10:00:10.875,287.5200,88
36010875746487,10:00:10.875,287.5200,13
36010875746487,10:00:10.875,287.5200,44
36010875780215,10:00:10.875,287.5200,42
36010875780215,10:00:10.875,287.5200,13
36010875780215,10:00:10.875,287.5200,87
36010875780215,10:00:10.875,287.5200,1
36010875827697,10:00:10.875,287.5200,12
36010875827697,10:00:10.875,287.5200,13
36010875877981,10:00:10.875,287.5200,50
36010876209871,10:00:10.876,287.5200,38
36010876209871,10:00:10.876,287.5200,44
36010876209871,10:00:10.876,287.5200,42
36010876209871,10:00:10.876,287.5200,78
36011630231679,10:00:11.630,287.5300,1
36024141094666,10:00:24.141,287.5300,7
36024141181855,10:00:24.141,287.5300,93
36024141181855,10:00:24.141,287.5200,9
36024141181855,10:00:24.141,287.5200,13
36024141181855,10:00:24.141,287.5200,1
36024141181855,10:00:24.141,287.5200,12
36024141181855,10:00:24.141,287.5200,13
36024141181855,10:00:24.141,287.5200,81
36024141263282,10:00:24.141,287.5200,13
36024141263282,10:00:24.141,287.5200,42
36024141263282,10:00:24.141,287.5200,38
36028588859645,10:00:28.588,287.8300,1
36028588874481,10:00:28.588,287.8300,54
36028588887603,10:00:28.588,287.8300,45
36028588887603,10:00:28.588,287.8300,55
36028588898194,10:00:28.588,287.8300,37
36028588960679,10:00:28.588,287.8300,13
36028588990645,10:00:28.588,287.8400,100
36028589060018,10:00:28.589,287.8400,47
36039659881662,10:00:39.659,288.2400,100
36039659970788,10:00:39.659,288.2400,44
36039659970788,10:00:39.659,288.2400,12
36039659970788,10:00:39.659,288.2400,1
36039659970788,10:00:39.659,288.2400,3
36039660040532,10:00:39.660,288.2400,1
36039660078272,10:00:39.660,288.2400,90
36039660078272,10:00:39.660,288.2400,9
36039660078272,10:00:39.660,288.2400,26
36039660078272,10:00:39.660,288.2400,42
36059294015122,10:00:59.294,288.1600,4
36109769748001,10:01:49.769,288.2300,100
36109769748001,10:01:49.769,288.1800,100
36109769782065,10:01:49.769,288.1700,100
36109769814860,10:01:49.769,288.2300,100
36109769888468,10:01:49.769,288.1600,100
36136392311464,10:02:16.392,288.1600,100
36136392378047,10:02:16.392,288.1600,20
36136392378047,10:02:16.392,288.1600,80
36136392427117,10:02:16.392,288.1600,6
36136800205669,10:02:16.800,288.1600,14
36136800205669,10:02:16.800,288.1600,86
36136800260677,10:02:16.800,288.1600,14
36136800260677,10:02:16.800,288.1600,86
36136800267545,10:02:16.800,288.1600,14
36136800891069,10:02:16.800,288.1600,100
36136800891069,10:02:16.800,288.1600,100
36138534644211,10:02:18.534,288.1600,100
36138534644211,10:02:18.534,288.1600,100
36138535219437,10:02:18.535,288.1600,100
36138535695396,10:02:18.535,288.1600,1
36138535744787,10:02:18.535,288.1600,99
36138535744787,10:02:18.535,288.1600,100
36138535744787,10:02:18.535,288.1600,401
36138535749735,10:02:18.535,288.1600,99
36138536034268,10:02:18.536,288.1200,1
36138536036764,10:02:18.536,288.1700,4
36138536614300,10:02:18.536,288.1600,100
36187868129938,10:03:07.868,288.3700,19
36196745401256,10:03:16.745,288.0300,100
36196750979432,10:03:16.750,287.9900,100
36196751480450,10:03:16.751,288.0700,15
36196753122959,10:03:16.753,287.9500,2
36196771132516,10:03:16.771,287.9100,100
36196774727870,10:03:16.774,287.9000,10
36196774776411,10:03:16.774,287.9000,90
36196774776411,10:03:16.774,287.8500,10
36196775774052,10:03:16.775,287.7750,100
36196775774052,10:03:16.775,287.7750,100
36206955569387,10:03:26.955,287.3700,39
36206955655705,10:03:26.955,287.3700,2
36277401293731,10:04:37.401,287.4600,1
36287843295523,10:04:47.843,287.4600,1
36287843295523,10:04:47.843,287.4300,4
36287843836434,10:04:47.843,287.4400,96
36288639068241,10:04:48.639,287.4100,38
36288639121316,10:04:48.639,287.4000,100
36308050841071,10:05:08.050,287.1900,10
36332547427293,10:05:32.547,287.5800,75
36332547427293,10:05:32.547,287.6000,25
36337717280540,10:05:37.717,287.6100,100
36337717317414,10:05:37.717,287.6100,44
36337717350043,10:05:37.717,287.6100,27
36375679935041,10:06:15.679,287.1400,100
36375679935041,10:06:15.679,287.1200,100
36375679935041,10:06:15.679,287.0900,100
36375714081477,10:06:15.714,287.0700,22
36375714081477,10:06:15.714,287.0700,85
36375714081477,10:06:15.714,287.0700,100
36375714171604,10:06:15.714,287.0600,10
36375717623492,10:06:15.717,287.0100,92
36375717624711,10:06:15.717,287.0100,50
36375717629963,10:06:15.717,287.0100,50
36375717651654,10:06:15.717,287.0100,100
36375717659140,10:06:15.717,287.0100,208
36375718097028,10:06:15.718,286.9200,6
36375718130080,10:06:15.718,286.9200,81
36375718169507,10:06:15.718,286.9200,13
36377085646774,10:06:17.085,286.7000,34
36377086109782,10:06:17.086,286.6600,5
36380120057408,10:06:20.120,286.6500,10
36380120074078,10:06:20.120,286.5700,1
36469587194413,10:07:49.587,286.7700,13
36486083372926,10:08:06.083,286.5700,1
36486083372926,10:08:06.083,286.5600,92
36489084262392,10:08:09.084,286.5600,85
36508955257779,10:08:28.955,286.7200,10
36520327502090,10:08:40.327,286.7700,13
36520327502090,10:08:40.327,286.7500,87
36520327579858,10:08:40.327,286.7500,13
36520327579858,10:08:40.327,286.7500,7
36538630769036,10:08:58.630,286.8000,15
36552796218704,10:09:12.796,286.6000,100
36554300557142,10:09:14.300,286.5400,10
36563268631002,10:09:23.268,286.8700,18
36563268631002,10:09:23.268,286.9000,82
36578398856855,10:09:38.398,286.9100,100
36578399934892,10:09:38.399,286.9100,2
36591054882478,10:09:51.054,286.7100,100
36591054882478,10:09:51.054,286.6600,100
36591059393332,10:09:51.059,286.6500,3
36597932583390,10:09:57.932,286.6700,100
36597932583390,10:09:57.932,286.6700,13
36608276032233,10:10:08.276,286.6600,10
36608276032233,10:10:08.276,286.6300,13
36608276032233,10:10:08.276,286.6200,13
36608276032233,10:10:08.276,286.6100,13
36608276032233,10:10:08.276,286.5200,34
36608276032233,10:10:08.276,286.5000,4
36619618192927,10:10:19.618,286.6000,10
36646571370620,10:10:46.571,286.6700,100
36646571725172,10:10:46.571,286.6600,3
36646571780593,10:10:46.571,286.6600,7
36652981676390,10:10:52.981,286.8600,6
36666470135937,10:11:06.470,286.6100,10
36671024607171,10:11:11.024,286.9000,100
36671323589770,10:11:11.323,286.9200,3
36671323589770,10:11:11.323,286.9300,100
36671323631468,10:11:11.323,286.9400,46
36671323705675,10:11:11.323,286.9400,54
36671755535766,10:11:11.755,286.9300,5
36671756611930,10:11:11.756,286.9500,15
36681179281184,10:11:21.179,286.7800,7
36695062804983,10:11:35.062,286.6000,5
36695066671568,10:11:35.066,286.6200,100
36695066671568,10:11:35.066,286.6100,100
36710433659214,10:11:50.433,286.9500,3
36710433659214,10:11:50.433,286.9500,97
36710433700110,10:11:50.433,286.9600,23
36710433706339,10:11:50.433,286.9600,50
36710433993488,10:11:50.433,286.9600,27
36710435442860,10:11:50.435,286.9800,21
36710435496920,10:11:50.435,286.8600,15
36710435701866,10:11:50.435,286.9300,26
36710435865692,10:11:50.435,286.8600,26
36710436479423,10:11:50.436,286.9300,20
36710436479423,10:11:50.436,286.9300,4
36719671801043,10:11:59.671,286.9800,100
36722357631560,10:12:02.357,286.9800,100
36722357631560,10:12:02.357,287.0000,81
36722357660039,10:12:02.357,287.0000,19
36722357660039,10:12:02.357,287.0000,71
36722357660039,10:12:02.357,287.0000,10
36722389543397,10:12:02.389,287.1500,100
36722389543397,10:12:02.389,287.1500,100
36722389543397,10:12:02.389,287.1500,100
36730080968000,10:12:10.080,287.2700,100
36756198788754,10:12:36.198,287.0900,7
36773306395636,10:12:53.306,287.1500,5
36774331808669,10:12:54.331,287.0100,10
36790024797319,10:13:10.024,287.0100,25
36817151036144,10:13:37.151,287.0100,52
36860605073256,10:14:20.605,287.0100,13
36860605073256,10:14:20.605,286.9400,39
36860605148255,10:14:20.605,286.9400,11
36860605148255,10:14:20.605,286.9400,2
36860605152927,10:14:20.605,286.9400,31
36860605152927,10:14:20.605,286.9300,11
36860605167537,10:14:20.605,286.9300,31
36860605167537,10:14:20.605,286.9200,54
36860605237451,10:14:20.605,286.9200,27
36860605311011,10:14:20.605,286.9200,11
36860605370003,10:14:20.605,286.9200,8
36860605370003,10:14:20.605,286.9200,92
36860605380511,10:14:20.605,286.9200,8
36860605485045,10:14:20.605,286.9100,10
36869827523095,10:14:29.827,286.9700,1
36894040698431,10:14:54.040,286.8200,10
36911066879556,10:15:11.066,286.8100,100
36911067370409,10:15:11.067,286.8000,100
36917950361330,10:15:17.950,286.7000,95
36917950434215,10:15:17.950,286.7000,5
36917950434215,10:15:17.950,286.7000,95
36941517149170,10:15:41.517,286.8000,1
36941517179977,10:15:41.517,286.8100,3
36969009240041,10:16:09.009,286.8100,7
36969009240041,10:16:09.009,286.8100,41
36971327634727,10:16:11.327,286.7000,7
36971331338054,10:16:11.331,286.7000,4
36976630154080,10:16:16.630,286.7000,9
36979327286438,10:16:19.327,286.7000,14
36979330374566,10:16:19.330,286.7000,7
36979330618972,10:16:19.330,286.7000,7
37002992766265,10:16:42.992,286.9000,3
37002993037297,10:16:42.993,286.8000,100
37002994235236,10:16:42.994,286.9100,100
37002998666652,10:16:42.998,286.9300,100
37014183799027,10:16:54.183,286.6800,100
37070808930301,10:17:50.808,286.9200,100
37070808930301,10:17:50.808,286.9300,100
37070824777832,10:17:50.824,286.9300,100
37070855707298,10:17:50.855,286.9300,100
37075100934557,10:17:55.100,286.8900,100
37075110070998,10:17:55.110,286.7600,100
37075115593953,10:17:55.115,286.8300,30
37075115593953,10:17:55.115,286.8500,70
37075129115354,10:17:55.129,286.8900,100
37075157768862,10:17:55.157,286.9000,100
37076328212878,10:17:56.328,287.0500,10
37076994916195,10:17:56.994,286.9100,40
37076995839258,10:17:56.995,286.9100,40
37109504905389,10:18:29.504,286.7600,100
37109504935087,10:18:29.504,286.7300,10
37144548598713,10:19:04.548,286.6100,10
37182281760931,10:19:42.281,286.7200,100
37182281760931,10:19:42.281,286.7200,38
37206990387696,10:20:06.990,286.8900,10
37206990387696,10:20:06.990,286.8900,3
37208096458167,10:20:08.096,286.8900,100
37211396665513,10:20:11.396,286.8900,100
37315950931463,10:21:55.950,286.8100,10
37315951793130,10:21:55.951,286.7400,100
37315951823040,10:21:55.951,286.7200,100
37331613685185,10:22:11.613,286.7400,100
37331613685185,10:22:11.613,286.7400,14
37331614220949,10:22:11.614,286.7500,6
37331614244914,10:22:11.614,286.7500,94
37331614744993,10:22:11.614,286.8800,100
37373879059987,10:22:53.879,286.7200,100
37374110358968,10:22:54.110,286.6700,39
37378227399842,10:22:58.227,286.6700,61
37378227399842,10:22:58.227,286.5600,39
37412501332335,10:23:32.501,286.9100,60
37412516999992,10:23:32.516,286.9400,100
37412517083828,10:23:32.517,286.8400,10
37412517351848,10:23:32.517,286.9400,10
37412518020553,10:23:32.518,286.9200,15
37424911159881,10:23:44.911,286.9100,15
37436949580910,10:23:56.949,286.9600,100
37436949580910,10:23:56.949,286.9600,100
37436967961391,10:23:56.967,287.0400,83
37436967987343,10:23:56.967,287.0400,17
37436967987343,10:23:56.967,287.0400,100
37436968628691,10:23:56.968,286.9800,57
37436969946466,10:23:56.969,287.0700,100
37437077810100,10:23:57.077,286.9800,100
37444451729798,10:24:04.451,286.9700,1
37446746170409,10:24:06.746,286.9700,6
37446746170409,10:24:06.746,286.9700,94
37468830122144,10:24:28.830,286.9700,100
37508788211801,10:25:08.788,287.0200,100
37538524832978,10:25:38.524,287.1600,100
37538525834963,10:25:38.525,287.1900,100
37539457155191,10:25:39.457,287.2000,100
37539461755288,10:25:39.461,287.2900,300
37539461755288,10:25:39.461,287.2900,100
37539462180805,10:25:39.462,287.3400,15
37539462182674,10:25:39.462,287.3400,50
37539462235409,10:25:39.462,287.3400,35
37539495873657,10:25:39.495,287.4500,100
37553575551279,10:25:53.575,287.5400,2
37564959751054,10:26:04.959,287.5400,2
37585004142219,10:26:25.004,287.4200,10
37612743980472,10:26:52.743,287.5500,85
37613246349579,10:26:53.246,287.2800,60
37613246349579,10:26:53.246,287.2700,7
37613246349579,10:26:53.246,287.2700,33
37670028535040,10:27:50.028,287.3900,27
37670033230606,10:27:50.033,287.5400,100
37670033284254,10:27:50.033,287.5500,100
37670033304383,10:27:50.033,287.5500,10
37670033304383,10:27:50.033,287.5500,90
37670033305352,10:27:50.033,287.5400,100
37670033309111,10:27:50.033,287.5500,10
37670033390007,10:27:50.033,287.5600,100
37670033390007,10:27:50.033,287.5600,5
37670033421567,10:27:50.033,287.5600,35
37670033434905,10:27:50.033,287.5600,15
37670033437510,10:27:50.033,287.5600,45
37674855324454,10:27:54.855,287.5600,100
37674855443018,10:27:54.855,287.5600,100
37674855907849,10:27:54.855,287.5100,10
37680043054998,10:28:00.043,287.4600,100
37680046628799,10:28:00.046,287.4500,100
37680047364504,10:28:00.047,287.4400,5
37684504677661,10:28:04.504,287.4600,25
37685506556600,10:28:05.506,287.4600,25
37704393798591,10:28:24.393,287.8000,100
37704393798591,10:28:24.393,287.8000,100
37726217885061,10:28:46.217,287.8100,100
37726218259759,10:28:46.218,288.0600,3
37731570299035,10:28:51.570,288.2200,100
37731570299035,10:28:51.570,288.2200,90
37733148161135,10:28:53.148,288.3300,100
37733148211819,10:28:53.148,288.3600,20
37733148650193,10:28:53.148,288.3600,80
37734041648000,10:28:54.041,288.6000,100
37734043453066,10:28:54.043,288.4900,13
37736958235873,10:28:56.958,288.4700,8
37789031340474,10:29:49.031,288.4000,15
37812014152486,10:30:12.014,288.3400,13
37812014152486,10:30:12.014,288.3400,10
37812014466143,10:30:12.014,288.3700,3
37812014466143,10:30:12.014,288.3700,97
37812014496453,10:30:12.014,288.3700,3
37812068023519,10:30:12.068,288.3600,100
37812568893181,10:30:12.568,288.4900,100
37812568893181,10:30:12.568,288.4900,100
37878351110956,10:31:18.351,288.2600,100
37878351110956,10:31:18.351,288.2300,100
37878351128795,10:31:18.351,288.2300,100
37878352971000,10:31:18.352,288.3300,30
37878353050861,10:31:18.353,288.3300,33
37878353261590,10:31:18.353,288.3600,10
37878353266059,10:31:18.353,288.3600,90
37878353266059,10:31:18.353,288.4200,123
37878353277238,10:31:18.353,288.3300,67
37878353277238,10:31:18.353,288.3300,30
37878353280080,10:31:18.353,288.4200,10
37878840776440,10:31:18.840,288.4200,200
37878840804451,10:31:18.840,288.4200,67
37878841266851,10:31:18.841,288.4500,13
37878841565240,10:31:18.841,288.4800,10
37881731581763,10:31:21.731,288.5600,100
37881731612983,10:31:21.731,288.5700,100
37881731680914,10:31:21.731,288.6000,10
37881731707486,10:31:21.731,288.6000,90
37884618935353,10:31:24.618,288.5400,100
37887691120885,10:31:27.691,288.5800,100
37889764794172,10:31:29.764,288.6600,100
37913171579050,10:31:53.171,288.6000,6
37925058782053,10:32:05.058,288.5400,100
37931437099049,10:32:11.437,288.6300,4
37931482614862,10:32:11.482,288.6600,3
37931513898811,10:32:11.513,288.7000,100
37949932504383,10:32:29.932,288.9500,3
38052886160338,10:34:12.886,289.1000,100
38118845490682,10:35:18.845,288.9600,100
38118846993027,10:35:18.846,289.1700,100
38118846993027,10:35:18.846,289.1700,4
38118847027816,10:35:18.847,289.1800,13
38118847032153,10:35:18.847,289.1800,50
38118847042878,10:35:18.847,289.1800,20
38118847049993,10:35:18.847,289.1800,17
38118847049993,10:35:18.847,289.1800,83
38118847061969,10:35:18.847,289.1800,17
38119192250755,10:35:19.192,289.2300,100
38121700163902,10:35:21.700,289.1100,100
38125023921102,10:35:25.023,289.1100,25
38125445150480,10:35:25.445,289.1100,75
38125445150480,10:35:25.445,289.1100,25
38125445190710,10:35:25.445,289.1100,75
38125445988038,10:35:25.445,289.1900,30
38125445988038,10:35:25.445,289.1900,15
38125446624206,10:35:25.446,289.2600,100
38125446672396,10:35:25.446,289.2700,100
38125446690059,10:35:25.446,289.2700,100
38125446698619,10:35:25.446,289.2700,200
38125447627373,10:35:25.447,289.3200,19
38125447630666,10:35:25.447,289.3200,20
38125447668506,10:35:25.447,289.3200,61
38165539658465,10:36:05.539,289.2000,40
38165539671004,10:36:05.539,289.2000,10
38165539671004,10:36:05.539,289.2000,90
38165539684768,10:36:05.539,289.2000,10
38165539684768,10:36:05.539,289.2000,100
38165540247763,10:36:05.540,289.1900,100
38170766271043,10:36:10.766,289.0500,50
38170766299366,10:36:10.766,289.0500,18
38177320105537,10:36:17.320,289.2600,5
38188627526351,10:36:28.627,289.0500,26
38189365700340,10:36:29.365,289.0500,6
38195139193299,10:36:35.139,289.0300,100
38196345372705,10:36:36.345,289.1200,100
38196345416506,10:36:36.345,289.1200,5
38199346728998,10:36:39.346,289.0300,100
38203706351868,10:36:43.706,289.1700,100
38203706377985,10:36:43.706,289.1700,100
38203706377985,10:36:43.706,289.1700,10
38203706806371,10:36:43.706,289.1800,100
38205014940999,10:36:45.014,289.2900,100
38205014940999,10:36:45.014,289.2900,3
38205014989921,10:36:45.014,289.2900,55
38205014997859,10:36:45.014,289.2900,42
38205268992511,10:36:45.268,289.3200,1
38220286941970,10:37:00.286,289.3900,51
38220286951546,10:37:00.286,289.3900,49
38220286954846,10:37:00.286,289.4200,13
38220286954846,10:37:00.286,289.4300,4
38220286963231,10:37:00.286,289.4300,9
38223265112234,10:37:03.265,289.3000,100
38226563054919,10:37:06.563,289.3000,64
38226563196673,10:37:06.563,289.3000,36
38226563196673,10:37:06.563,289.3100,64
38226563641128,10:37:06.563,289.3100,36
38299079899705,10:38:19.079,289.6600,34
38299079917424,10:38:19.079,289.6700,1
38299080837835,10:38:19.080,289.7400,100
38309520592036,10:38:29.520,289.8100,5
38331342763590,10:38:51.342,289.9600,100
38331342839443,10:38:51.342,289.9600,13
38331342839443,10:38:51.342,289.9600,10
38331343337386,10:38:51.343,289.9800,13
38333056942496,10:38:53.056,289.9900,1
38334141414156,10:38:54.141,290.0000,75
38334526402682,10:38:54.526,290.0500,5
38335092360161,10:38:55.092,290.0800,7
38335092423621,10:38:55.092,290.0800,6
38341343921913,10:39:01.343,290.0200,100
38341343921913,10:39:01.343,290.0200,8
38351267018579,10:39:11.267,290.1100,100
38351267077892,10:39:11.267,290.1600,5
38351267163388,10:39:11.267,290.1700,1
38407893473493,10:40:07.893,290.1900,13
38411014925471,10:40:11.014,290.1100,17
38411015866698,10:40:11.015,290.1900,10
38411015866698,10:40:11.015,290.1900,34
38411318754001,10:40:11.318,290.1100,10
38411318754001,10:40:11.318,290.1100,5
38450309628043,10:40:50.309,290.2500,100
38480330469614,10:41:20.330,290.2400,5
38528346392673,10:42:08.346,290.1300,67
38528346493467,10:42:08.346,289.9100,127
38528598831607,10:42:08.598,289.9100,225
38528598838182,10:42:08.598,289.9100,70
38528598850487,10:42:08.598,289.9100,75
38528598852686,10:42:08.598,289.9100,3
38528598852686,10:42:08.598,289.8300,25
38528598852686,10:42:08.598,289.8300,66
38528598862044,10:42:08.598,289.8300,34
38528598862044,10:42:08.598,289.8300,26
38528598869866,10:42:08.598,289.8300,26
38528598871336,10:42:08.598,289.8300,25
38528598874274,10:42:08.598,289.8300,20
38528598877976,10:42:08.598,289.8300,3
38528846361733,10:42:08.846,289.8300,25
38528846361733,10:42:08.846,289.8300,100
38539334659406,10:42:19.334,289.8300,25
38539334659406,10:42:19.334,289.8300,100
38592091580449,10:43:12.091,290.0200,100
38592091615410,10:43:12.091,290.0300,13
38592091615410,10:43:12.091,290.0300,87
38592091618687,10:43:12.091,290.0300,13
38592091624028,10:43:12.091,290.0400,3
38592091627794,10:43:12.091,290.0500,13
38631848507874,10:43:51.848,290.2400,1
38635335486271,10:43:55.335,290.2400,5
38635335827256,10:43:55.335,290.2500,100
38635335827256,10:43:55.335,290.2500,14
38635336503261,10:43:55.336,290.3900,100
38635336539201,10:43:55.336,290.2200,100
38635337531038,10:43:55.337,290.4000,1
38638126395480,10:43:58.126,290.3500,100
38645025259704,10:44:05.025,290.2700,25
38645025287296,10:44:05.025,290.2700,10
38645025287296,10:44:05.025,290.2700,65
38645025287296,10:44:05.025,290.2700,10
38667489400645,10:44:27.489,290.2700,100
38700059056704,10:45:00.059,290.2800,1
38708784225175,10:45:08.784,290.2800,4
38708784225175,10:45:08.784,290.2800,5
38708784225175,10:45:08.784,290.2500,40
38708784325040,10:45:08.784,290.2500,9
38792343250628,10:46:32.343,290.3200,5
38817087114771,10:46:57.087,289.9800,9
38818910670301,10:46:58.910,289.9800,4
38853973780593,10:47:33.973,289.9300,100
38853973812914,10:47:33.973,289.9200,100
38853973819657,10:47:33.973,289.9200,45
38860004941595,10:47:40.004,289.9700,1
38862248454007,10:47:42.248,289.8300,100
38862249278720,10:47:42.249,289.8400,100
38862249638894,10:47:42.249,289.8400,30
38862251419722,10:47:42.251,289.9100,40
38862361594445,10:47:42.361,289.9100,4
38862361623887,10:47:42.361,289.9100,56
38928546700464,10:48:48.546,289.9700,5
38948835956392,10:49:08.835,289.8000,100
38948838643813,10:49:08.838,289.8800,20
38960774871914,10:49:20.774,289.9800,10
38960774871914,10:49:20.774,289.9800,6
38960774871914,10:49:20.774,289.9800,3
38960774871914,10:49:20.774,289.9800,58
38960774879068,10:49:20.774,289.9800,2
38960774880943,10:49:20.774,289.9800,50
38960774895047,10:49:20.774,289.9800,26
38960774908494,10:49:20.774,289.9800,64
38960775862947,10:49:20.775,289.9900,36
38960776948536,10:49:20.776,289.9900,20
38960777537824,10:49:20.777,289.9900,20
38960842793715,10:49:20.842,289.9900,24
38962880611706,10:49:22.880,290.1200,100
39003172960590,10:50:03.172,289.9200,100
39003174981528,10:50:03.174,289.8000,100
39003175009853,10:50:03.175,289.7700,100
39003175511652,10:50:03.175,289.7700,26
39003175511652,10:50:03.175,289.7700,27
39003175695373,10:50:03.175,289.7700,26
39003194482983,10:50:03.194,289.7700,26
39003194482983,10:50:03.194,289.7700,27
39003194482983,10:50:03.194,289.7700,27
39042650023150,10:50:42.650,289.6500,1
39043775563829,10:50:43.775,289.6800,37
39043775717398,10:50:43.775,289.6800,206
39043775753507,10:50:43.775,289.6800,57
39043775753507,10:50:43.775,289.6900,100
39043775753507,10:50:43.775,289.6900,6
39043775753507,10:50:43.775,289.6900,43
39043776817737,10:50:43.776,289.6900,57
39152901778582,10:52:32.901,289.6500,13
39165477480969,10:52:45.477,289.6500,100
39168031625106,10:52:48.031,289.6500,100
39168031684603,10:52:48.031,289.6500,48
39168031758747,10:52:48.031,289.6500,100
39168062117419,10:52:48.062,289.6500,38
39180651912479,10:53:00.651,289.6550,100
39180653312105,10:53:00.653,289.5100,100
39191197309455,10:53:11.197,289.3900,100
39191197572630,10:53:11.197,289.3700,29
39191197602420,10:53:11.197,289.3700,71
39193210140394,10:53:13.210,289.3450,100
39193210140394,10:53:13.210,289.4700,5
39193210140394,10:53:13.210,289.4700,95
39256672700500,10:54:16.672,289.4100,10
39256672700500,10:54:16.672,289.4100,5
39257363933738,10:54:17.363,289.4200,100
39257363957665,10:54:17.363,289.4200,100
39257364003640,10:54:17.364,289.4300,40
39257364032646,10:54:17.364,289.4300,60
39323554267467,10:55:23.554,289.6300,100
39323554984164,10:55:23.554,289.7100,100
39347887996448,10:55:47.887,289.6500,1
39348608891401,10:55:48.608,289.6000,74
39348608934623,10:55:48.608,289.6000,20
39348608966425,10:55:48.608,289.6000,6
39369421628247,10:56:09.421,289.5600,100
39369421669597,10:56:09.421,289.5600,20
39369421777036,10:56:09.421,289.5600,3
39369421793533,10:56:09.421,289.5600,41
39369421822373,10:56:09.421,289.5600,36
39444087070940,10:57:24.087,289.3400,100
39444121096073,10:57:24.121,289.3200,24
39444121123471,10:57:24.121,289.3200,76
39444121201028,10:57:24.121,289.3100,100
39446998266940,10:57:26.998,289.2600,7
39479717282570,10:57:59.717,289.1900,100
39479717689429,10:57:59.717,289.2000,100
39479717710284,10:57:59.717,289.1800,29
39479717725681,10:57:59.717,289.2000,100
39479717736206,10:57:59.717,289.1800,151
39479717788176,10:57:59.717,289.1800,20
39507606990340,10:58:27.606,289.0900,100
39516488306739,10:58:36.488,288.9500,36
39530518684526,10:58:50.518,288.9200,100
39545843293342,10:59:05.843,288.9000,10
39566970261836,10:59:26.970,288.9800,1
39569332470410,10:59:29.332,288.9800,1
39570339854550,10:59:30.339,288.9800,1
39571405655950,10:59:31.405,288.9800,1
39572063010883,10:59:32.063,288.9800,1
39572509056430,10:59:32.509,288.9800,1
39572989741115,10:59:32.989,288.9800,1
39573412609991,10:59:33.412,288.9800,1
39575876867714,10:59:35.876,288.9800,1
39576583267076,10:59:36.583,289.0200,1
39577409565339,10:59:37.409,289.0200,1
39582656284188,10:59:42.656,289.2400,200
39582656992978,10:59:42.656,289.3300,100
39597553377884,10:59:57.553,289.2000,17
39597553418100,10:59:57.553,289.2000,10
39597553421594,10:59:57.553,289.2000,50
39599717119300,10:59:59.717,289.1300,1
39602311686896,11:00:02.311,289.1300,2
39611417518070,11:00:11.417,289.2200,5
39611417518070,11:00:11.417,289.2200,95
39611417914194,11:00:11.417,289.2200,105
39612296756361,11:00:12.296,289.3200,100
39613153426944,11:00:13.153,289.3400,100
39613153494794,11:00:13.153,289.3400,100
39613153566005,11:00:13.153,289.3400,100
39613155438086,11:00:13.155,289.3400,100
39624785202933,11:00:24.785,289.3200,100
39624785572597,11:00:24.785,289.3200,100
39659537007752,11:00:59.537,289.3300,1
39662912856010,11:01:02.912,289.3500,100
39662917197512,11:01:02.917,289.3600,1
39663044483988,11:01:03.044,289.3600,1
39663324334584,11:01:03.324,289.4800,100
39663348312866,11:01:03.348,289.4800,100
39663390627343,11:01:03.390,289.4900,18
39663405674786,11:01:03.405,289.4900,82
39663459735026,11:01:03.459,289.4800,18
39663459853849,11:01:03.459,289.4800,82
39663459853849,11:01:03.459,289.4900,18
39663460661804,11:01:03.460,289.4900,59
39663464732430,11:01:03.464,289.4900,23
39663464732430,11:01:03.464,289.5300,77
39663469004547,11:01:03.469,289.5300,23
39664626659690,11:01:04.626,289.4900,3
39664626659690,11:01:04.626,289.4900,34
39664626731115,11:01:04.626,289.4400,1
39716392267931,11:01:56.392,289.3400,1
39716730173910,11:01:56.730,289.3400,24
39716730221997,11:01:56.730,289.3400,57
39717120951528,11:01:57.120,289.3200,1
39717207114135,11:01:57.207,289.3200,1
39717356269598,11:01:57.356,289.3200,1
39717991694237,11:01:57.991,289.2800,1
39718220763923,11:01:58.220,289.2800,1
39732327366187,11:02:12.327,289.4100,1
39732768408497,11:02:12.768,289.4100,1
39732994966775,11:02:12.994,289.4100,1
39733538630757,11:02:13.538,289.4100,1
39733958440375,11:02:13.958,289.4100,1
39734411660704,11:02:14.411,289.4100,1
39735125404589,11:02:15.125,289.4100,1
39737159760496,11:02:17.159,289.4100,1
39746529123868,11:02:26.529,289.5700,5
39746530014345,11:02:26.530,289.5900,5
39746530014345,11:02:26.530,289.6000,95
39746530071438,11:02:26.530,289.6000,5
39762633992906,11:02:42.633,289.5100,1
39763112340055,11:02:43.112,289.4100,1
39763274128424,11:02:43.274,289.4100,1
39763411878924,11:02:43.411,289.4100,1
39763780276448,11:02:43.780,289.4100,1
39763780306602,11:02:43.780,289.4100,96
39764096819733,11:02:44.096,289.2700,1
39764566756847,11:02:44.566,289.2700,1
39765737200653,11:02:45.737,289.2700,1
39766243022019,11:02:46.243,289.2700,1
39772882810744,11:02:52.882,289.5000,100
39791000503805,11:03:11.000,289.6300,71
39793556179844,11:03:13.556,289.4500,1
39794676868788,11:03:14.676,289.4500,1
39794792286003,11:03:14.792,289.4500,1
39795538440447,11:03:15.538,289.4500,1
39795599941476,11:03:15.599,289.4500,1
39811949466435,11:03:31.949,289.6600,10
39812948414041,11:03:32.948,289.7400,100
39812948455735,11:03:32.948,289.7500,2
39812948455735,11:03:32.948,289.7700,34
39812948480946,11:03:32.948,289.7900,5
39812948480946,11:03:32.948,289.7900,14
39812949343213,11:03:32.949,289.7900,20
39812949349623,11:03:32.949,289.7900,20
39812949370101,11:03:32.949,289.7900,46
39812949475180,11:03:32.949,289.8100,100
39812949475180,11:03:32.949,289.8100,100
39843218799017,11:04:03.218,289.9500,32
39843219921141,11:04:03.219,289.9500,68
39843219921141,11:04:03.219,289.9500,15
39884337606233,11:04:44.337,289.7000,1
39884337606233,11:04:44.337,289.7000,99
39884337633399,11:04:44.337,289.7000,1
39884337633399,11:04:44.337,289.7000,1
39886083369302,11:04:46.083,289.9000,73
39886083400218,11:04:46.083,289.9000,20
39886083508862,11:04:46.083,289.9000,100
39886083527961,11:04:46.083,289.9000,7
39886083527961,11:04:46.083,289.9000,93
39886083603654,11:04:46.083,289.9000,7
39917582551023,11:05:17.582,289.8000,100
39936916593191,11:05:36.916,289.8000,100
39937775234055,11:05:37.775,289.8000,50
39937779089945,11:05:37.779,289.7200,40
39944099324926,11:05:44.099,289.7200,60
39980383114760,11:06:20.383,289.7100,20
39997541020554,11:06:37.541,289.7100,80
39997541020554,11:06:37.541,289.7000,12
39997541020554,11:06:37.541,289.7000,20
39997541072652,11:06:37.541,289.7000,13
39997543331284,11:06:37.543,289.7000,3
40036217934998,11:07:16.217,289.6500,100
40036217985230,11:07:16.217,289.6500,20
40036217999690,11:07:16.217,289.6500,80
40036217999690,11:07:16.217,289.6500,20
40074766197743,11:07:54.766,289.6000,10
40104870816768,11:08:24.870,289.6000,3
40104901203567,11:08:24.901,289.6000,87
40104901203567,11:08:24.901,289.6000,13
40104901233532,11:08:24.901,289.6000,3
40150117195021,11:09:10.117,289.6000,84
40209239000493,11:10:09.239,289.5800,1
40220377450520,11:10:20.377,289.4700,100
40270620681137,11:11:10.620,289.3600,100
40270620681137,11:11:10.620,289.3500,13
40270620681137,11:11:10.620,289.3500,3
40270621880802,11:11:10.621,289.3400,1
40270621880802,11:11:10.621,289.3400,13
40270621880802,11:11:10.621,289.3400,86
40275487080442,11:11:15.487,289.3100,10
40310135126341,11:11:50.135,289.3100,10
40417238444181,11:13:37.238,289.4000,1
40419088323031,11:13:39.088,289.3100,80
40419154873095,11:13:39.154,289.2800,100
40419154915552,11:13:39.154,289.2800,9
40442586266644,11:14:02.586,289.2200,10
40521240071500,11:15:21.240,289.3700,1
40561811936175,11:16:01.811,289.4300,6
40561835863905,11:16:01.835,289.3600,100
40561836425444,11:16:01.836,289.3500,100
40582694276690,11:16:22.694,289.2500,1
40582694704011,11:16:22.694,289.2500,99
40582694704011,11:16:22.694,289.2500,2
40582694758332,11:16:22.694,289.2400,1
40582694758332,11:16:22.694,289.2400,5
40615570531334,11:16:55.570,289.1900,10
40616843225603,11:16:56.843,289.1900,90
40616843225603,11:16:56.843,289.1900,10
40616843268881,11:16:56.843,289.1900,6
40616843281038,11:16:56.843,289.1900,84
40616843281038,11:16:56.843,289.1900,12
40616843281038,11:16:56.843,289.1900,4
40616843344537,11:16:56.843,289.1900,5
40618083601064,11:16:58.083,289.1300,100
40623083458456,11:17:03.083,289.1200,100
40691027071007,11:18:11.027,289.3500,73
40691027091308,11:18:11.027,289.3500,25
40691027096982,11:18:11.027,289.3500,2
40693183828020,11:18:13.183,289.3600,10
40693183828020,11:18:13.183,289.3600,100
40693183828020,11:18:13.183,289.3600,4
40693183828020,11:18:13.183,289.3600,100
40693183828020,11:18:13.183,289.3600,6
40693183828020,11:18:13.183,289.3600,10
40693184445264,11:18:13.184,289.4200,50
40693184850119,11:18:13.184,289.4200,50
40693184949078,11:18:13.184,289.4200,25
40693184949078,11:18:13.184,289.4600,75
40693184976398,11:18:13.184,289.4400,25
40693184989536,11:18:13.184,289.4400,25
40693185106140,11:18:13.185,289.4200,25
40693185171474,11:18:13.185,289.3600,100
40693185328746,11:18:13.185,289.3500,15
40693185328746,11:18:13.185,289.3500,75
40693185344184,11:18:13.185,289.4100,100
40693185344184,11:18:13.185,289.4200,100
40693185344184,11:18:13.185,289.4200,20
40693185344184,11:18:13.185,289.4200,50
40693185344184,11:18:13.185,289.4200,3
40715829170018,11:18:35.829,289.4200,97
40715829170018,11:18:35.829,289.4200,3
40726509063879,11:18:46.509,289.3200,100
40726509094064,11:18:46.509,289.3100,100
40726509094064,11:18:46.509,289.3100,100
40726983254587,11:18:46.983,289.2700,100
40833245980505,11:20:33.245,289.1800,1
40849076375239,11:20:49.076,289.1000,100
40849076375239,11:20:49.076,289.1000,100
40849076375239,11:20:49.076,289.1000,100
40849076375239,11:20:49.076,289.1000,100
40849076375239,11:20:49.076,289.1000,1
40849076422502,11:20:49.076,289.0900,2
40849076472051,11:20:49.076,289.0900,2
40849076493946,11:20:49.076,289.0900,96
40849076744910,11:20:49.076,289.0700,1
40849076802329,11:20:49.076,289.0700,1
40849077327902,11:20:49.077,289.0700,1
40849077366320,11:20:49.077,289.0700,2
40849077752344,11:20:49.077,289.0700,1
40857636810502,11:20:57.636,289.1800,57
40857636841186,11:20:57.636,289.1900,10
40968670869259,11:22:48.670,289.1400,1
41043298927355,11:24:03.298,289.1400,1
41085733060189,11:24:45.733,289.0700,10
41149550150705,11:25:49.550,289.1300,1
41250546026780,11:27:30.546,289.1300,1
41270696820865,11:27:50.696,289.1000,10
41321339611786,11:28:41.339,289.1000,10
41349083577065,11:29:09.083,289.0700,1
41349083871676,11:29:09.083,289.0700,83
41349083871676,11:29:09.083,289.0100,1
41349083871676,11:29:09.083,289.0100,65
41349083903669,11:29:09.083,289.0100,36
41349083903669,11:29:09.083,289.0100,100
41349083903669,11:29:09.083,289.0100,47
41352083556933,11:29:12.083,289.0100,23
41353958255629,11:29:13.958,289.0000,100
41404428790786,11:30:04.428,288.9450,100
41414886885149,11:30:14.886,288.8800,24
41414886998648,11:30:14.886,288.8800,4
41414887033580,11:30:14.887,288.8800,72
41414887033580,11:30:14.887,288.8800,1
41437916385229,11:30:37.916,288.8000,10
41444548244917,11:30:44.548,288.7800,100
41444548274547,11:30:44.548,288.7700,5
41444548274547,11:30:44.548,288.7700,5
41444548345425,11:30:44.548,288.7600,17
41444986582063,11:30:44.986,288.7600,83
41444986629212,11:30:44.986,288.7400,1
41444986672266,11:30:44.986,288.7100,100
41444987339238,11:30:44.987,288.7400,1
41447334729353,11:30:47.334,288.7600,17
41451766172225,11:30:51.766,288.7100,4
41454575189557,11:30:54.575,288.8200,100
41454575217451,11:30:54.575,288.8300,87
41454575522721,11:30:54.575,288.8300,13
41454575522721,11:30:54.575,288.8300,10
41454575522721,11:30:54.575,288.8300,4
41454575522721,11:30:54.575,288.8300,5
41454575522721,11:30:54.575,288.8300,100
41454575522721,11:30:54.575,288.8300,100
41460306894073,11:31:00.306,288.9500,100
41465012936008,11:31:05.012,288.9900,200
41465012974748,11:31:05.012,289.0000,38
41465012980678,11:31:05.012,289.0000,17
41465013446532,11:31:05.013,289.0000,45
41497997871123,11:31:37.997,289.1000,3
41497997935969,11:31:37.997,289.1000,3
41497998559674,11:31:37.998,289.1000,20
41540217846082,11:32:20.217,289.0300,16
41540217869241,11:32:20.217,289.0100,2
41540217869241,11:32:20.217,289.0000,22
41540218001225,11:32:20.218,289.0000,78
41540218001225,11:32:20.218,289.0000,13
41540218307823,11:32:20.218,289.0000,21
41540218342422,11:32:20.218,289.0000,79
41588191710968,11:33:08.191,288.8000,11
41618886470415,11:33:38.886,288.9000,1
41665239342461,11:34:25.239,288.8700,1
41676688557832,11:34:36.688,288.8000,9
41676688557832,11:34:36.688,288.7700,1
41716892937954,11:35:16.892,288.7600,14
41716892973453,11:35:16.892,288.7600,86
41770238248090,11:36:10.238,288.7400,1
41770238798387,11:36:10.238,288.7400,16
41794675949970,11:36:34.675,288.5200,1
41848688857531,11:37:28.688,288.4200,10
41848690315260,11:37:28.690,288.4200,1
41875146294180,11:37:55.146,288.6000,1
41948578611839,11:39:08.578,288.5000,100
41948578643376,11:39:08.578,288.4800,5
41948578643376,11:39:08.578,288.4800,5
41948579867529,11:39:08.579,288.4900,14
41953182822145,11:39:13.182,288.6200,100
41953182824056,11:39:13.182,288.6200,100
41953546633080,11:39:13.546,288.6300,100
41953546682963,11:39:13.546,288.6600,5
42002840569032,11:40:02.840,288.6700,3
42002840569032,11:40:02.840,288.6700,97
42002840595414,11:40:02.840,288.6700,3
42002840595414,11:40:02.840,288.6700,100
42002840904774,11:40:02.840,288.6800,100
42002841128090,11:40:02.841,288.7100,15
42003969700763,11:40:03.969,288.7200,100
42003969700763,11:40:03.969,288.7200,4
42003970128315,11:40:03.970,288.7200,100
42003970236292,11:40:03.970,288.7300,18
42003970267806,11:40:03.970,288.7300,82
42003980394481,11:40:03.980,288.7700,100
42003980394481,11:40:03.980,288.7700,100
42016382003159,11:40:16.382,288.8300,100
42056382422212,11:40:56.382,288.8400,100
42073630719009,11:41:13.630,288.9300,83
42081240419548,11:41:21.240,288.8300,1
42081240444709,11:41:21.240,288.8300,1
42103611836134,11:41:43.611,288.8300,69
42103611844527,11:41:43.611,288.8300,18
42103611862041,11:41:43.611,288.8300,12
42103612609220,11:41:43.612,288.7200,100
42125482489018,11:42:05.482,288.7600,9
42131249090731,11:42:11.249,288.7700,23
42131249138001,11:42:11.249,288.7700,1
42131249336835,11:42:11.249,288.7700,8
42131249523610,11:42:11.249,288.7700,10
42131250484977,11:42:11.250,288.7700,5
42136385489168,11:42:16.385,288.7800,10
42148579840610,11:42:28.579,288.6900,1
42148579907788,11:42:28.579,288.6800,100
42289990441208,11:44:49.990,288.7600,1
42290813130053,11:44:50.813,288.7000,5
42308992325691,11:45:08.992,288.8400,100
42308992355511,11:45:08.992,288.8400,3
42308992355511,11:45:08.992,288.8400,4
42308992355511,11:45:08.992,288.8400,10
42308992360426,11:45:08.992,288.8500,97
42308992420055,11:45:08.992,288.8500,3
42389853704073,11:46:29.853,288.9500,1
42399919104693,11:46:39.919,289.0500,40
42399919192995,11:46:39.919,288.9500,5
42428130129931,11:47:08.130,288.9500,45
42428130359525,11:47:08.130,288.8700,4
42506510064320,11:48:26.510,288.9600,1
42601246331857,11:50:01.246,288.9900,1
42665745924608,11:51:05.745,289.0600,100
42665745949805,11:51:05.745,289.0600,71
42665746000890,11:51:05.746,289.0700,3
42665746012980,11:51:05.746,289.0700,97
42675748051674,11:51:15.748,289.1100,100
42675748077155,11:51:15.748,289.1200,100
42705286258501,11:51:45.286,289.0200,1
42717608443154,11:51:57.608,289.1200,1
42775373625140,11:52:55.373,289.1200,39
42793498835551,11:53:13.498,289.1500,5
42809237807335,11:53:29.237,289.0800,1
42817150728089,11:53:37.150,289.1800,100
42817150759019,11:53:37.150,289.1900,200
42817150759019,11:53:37.150,289.1900,100
42818798644703,11:53:38.798,289.2800,17
42818798700409,11:53:38.798,289.2800,83
42818801429955,11:53:38.801,289.2900,20
42875008859448,11:54:35.008,289.1900,1
42875284222296,11:54:35.284,289.1100,20
42875284297843,11:54:35.284,289.1100,80
42896281327767,11:54:56.281,289.0900,44
43017237025417,11:56:57.237,289.1100,1
43071428129342,11:57:51.428,289.2000,100
43085899449874,11:58:05.899,289.1100,66
43087884550173,11:58:07.884,289.1000,20
43087884588734,11:58:07.884,289.1000,46
43100154910247,11:58:20.154,288.9900,9
43100155518425,11:58:20.155,288.9800,1
43100156325063,11:58:20.156,288.9800,10
43100156337718,11:58:20.156,288.9800,10
43100156337718,11:58:20.156,288.9200,90
43100156429783,11:58:20.156,288.9200,10
43100156429783,11:58:20.156,288.9000,90
43100156452060,11:58:20.156,288.9000,10
43100156452060,11:58:20.156,288.9000,90
43100156457433,11:58:20.156,288.9000,10
43100161201992,11:58:20.161,288.9000,20
43100161201992,11:58:20.161,288.9000,7
43100161201992,11:58:20.161,288.9000,20
43204342353671,12:00:04.342,289.0000,100
43204644067510,12:00:04.644,289.0100,100
43205726844679,12:00:05.726,289.0100,3
43205726844679,12:00:05.726,289.0100,4
43205726844679,12:00:05.726,289.0700,93
43225775937523,12:00:25.775,288.9700,1
43282705730302,12:01:22.705,289.0700,100
43312683021652,12:01:52.683,288.7700,10
43329242980225,12:02:09.242,288.9000,1
43356671543952,12:02:36.671,289.0600,4
43356671543952,12:02:36.671,289.0600,1
43356672083309,12:02:36.672,289.0900,100
43361676730315,12:02:41.676,289.1300,200
43361676759531,12:02:41.676,289.1600,200
43361677199297,12:02:41.677,289.1800,100
43361679746400,12:02:41.679,289.2300,100
43361679746400,12:02:41.679,289.2300,100
43366732044095,12:02:46.732,289.2600,5
43366732044095,12:02:46.732,289.2800,95
43433237987659,12:03:53.237,289.3700,1
43484535619428,12:04:44.535,289.4300,1
43537238873404,12:05:37.238,289.3700,1
43540004238013,12:05:40.004,289.4400,1
43557949259172,12:05:57.949,289.2800,10
43557949286510,12:05:57.949,289.2800,90
43557949286510,12:05:57.949,289.2800,100
43557949286510,12:05:57.949,289.2800,100
43557949286510,12:05:57.949,289.2800,100
43561539479893,12:06:01.539,289.1400,5
43561539504606,12:06:01.539,289.1400,60
43561539589795,12:06:01.539,289.1400,35
43561579034781,12:06:01.579,289.2000,100
43642156360215,12:07:22.156,289.1000,10
43642156390380,12:07:22.156,289.1000,1
43642238056750,12:07:22.238,289.1100,100
43647239460582,12:07:27.239,289.1600,1
43681376821492,12:08:01.376,289.1000,5
43752239612859,12:09:12.239,289.1200,1
43777015305834,12:09:37.015,289.1800,30
43850236317216,12:10:50.236,289.1100,1
43885295346198,12:11:25.295,289.2000,3
43885295346198,12:11:25.295,289.2000,37
43885298974766,12:11:25.298,289.2000,63
43885298974766,12:11:25.298,289.2000,4
43900174872448,12:11:40.174,289.2500,100
43900174896184,12:11:40.174,289.2700,100
43901823715092,12:11:41.823,289.2700,100
43910836906668,12:11:50.836,289.1200,1
44057241979345,12:14:17.241,289.2600,1
44057241979345,12:14:17.241,289.2600,12
44060778023542,12:14:20.778,289.2000,18
44060779019794,12:14:20.779,289.2000,28
44060806507491,12:14:20.806,289.2000,54
44060806507491,12:14:20.806,289.2000,100
44060806538456,12:14:20.806,289.1900,100
44083109413010,12:14:43.109,289.1900,2
44161239103204,12:16:01.239,289.1500,1
44173090662025,12:16:13.090,289.2700,6
44173445732993,12:16:13.445,289.2800,1
44173445732993,12:16:13.445,289.2800,4
44176084494860,12:16:16.084,289.3100,100
44176084494860,12:16:16.084,289.3200,100
44265280250239,12:17:45.280,289.3300,100
44265280276836,12:17:45.280,289.3300,100
44265280371396,12:17:45.280,289.3400,100
44265305329180,12:17:45.305,289.3900,200
44265311886007,12:17:45.311,289.3500,15
44265316085264,12:17:45.316,289.2900,100
44265316490299,12:17:45.316,289.2400,17
44265316818735,12:17:45.316,289.2100,12
44265317947829,12:17:45.317,289.1900,1
44265318964688,12:17:45.318,289.1000,85
44333206523452,12:18:53.206,289.0700,1
44333206523452,12:18:53.206,289.0700,46
44333206768287,12:18:53.206,289.0700,23
44333207135536,12:18:53.207,289.0700,31
44333207273545,12:18:53.207,289.0700,5
44333207273545,12:18:53.207,289.0600,95
44343985397363,12:19:03.985,289.0400,4
44343985423758,12:19:03.985,289.0400,49
44343985527177,12:19:03.985,289.0400,47
44369039891431,12:19:29.039,289.2500,100
44369041147896,12:19:29.041,289.2600,3
44369041147896,12:19:29.041,289.2600,150
44369042009244,12:19:29.042,289.2600,50
44369042009244,12:19:29.042,289.2700,50
44369042041558,12:19:29.042,289.2700,50
44379823585439,12:19:39.823,289.4000,100
44381404283425,12:19:41.404,289.4400,1
44396836622682,12:19:56.836,289.3400,7
44396836666131,12:19:56.836,289.3400,68
44396836696379,12:19:56.836,289.3400,25
44396836696379,12:19:56.836,289.3400,100
44423033068776,12:20:23.033,289.4600,100
44423033133668,12:20:23.033,289.4600,4
44423033133668,12:20:23.033,289.4600,3
44423033145093,12:20:23.033,289.4900,1
44423033146119,12:20:23.033,289.5000,1
44423033147411,12:20:23.033,289.5500,5
44438816729608,12:20:38.816,289.3100,1
44438816783295,12:20:38.816,289.3000,18
44438816808159,12:20:38.816,289.3000,20
44438816808769,12:20:38.816,289.3100,100
44438816811714,12:20:38.816,289.3000,62
44438816811714,12:20:38.816,289.3000,38
44438816812463,12:20:38.816,289.3000,62
44496947709758,12:21:36.947,289.2400,8
44541139903849,12:22:21.139,289.5100,3
44541139903849,12:22:21.139,289.5500,97
44541140072437,12:22:21.140,289.5500,3
44541140072437,12:22:21.140,289.5600,39
44541140111399,12:22:21.140,289.5600,61
44541140810304,12:22:21.140,289.4800,15
44541151153078,12:22:21.151,289.4600,100
44541151153078,12:22:21.151,289.4700,100
44541151153078,12:22:21.151,289.4800,100
44541151213838,12:22:21.151,289.4600,100
44577236655384,12:22:57.236,289.3800,1
44583428118187,12:23:03.428,289.3800,100
44588198360129,12:23:08.198,289.2800,10
44598028322346,12:23:18.028,289.2800,8
44598028352226,12:23:18.028,289.2800,82
44598028367628,12:23:18.028,289.2800,20
44598358243581,12:23:18.358,289.2400,92
44681278094064,12:24:41.278,289.2600,1
44686340257250,12:24:46.340,289.1100,4
44768900100222,12:26:08.900,289.2700,82
44785259943603,12:26:25.259,289.1600,1
44815241430892,12:26:55.241,289.0600,100
44881534989527,12:28:01.534,289.0600,2
44889238283992,12:28:09.238,289.1600,1
44937885238661,12:28:57.885,289.2400,8
44943858811095,12:29:03.858,289.2500,100
44944034585235,12:29:04.034,289.1100,9
44981168998072,12:29:41.168,289.1100,100
44993236826997,12:29:53.236,289.1700,1
45022147718020,12:30:22.147,289.2600,100
45022147748572,12:30:22.147,289.2600,6
45022147765809,12:30:22.147,289.2600,39
45022147766402,12:30:22.147,289.2600,10
45022147768135,12:30:22.147,289.2600,21
45022147776971,12:30:22.147,289.2600,24
45022147776971,12:30:22.147,289.2600,10
45022147776971,12:30:22.147,289.2600,14
45022147776971,12:30:22.147,289.2600,4
45022148116225,12:30:22.148,289.2700,100
45028026092670,12:30:28.026,289.2900,100
45029392000774,12:30:29.392,289.3000,100
45029395973248,12:30:29.395,289.3400,100
45029396006206,12:30:29.396,289.3400,2
45029877234070,12:30:29.877,289.3600,1
45029878988022,12:30:29.878,289.3700,1
45031166262063,12:30:31.166,289.2500,9
45031166262063,12:30:31.166,289.2500,16
45031166331545,12:30:31.166,289.2500,84
45031166360372,12:30:31.166,289.2400,100
45031167852012,12:30:31.167,289.2000,5
45031167852012,12:30:31.167,289.2000,5
45031167925078,12:30:31.167,289.1900,100
45031196800902,12:30:31.196,289.1700,100
45036130404855,12:30:36.130,289.1100,38
45036130460656,12:30:36.130,289.1100,62
45036807870420,12:30:36.807,289.1350,100
45054690573457,12:30:54.690,289.2300,100
45054691099668,12:30:54.691,289.3100,9
45097240922038,12:31:37.240,289.2400,1
45118154076438,12:31:58.154,289.0600,80
45150985768480,12:32:30.985,289.0500,100
45150985798018,12:32:30.985,289.0300,1
45150986125618,12:32:30.986,289.0200,20
45150986292245,12:32:30.986,289.0000,500
45150986300176,12:32:30.986,289.0000,100
45150986528117,12:32:30.986,289.0000,300
45150986930782,12:32:30.986,289.0000,26
45152001121234,12:32:32.001,288.9400,20
45152925542794,12:32:32.925,289.0000,100
45158259415154,12:32:38.259,288.9100,1
45168126542145,12:32:48.126,289.1100,4
45168126542145,12:32:48.126,289.1100,100
45168126542145,12:32:48.126,289.1100,5
45168128243053,12:32:48.128,289.1200,3
45168128243053,12:32:48.128,289.1200,97
45168128314599,12:32:48.128,289.1200,3
45201237598029,12:33:21.237,289.1100,1
45201241769477,12:33:21.241,289.1100,25
45253352471483,12:34:13.352,289.1800,5
45253370390445,12:34:13.370,289.2000,100
45253371458107,12:34:13.371,289.2100,4
45253371458107,12:34:13.371,289.2200,96
45253371495488,12:34:13.371,289.2200,4
45367675469731,12:36:07.675,289.0900,3
45374613798333,12:36:14.613,289.0600,5
45374614671101,12:36:14.614,289.2100,5
45374614671101,12:36:14.614,289.2100,95
45374614740387,12:36:14.614,289.2100,5
45374614988722,12:36:14.614,289.2400,100
45374615525250,12:36:14.615,289.2400,1
45374615525250,12:36:14.615,289.2400,5
45375322660825,12:36:15.322,289.2400,100
45375323215004,12:36:15.323,289.2600,100
45375323268972,12:36:15.323,289.2700,100
45375323700950,12:36:15.323,289.3000,1
45381840224653,12:36:21.840,289.2500,100
45382905299965,12:36:22.905,289.2500,100
45382973363019,12:36:22.973,289.2500,10
45502643733107,12:38:22.643,289.3200,5
45502646588696,12:38:22.646,289.3200,21
45532518429944,12:38:52.518,289.3500,1
45532518429944,12:38:52.518,289.3600,1
45572892281104,12:39:32.892,289.1600,5
45631691394756,12:40:31.691,289.2500,1
45673231333301,12:41:13.231,289.3700,100
45673231333301,12:41:13.231,289.3700,1
45673231333301,12:41:13.231,289.3700,5
45673231333301,12:41:13.231,289.3700,16
45673231368888,12:41:13.231,289.3800,100
45673231415296,12:41:13.231,289.3900,1
45673231415296,12:41:13.231,289.3900,1
45673231825903,12:41:13.231,289.3900,100
45674796206337,12:41:14.796,289.3900,100
45677600958930,12:41:17.600,289.3800,100
45693559449899,12:41:33.559,289.2900,1
45693559449899,12:41:33.559,289.2900,100
45811837092996,12:43:31.837,289.1600,1
45811837281306,12:43:31.837,289.1500,20
45856652400873,12:44:16.652,289.0300,4
45868312866024,12:44:28.312,289.1800,11
45928363839598,12:45:28.363,289.0300,16
45928363839598,12:45:28.363,289.0300,84
45928364269836,12:45:28.364,289.0900,13
45936435767205,12:45:36.435,289.0800,100
45942161824923,12:45:42.161,289.0300,4
45942234825476,12:45:42.234,289.0300,4
45950508591573,12:45:50.508,289.0900,54
45950508718744,12:45:50.508,289.0900,13
45961420653928,12:46:01.420,289.0300,4
45991157181219,12:46:31.157,289.0300,4
45991157269148,12:46:31.157,289.0000,4
45991169306421,12:46:31.169,289.0000,1
46046258200736,12:47:26.258,289.0500,1
46076826762600,12:47:56.826,288.9600,20
46076826776674,12:47:56.826,288.9600,40
46076826851434,12:47:56.826,288.9500,4
46076826885889,12:47:56.826,288.9500,61
46076826907646,12:47:56.826,288.9500,235
46076826907646,12:47:56.826,288.9500,2
46076826907646,12:47:56.826,288.9500,65
46076826933883,12:47:56.826,288.9500,35
46144986285189,12:49:04.986,289.0500,100
46144986335246,12:49:04.986,289.0500,10
46144986335246,12:49:04.986,289.0500,5
46144986335246,12:49:04.986,289.0500,3
46144986375042,12:49:04.986,289.0600,22
46144986407373,12:49:04.986,289.0600,78
46144987164106,12:49:04.987,289.1100,100
46144987450006,12:49:04.987,289.1100,100
46144987504758,12:49:04.987,289.1100,100
46144987537320,12:49:04.987,289.1100,46
46144987539827,12:49:04.987,289.1100,20
46144987540515,12:49:04.987,289.1100,20
46144987584017,12:49:04.987,289.1100,14
46144988538292,12:49:04.988,289.1100,25
46145252816721,12:49:05.252,289.0500,1
46234625520571,12:50:34.625,289.1200,5
46234629405468,12:50:34.629,289.1300,100
46242031132735,12:50:42.031,289.1300,1
46242061236136,12:50:42.061,289.0700,8
46329834123403,12:52:09.834,289.1800,5
46329834215490,12:52:09.834,289.1200,30
46329834691915,12:52:09.834,289.1800,25
46329834815948,12:52:09.834,289.0700,92
46329834815948,12:52:09.834,289.0700,98
46329834856654,12:52:09.834,289.0700,2
46329834856654,12:52:09.834,289.0700,13
46438260786990,12:53:58.260,289.1100,1
46449238642181,12:54:09.238,289.0100,1
46449238642181,12:54:09.238,289.0000,50
46535023438440,12:55:35.023,288.8900,20
46535023438440,12:55:35.023,288.8800,1
46535023438440,12:55:35.023,288.8800,2
46535023438440,12:55:35.023,288.8800,80
46535023467659,12:55:35.023,288.8800,20
46535024211333,12:55:35.024,288.8800,5
46535986434876,12:55:35.986,288.8200,100
46584010133722,12:56:24.010,288.9900,20
46584010148576,12:56:24.010,289.0100,5
46584010148576,12:56:24.010,289.0100,16
46630014068435,12:57:10.014,289.0100,153
46630014075348,12:57:10.014,289.0100,3
46630014100798,12:57:10.014,289.0100,5
46630014116310,12:57:10.014,289.0100,20
46630014396310,12:57:10.014,289.0100,100
46630014437402,12:57:10.014,289.0100,3
46630014437402,12:57:10.014,289.0100,4
46686788542089,12:58:06.788,288.9500,1
46761236919514,12:59:21.236,288.9500,1
46761256911048,12:59:21.256,288.9500,25
46866219513500,13:01:06.219,288.9600,1
46969238584861,13:02:49.238,288.9600,1
47073245607364,13:04:33.245,288.9600,1
47104682488325,13:05:04.682,289.0200,3
47177247620974,13:06:17.247,288.9600,1
47259988770900,13:07:39.988,288.8700,2
47259988770900,13:07:39.988,288.8700,100
47259990502626,13:07:39.990,288.8600,100
47259990576089,13:07:39.990,288.8500,55
47259990576089,13:07:39.990,288.8500,20
47259990850878,13:07:39.990,288.9100,15
47259991266648,13:07:39.991,288.9300,7
47262987901148,13:07:42.987,288.8400,20
47262987901148,13:07:42.987,288.8200,80
47267991040928,13:07:47.991,288.8100,100
47267991091179,13:07:47.991,288.8100,100
47267991111586,13:07:47.991,288.8100,100
47268001732279,13:07:48.001,288.9700,100
47268002422764,13:07:48.002,288.9900,100
47277989798039,13:07:57.989,288.8000,100
47290085194925,13:08:10.085,288.9600,4
47290085194925,13:08:10.085,288.9800,46
47312085376440,13:08:32.085,288.9700,3
47312085376440,13:08:32.085,289.0000,4
47312085376440,13:08:32.085,289.0100,93
47312085440078,13:08:32.085,289.0100,5
47312085468468,13:08:32.085,289.0100,2
47317086158104,13:08:37.086,289.0000,50
47339240966779,13:08:59.240,288.9500,1
47424668045609,13:10:24.668,289.0700,2
47432486178520,13:10:32.486,289.1000,1
47432486720945,13:10:32.486,289.0300,23
47433493001016,13:10:33.493,289.1000,23
47433493001016,13:10:33.493,289.1100,1
47433493001016,13:10:33.493,289.1200,76
47433493095805,13:10:33.493,289.1200,24
47433493095805,13:10:33.493,289.1200,4
47433493095805,13:10:33.493,289.1200,4
47433493127973,13:10:33.493,289.1300,100
47433493127973,13:10:33.493,289.1300,11
47433493156843,13:10:33.493,289.1300,89
47433493156843,13:10:33.493,289.1300,100
47433494185787,13:10:33.494,289.1500,5
47433494240774,13:10:33.494,289.1800,100
47434504228262,13:10:34.504,289.2100,1
47434504228262,13:10:34.504,289.2300,1
47434505616668,13:10:34.505,289.2500,1
47455008404370,13:10:55.008,289.2600,1
47455008404370,13:10:55.008,289.2700,1
47455043315313,13:10:55.043,289.3100,1
47455043315313,13:10:55.043,289.3100,99
47455043341261,13:10:55.043,289.3100,1
47455043689820,13:10:55.043,289.3200,1
47455043689820,13:10:55.043,289.3200,99
47455043699741,13:10:55.043,289.3200,1
47489237203137,13:11:29.237,289.3600,1
47517072263848,13:11:57.072,289.3100,10
47517072313616,13:11:57.072,289.3100,20
47517072339671,13:11:57.072,289.3100,70
47517072817183,13:11:57.072,289.3000,100
47593261080280,13:13:13.261,289.2400,1
47611247873623,13:13:31.247,289.1200,5
47637741839138,13:13:57.741,289.0600,60
47637741853040,13:13:57.741,289.0600,40
47674183345042,13:14:34.183,288.8500,10
47697239943025,13:14:57.239,288.9600,1
47739432639277,13:15:39.432,288.9100,100
47739432639277,13:15:39.432,288.9100,90
47739433102439,13:15:39.433,288.9100,100
47739433118252,13:15:39.433,288.9100,100
47739433514478,13:15:39.433,288.9800,100
47740986276925,13:15:40.986,288.9100,110
47740986276925,13:15:40.986,288.9100,100
47830238823144,13:17:10.238,288.9900,1
47846524062941,13:17:26.524,289.0500,5
47846525163296,13:17:26.525,289.0800,3
47846525510893,13:17:26.525,289.0900,100
47846564066948,13:17:26.564,288.9100,100
47871283522309,13:17:51.283,289.0100,1
47871284975651,13:17:51.284,288.8300,100
47871287129626,13:17:51.287,288.7900,100
47871287551759,13:17:51.287,288.8900,10
47871287551759,13:17:51.287,288.9600,58
47871287609836,13:17:51.287,288.7900,5
47871287609836,13:17:51.287,288.7900,10
47871287609836,13:17:51.287,288.7900,5
47871287609836,13:17:51.287,288.7700,5
47873261434112,13:17:53.261,288.9500,100
47915993619357,13:18:35.993,288.7500,19
47915993629154,13:18:35.993,288.7500,31
47915993629154,13:18:35.993,288.7500,19
47915993632278,13:18:35.993,288.7500,1
47916024646909,13:18:36.024,288.7100,100
47916024672662,13:18:36.024,288.7100,7
47916025167674,13:18:36.025,288.6700,100
47916025317343,13:18:36.025,288.6700,20
47916025983578,13:18:36.025,288.6700,5
47916034083428,13:18:36.034,288.6700,15
47916064191612,13:18:36.064,288.8100,100
47950286264025,13:19:10.286,288.6600,100
48009260058087,13:20:09.260,288.6200,1
48020884634968,13:20:20.884,288.5400,2
48030717983711,13:20:30.717,288.5400,5
48045701047612,13:20:45.701,288.5400,93
48045701047612,13:20:45.701,288.5400,7
48045701090081,13:20:45.701,288.5400,19
48045701132151,13:20:45.701,288.5400,74
48051878792432,13:20:51.878,288.5600,100
48051878869553,13:20:51.878,288.5600,100
48051878872147,13:20:51.878,288.5600,100
48051878888301,13:20:51.878,288.5700,50
48051878893015,13:20:51.878,288.5700,21
48051878908257,13:20:51.878,288.5700,29
48051878908257,13:20:51.878,288.5700,71
48051878916115,13:20:51.878,288.5700,100
48051878931659,13:20:51.878,288.5700,29
48052015114597,13:20:52.015,288.6600,5
48052346633773,13:20:52.346,288.6600,23
48052346915748,13:20:52.346,288.7000,1
48053153112120,13:20:53.153,288.7100,4
48053153112120,13:20:53.153,288.7100,15
48053153139397,13:20:53.153,288.7100,85
48053153411152,13:20:53.153,288.7200,100
48053864161069,13:20:53.864,288.7700,100
48103545374180,13:21:43.545,288.8500,1
48113256181289,13:21:53.256,288.7800,1
48217244041084,13:23:37.244,288.7700,1
48275339812217,13:24:35.339,288.7100,23
48297263636797,13:24:57.263,288.7100,100
48297263666074,13:24:57.263,288.7100,100
48425240737088,13:27:05.240,288.6800,1
48502671661436,13:28:22.671,288.6300,1
48502671695924,13:28:22.671,288.6300,1
48502671787333,13:28:22.671,288.6300,1
48535715812870,13:28:55.715,288.6700,1
48535874247243,13:28:55.874,288.7300,2
48574157779081,13:29:34.157,288.7700,1
48629119486074,13:30:29.119,288.5800,1
48633249339621,13:30:33.249,288.6700,1
48737243000423,13:32:17.243,288.6900,1
48841236886199,13:34:01.236,288.7000,1
48868257557548,13:34:28.257,288.7700,1
48868257557548,13:34:28.257,288.8000,39
48874430657659,13:34:34.430,288.8000,100
48874430688114,13:34:34.430,288.8000,3
48874430688114,13:34:34.430,288.8000,8
48874430688114,13:34:34.430,288.8000,4
48888287749150,13:34:48.287,288.6900,10
48945237958370,13:35:45.237,288.7450,1
48951243886776,13:35:51.243,288.8000,1
48951254131248,13:35:51.254,288.8000,40
48952019340612,13:35:52.019,288.8700,100
48952176578255,13:35:52.176,288.7700,75
48953206823455,13:35:53.206,288.8700,3
48955703929400,13:35:55.703,288.9000,100
48955703957874,13:35:55.703,288.9000,1
48955704289984,13:35:55.704,288.9100,1
48955728637324,13:35:55.728,288.8900,100
48955749619512,13:35:55.749,288.9400,76
48960139902026,13:36:00.139,288.9250,100
48960141041551,13:36:00.141,288.9300,100
48960713051871,13:36:00.713,288.9200,100
48961255509484,13:36:01.255,288.8700,11
48961255509484,13:36:01.255,288.8700,14
48961255547249,13:36:01.255,288.8700,86
48961255547249,13:36:01.255,288.8700,100
48961255955939,13:36:01.255,288.8700,1
48962281306485,13:36:02.281,288.9200,100
48991446579900,13:36:31.446,288.9400,5
48991447667469,13:36:31.447,288.9500,2
49049238855787,13:37:29.238,288.9700,1
49049238855787,13:37:29.238,288.9700,99
49049238886112,13:37:29.238,288.9700,1
49049239341560,13:37:29.239,288.9800,1
49050239269756,13:37:30.239,289.0400,1
49153545571360,13:39:13.545,289.0400,1
49201248259564,13:40:01.248,288.9600,4
49257237865898,13:40:57.237,289.0500,5
49257283256698,13:40:57.283,289.0200,1
49327044035979,13:42:07.044,288.9600,1
49327044074206,13:42:07.044,288.9600,20
49327044074206,13:42:07.044,288.9200,1
49465239348098,13:44:25.239,288.9300,1
49502316541113,13:45:02.316,288.7700,24
49503477114509,13:45:03.477,288.7700,36
49504138090448,13:45:04.138,288.7700,40
49504138090448,13:45:04.138,288.7300,60
49504138117212,13:45:04.138,288.7300,14
49504139203799,13:45:04.139,288.7300,26
49512954575305,13:45:12.954,288.6400,10
49513879023054,13:45:13.879,288.6500,100
49515915887932,13:45:15.915,288.7600,5
49515915887932,13:45:15.915,288.7700,5
49520232567173,13:45:20.232,288.8200,5
49523452762449,13:45:23.452,288.8700,100
49523453827931,13:45:23.453,288.8700,100
49568975423538,13:46:08.975,288.9200,1
49572238560455,13:46:12.238,288.9400,5
49572836721703,13:46:12.836,288.9600,2
49572836951797,13:46:12.836,288.9700,1
49572852702348,13:46:12.852,288.9800,1
49572860845901,13:46:12.860,289.0000,1
49572861137606,13:46:12.861,289.0000,100
49572861137606,13:46:12.861,289.0100,1
49572861139406,13:46:12.861,289.0100,99
49572861139406,13:46:12.861,289.0100,1
49572862228010,13:46:12.862,289.0300,1
49572862304428,13:46:12.862,289.0400,1
49572862304428,13:46:12.862,289.0400,99
49572862370931,13:46:12.862,289.0400,1
49572868544422,13:46:12.868,289.0600,1
49674253463050,13:47:54.253,289.0800,1
49858186994327,13:50:58.186,289.0800,6
49858689559324,13:50:58.689,288.8900,20
49858693403061,13:50:58.693,288.8900,80
49858693403061,13:50:58.693,288.8800,5
49858693403061,13:50:58.693,288.8700,2
49858693553035,13:50:58.693,288.8700,98
49878180460359,13:51:18.180,288.8400,20
49878180460359,13:51:18.180,288.8300,80
49910258314017,13:51:50.258,288.7600,75
49921252208834,13:52:01.252,288.7600,25
49921252208834,13:52:01.252,288.6500,100
49921252208834,13:52:01.252,288.6400,100
49921252208834,13:52:01.252,288.6400,5
49921253579621,13:52:01.253,288.6300,100
49921260903162,13:52:01.260,288.6000,29
49921260906468,13:52:01.260,288.6000,1672
49921260914715,13:52:01.260,288.6000,400
49921260928728,13:52:01.260,288.6000,349
49921260950698,13:52:01.260,288.5700,2
49921260958246,13:52:01.260,288.5700,40
49921260968455,13:52:01.260,288.5800,100
49921261059730,13:52:01.261,288.5700,50
49921261067741,13:52:01.261,288.5700,8
49921261124691,13:52:01.261,288.5900,18
49921261124691,13:52:01.261,288.6000,82
49921261237641,13:52:01.261,288.5700,18
49921261675466,13:52:01.261,288.5700,20
49921261675466,13:52:01.261,288.5700,10
49921262493080,13:52:01.262,288.6000,100
49921262543140,13:52:01.262,288.6000,100
49921262592859,13:52:01.262,288.6000,100
49921262847675,13:52:01.262,288.6000,100
49921262963685,13:52:01.262,288.6000,100
49921263076064,13:52:01.263,288.6000,100
49921264000579,13:52:01.264,288.6000,1900
49921264050317,13:52:01.264,288.6000,100
49921264107238,13:52:01.264,288.6000,98
49921264143277,13:52:01.264,288.6200,15
49921264179542,13:52:01.264,288.6700,17
49952134881276,13:52:32.134,288.5400,100
49952135228764,13:52:32.135,288.5300,100
49963510351733,13:52:43.510,288.6200,5
49963510351733,13:52:43.510,288.6200,10
49984304787835,13:53:04.304,288.7100,1
49984304818347,13:53:04.304,288.7200,100
49984304863800,13:53:04.304,288.7500,42
50008254817867,13:53:28.254,288.6300,100
50008254817867,13:53:28.254,288.6200,100
50008255626128,13:53:28.255,288.6100,100
50008255655510,13:53:28.255,288.6000,10
50008257503614,13:53:28.257,288.6300,100
50091426064655,13:54:51.426,288.6300,1
50156523119537,13:55:56.523,288.4600,100
50156523144355,13:55:56.523,288.4600,12
50208796362182,13:56:48.796,288.4500,5
50208796362182,13:56:48.796,288.4000,95
50208796389170,13:56:48.796,288.4000,5
50227261539522,13:57:07.261,288.4700,100
50235451935748,13:57:15.451,288.4800,100
50238651787998,13:57:18.651,288.4800,5
50238651787998,13:57:18.651,288.4800,1
50241034915825,13:57:21.034,288.4800,4
50241034915825,13:57:21.034,288.4800,5
50242022892396,13:57:22.022,288.4900,100
50250334747502,13:57:30.334,288.4900,100
50250334792439,13:57:30.334,288.4900,100
50250334792439,13:57:30.334,288.4900,100
50297237503732,13:58:17.237,288.4700,1
50331666447192,13:58:51.666,288.3500,14
50331667067287,13:58:51.667,288.3400,3
50331667067287,13:58:51.667,288.3400,11
50331671510408,13:58:51.671,288.3400,100
50331675743403,13:58:51.675,288.3100,12
50331678170163,13:58:51.678,288.3100,12
50334111708898,13:58:54.111,288.3100,5
50342874696444,13:59:02.874,288.3100,4
50342919166067,13:59:02.919,288.3100,4
50346473529532,13:59:06.473,288.3100,63
50346473529532,13:59:06.473,288.2300,99
50346473557162,13:59:06.473,288.2300,1
50364248857156,13:59:24.248,288.1300,1
50364249008275,13:59:24.249,288.1900,100
50371088124751,13:59:31.088,288.3600,300
50371088124751,13:59:31.088,288.3700,105
50391756820122,13:59:51.756,288.2600,13
50391756849440,13:59:51.756,288.2600,87
50391757074686,13:59:51.757,288.3200,30
50391757273240,13:59:51.757,288.2600,1
50391758418474,13:59:51.758,288.2600,20
50391758448039,13:59:51.758,288.2600,9
50402713299931,14:00:02.713,287.9000,10
50402714074280,14:00:02.714,288.1100,26
50405746001105,14:00:05.746,287.8200,100
50406729074273,14:00:06.729,288.1200,1
50406730517090,14:00:06.730,288.1300,2
50406730517090,14:00:06.730,288.1500,1
50406730517090,14:00:06.730,288.1600,1
50406730517090,14:00:06.730,288.1700,1
50406730517090,14:00:06.730,288.2100,95
50406730760647,14:00:06.730,288.2100,5
50406730904147,14:00:06.730,288.2100,25
50406730904147,14:00:06.730,288.2200,75
50406736679128,14:00:06.736,288.2100,25
50406736747825,14:00:06.736,288.2200,25
50406736747825,14:00:06.736,288.2200,75
50406972141677,14:00:06.972,288.2100,29
50406972654406,14:00:06.972,288.2200,25
50407073427221,14:00:07.073,288.1700,1
50407725899247,14:00:07.725,288.2900,1
50407726281964,14:00:07.726,288.3000,50
50407732620993,14:00:07.732,288.3100,1
50408592942336,14:00:08.592,288.3200,1
50408592942336,14:00:08.592,288.3300,1
50408592942336,14:00:08.592,288.3400,1
50408592942336,14:00:08.592,288.3500,1
50408592942336,14:00:08.592,288.3700,196
50408593549448,14:00:08.593,288.3700,99
50408593717848,14:00:08.593,288.3800,1
50408593848942,14:00:08.593,288.3900,2
50408593918425,14:00:08.593,288.4000,1
50408593996548,14:00:08.593,288.4100,1
50408594058238,14:00:08.594,288.4200,1
50408594099833,14:00:08.594,288.4300,1
50408595927062,14:00:08.595,288.4400,1
50408595927062,14:00:08.595,288.4500,1
50408596491007,14:00:08.596,288.4700,100
50408596491007,14:00:08.596,288.4700,100
50408596521751,14:00:08.596,288.5100,1
50408725921025,14:00:08.725,288.5400,1
50408732633257,14:00:08.732,288.5500,1
50408995479086,14:00:08.995,288.5700,1
50408995628949,14:00:08.995,288.5800,1
50408998017070,14:00:08.998,288.6100,16
50408998124312,14:00:08.998,288.6100,8
50409003417021,14:00:09.003,288.6100,76
50409003417021,14:00:09.003,288.6100,1
50409003477637,14:00:09.003,288.6200,1
50409003503746,14:00:09.003,288.6300,1
50409003503746,14:00:09.003,288.6400,1
50409003503746,14:00:09.003,288.6600,1
50409003541736,14:00:09.003,288.6700,2
50409006456345,14:00:09.006,288.7200,1
50409006778034,14:00:09.006,288.7300,1
50409008670739,14:00:09.008,288.5800,10
50409009960387,14:00:09.009,288.7300,1
50409010438519,14:00:09.010,288.7300,1
50409010504829,14:00:09.010,288.7300,1
50409011088616,14:00:09.011,288.7300,7
50409011144615,14:00:09.011,288.7500,1
50409012838909,14:00:09.012,288.6700,1
50409012875056,14:00:09.012,288.6700,9
50409016851945,14:00:09.016,288.6700,90
50409031537217,14:00:09.031,288.8100,1
50409962691840,14:00:09.962,288.6700,1
50409963044783,14:00:09.963,288.6700,1
50409963263543,14:00:09.963,288.6700,1
50411210066844,14:00:11.210,288.6700,1
50411210176635,14:00:11.210,288.6700,1
50411210249278,14:00:11.210,288.6700,1
50411210479026,14:00:11.210,288.6700,1
50411210594492,14:00:11.210,288.6700,1
50411211759611,14:00:11.211,288.6700,1
50411211894254,14:00:11.211,288.6700,1
50411211988915,14:00:11.211,288.8200,1
50411212213493,14:00:11.212,288.8200,1
50411212283741,14:00:11.212,288.8200,1
50411212423156,14:00:11.212,288.8200,1
50411212868823,14:00:11.212,288.8200,1
50411212932865,14:00:11.212,288.8200,1
50411213111596,14:00:11.213,288.8200,1
50411213282401,14:00:11.213,288.8200,1
50411213342880,14:00:11.213,288.8200,1
50411213451446,14:00:11.213,288.8200,1
50411213525637,14:00:11.213,288.8200,1
50411213932108,14:00:11.213,288.8200,1
50411213992791,14:00:11.213,288.8200,1
50411214046987,14:00:11.214,288.8200,1
50411214204334,14:00:11.214,288.8200,1
50411214255752,14:00:11.214,288.8200,1
50411214354184,14:00:11.214,288.8200,1
50411214401284,14:00:11.214,288.8200,1
50411214479571,14:00:11.214,288.8200,1
50411214566747,14:00:11.214,288.8200,1
50411214620389,14:00:11.214,288.8200,1
50411214711727,14:00:11.214,288.8200,1
50411214822977,14:00:11.214,288.8200,1
50411215049053,14:00:11.215,288.8200,1
50411215115252,14:00:11.215,288.8200,1
50411215245612,14:00:11.215,288.8200,1
50411215495327,14:00:11.215,288.8200,1
50411215674385,14:00:11.215,288.8200,1
50411215801035,14:00:11.215,288.8200,1
50411216035755,14:00:11.216,288.8200,1
50411216831675,14:00:11.216,288.8200,1
50411216908859,14:00:11.216,288.8200,1
50411216963024,14:00:11.216,288.8200,1
50411217011364,14:00:11.217,288.8200,1
50411217092779,14:00:11.217,288.8300,1
50411217172676,14:00:11.217,288.8300,2
50411217211487,14:00:11.217,288.7100,1
50411217221565,14:00:11.217,288.8700,2
50411223272678,14:00:11.223,288.7100,33
50411894487415,14:00:11.894,288.8500,1
50411894614657,14:00:11.894,288.8600,1
50411894744135,14:00:11.894,288.8700,1
50412225903155,14:00:12.225,288.8800,1
50412225903155,14:00:12.225,288.8800,99
50412226135683,14:00:12.226,288.7900,10
50413014093782,14:00:13.014,288.8800,10
50413020919393,14:00:13.020,288.8900,1
50413032163320,14:00:13.032,288.9600,1
50413033244870,14:00:13.033,288.9700,1
50413053294779,14:00:13.053,288.9800,1
50414176423701,14:00:14.176,289.0000,1
50414176454465,14:00:14.176,289.0100,1
50414306309201,14:00:14.306,289.0400,2
50414306632293,14:00:14.306,288.9600,10
50414306763797,14:00:14.306,289.0400,10
50414326806229,14:00:14.326,289.0400,10
50414326806229,14:00:14.326,289.0400,10
50415513072609,14:00:15.513,288.8800,12
50417591780247,14:00:17.591,288.8100,12
50417591888139,14:00:17.591,288.8100,12
50417591988865,14:00:17.591,288.8100,12
50417592087961,14:00:17.592,288.8100,12
50417592318762,14:00:17.592,288.8100,12
50420491064174,14:00:20.491,289.0500,1
50421531552374,14:00:21.531,289.0800,1
50423322725535,14:00:23.322,288.8700,1
50423325050165,14:00:23.325,289.0700,100
50423329095659,14:00:23.329,288.7600,1
50446510991399,14:00:46.510,288.7100,16
50446510991849,14:00:46.510,288.7100,14
50446511240000,14:00:46.511,288.7100,70
50446516266994,14:00:46.516,288.7100,100
50451098221402,14:00:51.098,288.7900,17
50451098237933,14:00:51.098,288.7900,60
50451098259865,14:00:51.098,288.7900,23
50458193019382,14:00:58.193,288.9500,100
50465671169480,14:01:05.671,289.1000,1
50465671283731,14:01:05.671,289.1300,1
50465688419615,14:01:05.688,289.1400,1
50465956948845,14:01:05.956,289.1500,1
50466031655510,14:01:06.031,289.1600,1
50466031655510,14:01:06.031,289.1700,99
50466044585450,14:01:06.044,289.1700,1
50466076843095,14:01:06.076,289.3000,41
50472423834628,14:01:12.423,289.1500,7
50472424290288,14:01:12.424,289.1500,7
50472447400921,14:01:12.447,289.1500,7
50472448341705,14:01:12.448,289.1500,7
50537826852027,14:02:17.826,288.9300,100
50537827162500,14:02:17.827,288.9100,70
50537828920970,14:02:17.828,288.9100,30
50537828920970,14:02:17.828,288.9000,11
50537828920970,14:02:17.828,288.8800,59
50537832761637,14:02:17.832,288.8800,3
50537843453762,14:02:17.843,288.8800,38
50537878671389,14:02:17.878,288.8100,10
50543056675736,14:02:23.056,289.0100,1
50576396711403,14:02:56.396,289.0900,100
50576396711403,14:02:56.396,289.0900,11
50576407046604,14:02:56.407,289.0900,100
50593166816798,14:03:13.166,289.2400,5
50593166816798,14:03:13.166,289.2400,95
50593166838646,14:03:13.166,289.2400,5
50609485825204,14:03:29.485,289.3900,100
50613019709606,14:03:33.019,289.4400,1
50647646021843,14:04:07.646,289.4100,100
50690528108707,14:04:50.528,289.5700,100
50704160715306,14:05:04.160,289.7500,3
50705068303524,14:05:05.068,289.6900,5
50705068317058,14:05:05.068,289.6900,5
50705068338907,14:05:05.068,289.6900,95
50714251551143,14:05:14.251,289.8600,1
50817238045190,14:06:57.238,289.7100,1
50856307552353,14:07:36.307,289.4800,10
50878908947254,14:07:58.908,289.4800,90
50878908947254,14:07:58.908,289.4800,10
50878909499438,14:07:58.909,289.4600,50
50878909526448,14:07:58.909,289.4600,50
50878910288376,14:07:58.910,289.5300,5
50878993070030,14:07:58.993,289.5800,5
50878993070030,14:07:58.993,289.5800,1
50928066372853,14:08:48.066,289.8900,5
50928067484505,14:08:48.067,289.8900,5
50928067569521,14:08:48.067,289.8900,5
50934252303668,14:08:54.252,289.6900,1
50981984904193,14:09:41.984,289.5400,10
50997732981684,14:09:57.732,289.5400,100
50997733038263,14:09:57.733,289.5400,100
50997733340736,14:09:57.733,289.5400,100
50997733340736,14:09:57.733,289.5300,100
50997733356889,14:09:57.733,289.5300,44
50997733362528,14:09:57.733,289.5300,31
50997733417849,14:09:57.733,289.5300,25
50997733500688,14:09:57.733,289.5200,25
51006088579098,14:10:06.088,289.6000,11
51061021150696,14:11:01.021,289.7000,100
51061021190728,14:11:01.021,289.7100,41
51061021192854,14:11:01.021,289.7100,31
51061021208773,14:11:01.021,289.7100,28
51061021208773,14:11:01.021,289.7100,5
51089124861530,14:11:29.124,289.9600,16
51089124862412,14:11:29.124,289.9600,50
51089125077015,14:11:29.125,289.9600,8
51089125080771,14:11:29.125,289.9600,16
51089139384299,14:11:29.139,289.9600,10
51134139358658,14:12:14.139,289.8100,1
51182250570899,14:13:02.250,289.9700,5
51182250570899,14:13:02.250,289.9700,100
51182250570899,14:13:02.250,289.9800,100
51182250570899,14:13:02.250,289.9800,100
51182250637920,14:13:02.250,289.9900,26
51182270803658,14:13:02.270,290.0000,10
51182270803658,14:13:02.270,290.0000,40
51182270803658,14:13:02.270,290.0000,100
51182270803658,14:13:02.270,290.0000,50
51182270805404,14:13:02.270,290.0000,207
51182270864533,14:13:02.270,289.9800,47
51182271201475,14:13:02.271,290.0000,20
51182271513691,14:13:02.271,289.9900,48
51182271565166,14:13:02.271,290.0000,10
51183667077183,14:13:03.667,289.9800,48
51222054419661,14:13:42.054,289.8600,10
51234242772314,14:13:54.242,290.0600,1
51234243188055,14:13:54.243,289.9900,23
51234243223137,14:13:54.243,289.9900,77
51246499867940,14:14:06.499,290.0900,5
51256389232261,14:14:16.389,290.1300,100
51256389232261,14:14:16.389,290.1300,3
51337247419833,14:15:37.247,290.0800,1
51348212561181,14:15:48.212,289.9600,10
51369318083568,14:16:09.318,290.2000,84
51369318205319,14:16:09.318,290.2000,16
51369318205319,14:16:09.318,290.2300,84
51369318344850,14:16:09.318,290.2300,16
51369318344850,14:16:09.318,290.2300,84
51369374273880,14:16:09.374,290.2000,10
51369374273880,14:16:09.374,290.2300,16
51369374273880,14:16:09.374,290.2300,6
51369374273880,14:16:09.374,290.2300,68
51380199818000,14:16:20.199,290.2300,32
51380199818000,14:16:20.199,290.2800,8
51406366978519,14:16:46.366,290.3000,87
51417015589098,14:16:57.015,290.1100,10
51417016120407,14:16:57.016,290.1100,90
51417016159013,14:16:57.016,290.1000,64
51417016167117,14:16:57.016,290.1000,36
51429647224530,14:17:09.647,290.2300,100
51429649024913,14:17:09.649,290.2300,60
51429695987067,14:17:09.695,290.2300,40
51429695987067,14:17:09.695,290.3100,60
51429696501153,14:17:09.696,290.3100,40
51429696501153,14:17:09.696,290.3100,60
51429696949104,14:17:09.696,290.3100,11
51429725357121,14:17:09.725,290.3700,20
51429725370710,14:17:09.725,290.3700,80
51429725469437,14:17:09.725,290.3400,2
51429725485631,14:17:09.725,290.3400,20
51429725504519,14:17:09.725,290.3700,4
51429725506149,14:17:09.725,290.3700,13
51429730229384,14:17:09.730,290.3700,2
51429730229384,14:17:09.730,290.3700,20
51432604040131,14:17:12.604,290.4600,100
51434220792089,14:17:14.220,290.3400,100
51434220798360,14:17:14.220,290.3400,200
51434220798360,14:17:14.220,290.3300,100
51434220864519,14:17:14.220,290.3200,200
51434220864519,14:17:14.220,290.3200,100
51434221065531,14:17:14.221,290.3300,20
51434221066769,14:17:14.221,290.3300,36
51434221112888,14:17:14.221,290.3300,100
51434221129498,14:17:14.221,290.3300,100
51434287904743,14:17:14.287,290.1800,4
51467015677415,14:17:47.015,290.2200,5
51473963610408,14:17:53.963,290.2200,100
51473976259509,14:17:53.976,290.1700,1
51512827760486,14:18:32.827,290.0800,1
51512827931715,14:18:32.827,290.0700,19
51549391478043,14:19:09.391,290.1700,10
51549391478043,14:19:09.391,290.1800,11
51549391496743,14:19:09.391,290.1800,60
51549391519452,14:19:09.391,290.1800,29
51583918649140,14:19:43.918,290.3300,6
51586521455920,14:19:46.521,290.3300,20
51586521455920,14:19:46.521,290.3300,20
51586521455920,14:19:46.521,290.3300,5
51586521455920,14:19:46.521,290.3300,25
51589142739791,14:19:49.142,290.3300,25
51595580810195,14:19:55.580,290.1000,10
51642540808371,14:20:42.540,290.1000,4
51648022984606,14:20:48.022,290.1000,96
51648022984606,14:20:48.022,290.1000,5
51648023587705,14:20:48.023,290.0900,49
51648023613472,14:20:48.023,290.0900,3
51648023614930,14:20:48.023,290.0900,48
51648024067435,14:20:48.024,290.0400,14
51648024258975,14:20:48.024,290.0400,1
51649400730554,14:20:49.400,290.2300,200
51653999463489,14:20:53.999,290.2400,100
51653999780459,14:20:53.999,290.2400,19
51653999782807,14:20:53.999,290.2400,81
51653999782807,14:20:53.999,290.2400,19
51654000146905,14:20:54.000,290.2400,18
51654000391699,14:20:54.000,290.2400,63
51654000391699,14:20:54.000,290.2400,6
51654000893538,14:20:54.000,290.2700,13
51654024011822,14:20:54.024,290.2700,13
51660630405190,14:21:00.630,290.3900,100
51664407379068,14:21:04.407,290.4400,100
51665106602148,14:21:05.106,290.4400,100
51677552728351,14:21:17.552,290.5000,1
51715223180605,14:21:55.223,290.4700,100
51726505572593,14:22:06.505,290.6000,1
51726510233924,14:22:06.510,290.6000,5
51753244444138,14:22:33.244,290.6200,1
51754093240154,14:22:34.093,290.4400,1
51857236983234,14:24:17.236,290.6500,1
51870680595149,14:24:30.680,290.5100,100
51874912447031,14:24:34.912,290.5100,5
51874912447031,14:24:34.912,290.4900,95
51874912522860,14:24:34.912,290.4900,5
51874912575850,14:24:34.912,290.4800,11
51874912744739,14:24:34.912,290.4800,22
51874912808670,14:24:34.912,290.4800,67
51874912808670,14:24:34.912,290.4800,33
51874912890655,14:24:34.912,290.4800,5
51874913027164,14:24:34.913,290.4800,5
51874913068864,14:24:34.913,290.4800,20
51874913082303,14:24:34.913,290.4800,5
51874948541778,14:24:34.948,290.4800,65
51874948541778,14:24:34.948,290.4800,100
51874948541778,14:24:34.948,290.4800,11
51875406597202,14:24:35.406,290.5900,4
51875406632829,14:24:35.406,290.5900,25
51877909004404,14:24:37.909,290.4900,100
51877912589593,14:24:37.912,290.4800,56
51877919877100,14:24:37.919,290.4300,100
51961242404199,14:26:01.242,290.4100,1
51967243322428,14:26:07.243,290.4400,1
51969050796902,14:26:09.050,290.4100,100
51971762325595,14:26:11.762,290.4100,7
51986266595662,14:26:26.266,290.4100,10
51987186957275,14:26:27.186,290.4100,100
51987186973844,14:26:27.186,290.4100,15
51987186980147,14:26:27.186,290.4100,15
51987187315751,14:26:27.187,290.4100,100
52031005385610,14:27:11.005,290.5100,8
52031603081126,14:27:11.603,290.5400,5
52031603081126,14:27:11.603,290.5400,3
52031603081126,14:27:11.603,290.5400,92
52031603113879,14:27:11.603,290.5400,91
52031603143939,14:27:11.603,290.5400,9
52032385957831,14:27:12.385,290.5400,100
52040235593283,14:27:20.235,290.4100,52
52065240620790,14:27:45.240,290.2400,1
52072488050487,14:27:52.488,290.2000,5
52078213450975,14:27:58.213,290.1500,20
52106497162653,14:28:26.497,290.0000,100
52137201518920,14:28:57.201,289.9800,100
52137201555498,14:28:57.201,289.9800,67
52137201648427,14:28:57.201,289.9800,1
52144978677297,14:29:04.978,290.0900,20
52203247810234,14:30:03.247,289.9900,100
52203269148428,14:30:03.269,289.9800,100
52220222235668,14:30:20.222,289.7700,1
52232180366798,14:30:32.180,289.8450,100
52232180366798,14:30:32.180,289.9900,5
52238131956026,14:30:38.131,289.8000,100
52253898502523,14:30:53.898,289.5600,100
52270622000649,14:31:10.622,289.5600,1
52273239262132,14:31:13.239,289.6500,1
52273239276029,14:31:13.239,289.6500,14
52273239297772,14:31:13.239,289.6500,1
52273239360815,14:31:13.239,289.6500,13
52282200136183,14:31:22.200,289.4600,100
52282200136183,14:31:22.200,289.4600,22
52282200580524,14:31:22.200,289.4600,8
52282200584837,14:31:22.200,289.4600,5
52282201295326,14:31:22.201,289.4600,65
52295102461468,14:31:35.102,289.2300,13
52299208774257,14:31:39.208,289.3500,100
52299208774257,14:31:39.208,289.3900,100
52299208774257,14:31:39.208,289.4000,100
52299210272985,14:31:39.210,289.3900,100
52299210272985,14:31:39.210,289.4000,200
52299210302782,14:31:39.210,289.4000,97
52299210709103,14:31:39.210,289.4000,3
52300078255534,14:31:40.078,289.5200,10
52300078255534,14:31:40.078,289.5200,5
52308632638035,14:31:48.632,289.3200,88
52323268381564,14:32:03.268,289.2800,100
52323268381564,14:32:03.268,289.2800,2
52323268412551,14:32:03.268,289.2800,10
52323268873573,14:32:03.268,289.4000,10
52377236605402,14:32:57.236,289.4200,1
52377236689892,14:32:57.236,289.4200,20
52395957929057,14:33:15.957,289.3000,5
52428908018263,14:33:48.908,289.4600,3
52428918825962,14:33:48.918,289.5300,94
52428918852591,14:33:48.918,289.5300,6
52433254888974,14:33:53.254,289.5900,20
52433255135947,14:33:53.255,289.5900,9
52433255138120,14:33:53.255,289.5900,30
52433255313839,14:33:53.255,289.5900,41
52433257168915,14:33:53.257,289.6000,20
52433257213793,14:33:53.257,289.6000,1
52433257226443,14:33:53.257,289.6000,79
52433257687124,14:33:53.257,289.7200,100
52433257940279,14:33:53.257,289.7200,100
52433258092847,14:33:53.258,289.7200,100
52433299526910,14:33:53.299,289.6600,5
52532244188364,14:35:32.244,289.5700,2
52557034830146,14:35:57.034,289.4400,100
52557034884007,14:35:57.034,289.4300,30
52557034889346,14:35:57.034,289.4300,30
52557034933434,14:35:57.034,289.4300,40
52557034933434,14:35:57.034,289.4200,10
52557034933434,14:35:57.034,289.4200,5
52566044430227,14:36:06.044,289.2400,2
52572397629669,14:36:12.397,289.1300,1
52572397629669,14:36:12.397,289.1100,9
52572398127409,14:36:12.398,289.1100,91
52636826159834,14:37:16.826,289.3000,100
52636826233333,14:37:16.826,289.3000,1
52637955336904,14:37:17.955,289.4000,100
52637955336904,14:37:17.955,289.4100,1
52637955336904,14:37:17.955,289.4200,100
52637955336904,14:37:17.955,289.4200,99
52637955736304,14:37:17.955,289.4200,1
52637955736304,14:37:17.955,289.4200,2
52637955761250,14:37:17.955,289.4200,98
52637955812389,14:37:17.955,289.4300,1
52644094397393,14:37:24.094,289.4800,1
52644094449198,14:37:24.094,289.4900,100
52644094449198,14:37:24.094,289.4900,1
52644094449198,14:37:24.094,289.4900,5
52644094481885,14:37:24.094,289.4900,8
52644094520291,14:37:24.094,289.4900,20
52644094549822,14:37:24.094,289.4900,67
52644094598359,14:37:24.094,289.5100,2
52645094387360,14:37:25.094,289.5500,1
52646761599352,14:37:26.761,289.5700,1
52646761805459,14:37:26.761,289.5800,1
52654096258033,14:37:34.096,289.4200,1
52667785488969,14:37:47.785,289.6000,1
52667785488969,14:37:47.785,289.6000,99
52667785772910,14:37:47.785,289.6000,1
52667790382924,14:37:47.790,289.6300,1
52689238050358,14:38:09.238,289.6500,1
52689238058989,14:38:09.238,289.5700,1
52711322470965,14:38:31.322,289.4200,5
52711322470965,14:38:31.322,289.4200,95
52711322503575,14:38:31.322,289.4200,5
52711322503575,14:38:31.322,289.4200,2
52711322506291,14:38:31.322,289.4200,22
52711322510651,14:38:31.322,289.4200,7
52711322519990,14:38:31.322,289.4200,59
52711322523850,14:38:31.322,289.4200,7
52711322530919,14:38:31.322,289.4200,5
52711322613354,14:38:31.322,289.4100,100
52711352611400,14:38:31.352,289.3300,2
52727461063757,14:38:47.461,289.5300,100
52727461135746,14:38:47.461,289.5300,40
52727461164300,14:38:47.461,289.5300,60
52727461164300,14:38:47.461,289.5300,14
52727517468775,14:38:47.517,289.6600,1
52727655183396,14:38:47.655,289.7000,1
52728212534362,14:38:48.212,289.7100,1
52728212550206,14:38:48.212,289.7200,43
52728212614341,14:38:48.212,289.7200,57
52731514807729,14:38:51.514,289.7500,1
52751751330663,14:39:11.751,289.5100,3
52755506738994,14:39:15.506,289.3800,1
52755506827598,14:39:15.506,289.3700,1
52790716145507,14:39:50.716,289.1700,100
52794718116661,14:39:54.718,289.1600,100
52810120293731,14:40:10.120,289.3200,100
52903525593415,14:41:43.525,289.2200,1
52954024471206,14:42:34.024,289.2000,2
52963997208931,14:42:43.997,289.2600,33
52971525113337,14:42:51.525,289.3300,100
52971525113337,14:42:51.525,289.3300,100
52971928466042,14:42:51.928,289.2100,13
52971928466042,14:42:51.928,289.2100,87
52971930101468,14:42:51.930,289.2000,48
52971930101468,14:42:51.930,289.2000,52
52971930171459,14:42:51.930,289.2000,48
52971930171459,14:42:51.930,289.2000,1
52971934285006,14:42:51.934,289.1700,13
52971934655882,14:42:51.934,289.1700,1
52995085124690,14:43:15.085,288.9600,100
52995085169778,14:43:15.085,288.9600,5
52995085169778,14:43:15.085,288.9600,10
52995085609395,14:43:15.085,288.9300,6
52995085635969,14:43:15.085,288.9300,28
52995086705960,14:43:15.086,288.9300,1
52996102094315,14:43:16.102,288.9300,15
52996102095868,14:43:16.102,288.9300,4
53017527787698,14:43:37.527,289.1000,100
53017725655754,14:43:37.725,289.0100,100
53018034700184,14:43:38.034,289.1400,200
53029087914929,14:43:49.087,289.2500,1
53029087914929,14:43:49.087,289.2500,33
53029087934787,14:43:49.087,289.2500,15
53029087935439,14:43:49.087,289.2500,14
53029088342123,14:43:49.088,289.2500,16
53029088409070,14:43:49.088,289.2500,30
53029099595079,14:43:49.099,289.2800,1
53047926336426,14:44:07.926,289.1100,100
53073886238724,14:44:33.886,289.0900,3
53105239436329,14:45:05.239,289.1300,1
53132655841257,14:45:32.655,289.0500,100
53132655902059,14:45:32.655,289.0400,100
53132659977309,14:45:32.659,289.0300,5
53133685352002,14:45:33.685,288.9500,4
53152992211222,14:45:52.992,288.9500,16
53152992211222,14:45:52.992,288.8800,84
53152992256022,14:45:52.992,288.8800,16
53154268607080,14:45:54.268,288.8700,1
53155924198673,14:45:55.924,288.9300,2
53160490266031,14:46:00.490,289.0200,100
53160490266031,14:46:00.490,289.0200,100
53160492075557,14:46:00.492,289.0300,3
53160493532655,14:46:00.493,289.0300,97
53160493532655,14:46:00.493,289.0300,100
53160510121701,14:46:00.510,289.0900,100
53160510161176,14:46:00.510,289.1000,100
53160510568998,14:46:00.510,289.1200,10
53160510607586,14:46:00.510,289.1200,19
53160515417608,14:46:00.515,289.1200,71
53160515460204,14:46:00.515,289.1600,1
53160515483881,14:46:00.515,289.1600,99
53161490139749,14:46:01.490,289.2100,1
53161490230400,14:46:01.490,289.2600,1
53189254659631,14:46:29.254,289.3100,100
53189257359444,14:46:29.257,289.3200,100
53189259170747,14:46:29.259,289.3300,100
53189259396379,14:46:29.259,289.3300,50
53189260209136,14:46:29.260,289.3300,50
53196527278715,14:46:36.527,289.5200,1
53196527342206,14:46:36.527,289.4200,30
53196527342206,14:46:36.527,289.3400,100
53196527342206,14:46:36.527,289.3300,70
53196527371124,14:46:36.527,289.3300,30
53196527371124,14:46:36.527,289.3300,100
53196529462826,14:46:36.529,289.3400,100
53200932695650,14:46:40.932,289.4400,31
53240393590841,14:47:20.393,289.5500,100
53240394566721,14:47:20.394,289.5500,100
53240408658742,14:47:20.408,289.6100,1
53240408702774,14:47:20.408,289.6300,1
53240408742192,14:47:20.408,289.6500,1
53245102369801,14:47:25.102,289.5500,39
53245102401349,14:47:25.102,289.5500,61
53245121550158,14:47:25.121,289.6500,10
53270938712192,14:47:50.938,289.5500,4
53298083522179,14:48:18.083,289.5500,6
53298083522179,14:48:18.083,289.5500,5
53298083522179,14:48:18.083,289.5500,5
53299819414825,14:48:19.819,289.4500,2
53299819441268,14:48:19.819,289.4500,1
53330739997178,14:48:50.739,289.6100,100
53330740983189,14:48:50.740,289.6100,90
53330741009854,14:48:50.741,289.6100,10
53337028991409,14:48:57.028,289.5800,1
53365147128791,14:49:25.147,289.4600,1
53408557410270,14:50:08.557,289.3800,100
53408557436655,14:50:08.557,289.3800,5
53408557436655,14:50:08.557,289.3800,5
53408557436655,14:50:08.557,289.3800,3
53408557436655,14:50:08.557,289.3800,10
53408564762722,14:50:08.564,289.3600,50
53408565326161,14:50:08.565,289.3600,50
53418341426054,14:50:18.341,289.2100,1
53418341426054,14:50:18.341,289.1900,99
53418341550704,14:50:18.341,289.1900,1
53454748645720,14:50:54.748,289.0400,100
53465125236184,14:51:05.125,289.0300,100
53465125236184,14:51:05.125,289.0300,5
53465125679270,14:51:05.125,289.0000,11
53465126073203,14:51:05.126,289.0000,2
53465126084571,14:51:05.126,288.9900,14
53465126086056,14:51:05.126,288.9900,13
53522816843485,14:52:02.816,289.1400,7
53522817025665,14:52:02.817,289.1400,7
53522817028384,14:52:02.817,289.1500,100
53522818454818,14:52:02.818,289.1500,20
53522818454818,14:52:02.818,289.1500,20
53522818454818,14:52:02.818,289.1500,20
53522821857991,14:52:02.821,289.1600,100
53522821983341,14:52:02.821,289.1700,51
53522822267540,14:52:02.822,289.1700,49
53522823070150,14:52:02.823,289.2300,28
53522826094343,14:52:02.826,289.2300,72
53522826289583,14:52:02.826,289.2300,29
53522826417138,14:52:02.826,289.1600,29
53523292371033,14:52:03.292,289.1500,4
53523292515292,14:52:03.292,289.1500,78
53523292919626,14:52:03.292,289.1800,1
53526531714223,14:52:06.531,289.2300,29
53539387963358,14:52:19.387,289.3400,37
53539387971979,14:52:19.387,289.3400,63
53540065679849,14:52:20.065,289.4500,1
53540141164644,14:52:20.141,289.5100,1
53540390912467,14:52:20.390,289.5300,100
53540827149260,14:52:20.827,289.6300,1
53540827430668,14:52:20.827,289.6400,1
53541535923527,14:52:21.535,289.7100,1
53541557502051,14:52:21.557,289.7600,1
53541557785009,14:52:21.557,289.7700,1
53546504621399,14:52:26.504,289.7900,1
53546504751051,14:52:26.504,289.7100,28
53546504982496,14:52:26.504,289.7900,1
53549356999575,14:52:29.356,289.6300,13
53549357005483,14:52:29.357,289.6300,14
53549357010915,14:52:29.357,289.6300,13
53549359184158,14:52:29.359,289.6200,41
53549359222720,14:52:29.359,289.6200,20
53549359247655,14:52:29.359,289.6200,39
53596040286766,14:53:16.040,289.7400,100
53596040313312,14:53:16.040,289.7400,27
53596040379033,14:53:16.040,289.7400,19
53596040386313,14:53:16.040,289.7400,40
53596040387741,14:53:16.040,289.7400,18
53596040393061,14:53:16.040,289.7400,23
53596040393061,14:53:16.040,289.7400,70
53596040396663,14:53:16.040,289.7500,30
53596040408227,14:53:16.040,289.7500,40
53596040425081,14:53:16.040,289.7500,1
53596040765922,14:53:16.040,289.7500,14
53596040774124,14:53:16.040,289.7500,15
53596536998726,14:53:16.536,289.8000,1
53596537114234,14:53:16.537,289.8200,1
53596537396784,14:53:16.537,289.8300,1
53596537665511,14:53:16.537,289.8400,1
53596537938824,14:53:16.537,289.8600,1
53599814754446,14:53:19.814,289.8900,1
53599814754446,14:53:19.814,289.8900,99
53604062255584,14:53:24.062,289.9100,1
53604064696318,14:53:24.064,289.9200,1
53604070190227,14:53:24.070,289.9300,1
53614540863520,14:53:34.540,289.9400,1
53615151226288,14:53:35.151,289.9000,5
53625240386347,14:53:45.240,289.8100,1
53632509443738,14:53:52.509,289.9600,11
53676908622000,14:54:36.908,289.6700,100
53679511517730,14:54:39.511,289.6500,100
53679511545827,14:54:39.511,289.6500,3
53679511545827,14:54:39.511,289.6500,5
53679512321281,14:54:39.512,289.6000,3
53679512376447,14:54:39.512,289.6000,97
53679516986426,14:54:39.516,289.6000,70
53697084209058,14:54:57.084,289.5000,1
53789162552572,14:56:29.162,289.4500,100
53789197378060,14:56:29.197,289.4300,2
53802457970221,14:56:42.457,289.7800,3
53802468594897,14:56:42.468,289.8000,100
53803681045301,14:56:43.681,289.8800,1
53803681841655,14:56:43.681,289.9000,1
53804579898657,14:56:44.579,289.9100,100
53804579898657,14:56:44.579,289.9200,100
53804588988450,14:56:44.588,289.9200,100
53804594538114,14:56:44.594,289.9400,1
53804600928330,14:56:44.600,289.9200,100
53804600991124,14:56:44.600,289.9200,100
53808758480571,14:56:48.758,289.7800,29
53808758489881,14:56:48.758,289.7800,20
53808758505698,14:56:48.758,289.7800,51
53857707673657,14:57:37.707,289.5200,2
53860370922381,14:57:40.370,289.6200,8
53864852620935,14:57:44.852,289.5000,100
53864856067716,14:57:44.856,289.6500,100
53864856067716,14:57:44.856,289.6500,100
53864857361809,14:57:44.857,289.6800,100
53864859243260,14:57:44.859,289.9300,100
53865129311974,14:57:45.129,289.9700,1
53865129648460,14:57:45.129,289.8700,30
53937241383714,14:58:57.241,289.9000,1
53947823636115,14:59:07.823,289.7700,100
53947823636115,14:59:07.823,289.7700,3
53977034753219,14:59:37.034,289.5400,100
53977036765471,14:59:37.036,289.4600,1
54025531159914,15:00:25.531,289.3800,15
54025531159914,15:00:25.531,289.3800,25
54025531159914,15:00:25.531,289.4000,40
54068209928627,15:01:08.209,289.4000,20
54068209928627,15:01:08.209,289.3800,23
54084053152212,15:01:24.053,289.3900,100
54084053152212,15:01:24.053,289.3900,13
54088575981929,15:01:28.575,289.3600,24
54117232916189,15:01:57.232,289.3900,1
54124683821465,15:02:04.683,289.5000,100
54145248958893,15:02:25.248,289.5200,1
54151571367279,15:02:31.571,289.4400,100
54151571762296,15:02:31.571,289.4300,1
54160789185578,15:02:40.789,289.5900,100
54161540958274,15:02:41.540,289.6100,100
54161540994111,15:02:41.540,289.6200,17
54161541066089,15:02:41.541,289.6200,83
54161541066089,15:02:41.541,289.6200,3
54161541095519,15:02:41.541,289.6200,100
54161541193265,15:02:41.541,289.6200,100
54161541652894,15:02:41.541,289.6500,100
54161541652894,15:02:41.541,289.6600,79
54161542030043,15:02:41.542,289.6600,21
54161542030043,15:02:41.542,289.6600,100
54176425090212,15:02:56.425,289.5800,26
54176425098150,15:02:56.425,289.5800,40
54176425100620,15:02:56.425,289.5800,34
54176425103293,15:02:56.425,289.5700,26
54176425141285,15:02:56.425,289.5700,18
54176425148451,15:02:56.425,289.5700,20
54176425149657,15:02:56.425,289.5700,2
54176425170701,15:02:56.425,289.5700,34
54176425170701,15:02:56.425,289.5700,5
54176425284317,15:02:56.425,289.5600,38
54176425842313,15:02:56.425,289.5600,1
54177005929558,15:02:57.005,289.5600,3
54183855506419,15:03:03.855,289.6600,100
54183855592907,15:03:03.855,289.6700,100
