timestamp,time,price,volume
34200436522071,09:30:00.436,0.0000,0
34360150994344,09:32:40.150,21.1400,100
34411684796736,09:33:31.684,21.0900,100
34560545815511,09:36:00.545,21.1500,100
35413746480058,09:50:13.746,21.1500,100
35413829855639,09:50:13.829,21.1500,100
35504403778264,09:51:44.403,21.1600,78
35506089446646,09:51:46.089,21.1600,22
35532534240451,09:52:12.534,21.1500,100
35881722741956,09:58:01.722,21.1500,100
36012123051623,10:00:12.123,21.1500,34
36012145190623,10:00:12.145,21.1500,66
36167597539777,10:02:47.597,21.1500,100
36167597615339,10:02:47.597,21.1500,100
36267176292923,10:04:27.176,21.1400,63
36327571089609,10:05:27.571,21.1300,100
36327571089609,10:05:27.571,21.1300,100
36327571685327,10:05:27.571,21.1300,100
36327577585554,10:05:27.577,21.1300,42
36506800720570,10:08:26.800,21.1800,100
37057124792641,10:17:37.124,21.2200,100
37555900750046,10:25:55.900,21.1900,100
37555901173023,10:25:55.901,21.1900,100
38257444337224,10:37:37.444,21.2200,100
38468344954585,10:41:08.344,21.2300,100
38478399153465,10:41:18.399,21.2300,29
38713603850602,10:45:13.603,21.2500,79
38713603851867,10:45:13.603,21.2500,21
38713604128966,10:45:13.604,21.2500,57
38713604129371,10:45:13.604,21.2500,35
39459475499254,10:57:39.475,21.2300,100
39899218203101,11:04:59.218,21.2600,100
39899224312949,11:04:59.224,21.2500,100
39899226385139,11:04:59.226,21.2500,100
40531309184882,11:15:31.309,21.2700,1
40716391682748,11:18:36.391,21.2800,100
40716391682748,11:18:36.391,21.2800,29
40716391708346,11:18:36.391,21.2800,71
40716391708346,11:18:36.391,21.2800,100
40716391710207,11:18:36.391,21.2800,100
40741091911317,11:19:01.091,21.2900,100
41110390131857,11:25:10.390,21.2400,65
41110390134913,11:25:10.390,21.2400,35
41346425875511,11:29:06.425,21.2800,20
41346426121621,11:29:06.426,21.2800,55
41346636898533,11:29:06.636,21.2800,25
41346636898533,11:29:06.636,21.2800,75
41346636958440,11:29:06.636,21.2800,25
41346636958440,11:29:06.636,21.2800,75
41346637021696,11:29:06.637,21.2800,25
42028211183886,11:40:28.211,21.2900,100
42101400967501,11:41:41.400,21.3100,100
42229127003843,11:43:49.127,21.3200,100
42349723260117,11:45:49.723,21.3100,100
42707226224997,11:51:47.226,21.2800,100
42707226224997,11:51:47.226,21.2800,100
42707226224997,11:51:47.226,21.2800,100
42707226224997,11:51:47.226,21.2800,200
42751147424670,11:52:31.147,21.2600,100
43643970051874,12:07:23.970,21.3000,100
43643970051874,12:07:23.970,21.3000,100
43643970051874,12:07:23.970,21.3000,100
43858885541799,12:10:58.885,21.3200,100
43858885541799,12:10:58.885,21.3200,100
43858885543239,12:10:58.885,21.3200,100
43858885543239,12:10:58.885,21.3200,100
43867234059379,12:11:07.234,21.3300,100
44562250220491,12:22:42.250,21.2800,100
44794819361190,12:26:34.819,21.2300,100
44862727892891,12:27:42.727,21.2100,100
45262649423705,12:34:22.649,21.2400,100
45262649423705,12:34:22.649,21.2400,100
45262650000406,12:34:22.650,21.2400,22
45308148996443,12:35:08.148,21.2400,38
45308148996443,12:35:08.148,21.2400,62
45319157614791,12:35:19.157,21.2400,38
45717730774109,12:41:57.730,21.2500,49
45717730866879,12:41:57.730,21.2500,16
45717730895245,12:41:57.730,21.2500,35
45717730895245,12:41:57.730,21.2500,67
45717730905621,12:41:57.730,21.2500,33
45731687565719,12:42:11.687,21.2400,100
45775801816176,12:42:55.801,21.2400,14
45784503677264,12:43:04.503,21.2400,16
46351926538066,12:52:31.926,21.2700,100
46377064886136,12:52:57.064,21.2600,15
46557659599636,12:55:57.659,21.2500,47
47102721078370,13:05:02.721,21.2700,22
47511416409440,13:11:51.416,21.3200,100
47517855619128,13:11:57.855,21.3200,100
47517855684532,13:11:57.855,21.3200,97
47775868084837,13:16:15.868,21.2900,100
47877082091758,13:17:57.082,21.2800,31
47946204834573,13:19:06.204,21.2800,69
47946204834573,13:19:06.204,21.2800,31
47946205065273,13:19:06.205,21.2800,46
47946205095832,13:19:06.205,21.2800,23
47946205095832,13:19:06.205,21.2800,25
47946205222157,13:19:06.205,21.2800,75
47946205222157,13:19:06.205,21.2800,25
47946205535314,13:19:06.205,21.2800,49
47946205608548,13:19:06.205,21.2800,8
48300849189918,13:25:00.849,21.2800,47
48300849192954,13:25:00.849,21.2800,53
48948689694386,13:35:48.689,21.2600,42
48948689694930,13:35:48.689,21.2600,47
48948691272132,13:35:48.691,21.2600,11
48948691272132,13:35:48.691,21.2600,45
48970743967554,13:36:10.743,21.2600,55
49295630194059,13:41:35.630,21.2600,6
49678357385157,13:47:58.357,21.2500,100
49678357385157,13:47:58.357,21.2500,100
49678357385157,13:47:58.357,21.2500,100
49678357530949,13:47:58.357,21.2500,2
49678357535416,13:47:58.357,21.2500,86
49678357666099,13:47:58.357,21.2500,12
49844976695301,13:50:44.976,21.2400,100
50440781308548,14:00:40.781,21.3100,100
51183494666794,14:13:03.494,21.3800,100
51187737591453,14:13:07.737,21.3800,100
51900443959857,14:25:00.443,21.4100,87
51900444102276,14:25:00.444,21.4100,13
51900444102276,14:25:00.444,21.4100,1
51900444115308,14:25:00.444,21.4100,91
51900444119299,14:25:00.444,21.4100,5
51900444125914,14:25:00.444,21.4100,3
51900444125914,14:25:00.444,21.4100,100
51900444125914,14:25:00.444,21.4100,87
51900444134087,14:25:00.444,21.4100,13
52270469209361,14:31:10.469,21.3900,80
52270469438298,14:31:10.469,21.3900,20
52320089749856,14:32:00.089,21.3700,100
52320089749856,14:32:00.089,21.3700,57
52321909946227,14:32:01.909,21.3700,43
52321909946227,14:32:01.909,21.3700,14
52437677069386,14:33:57.677,21.3700,11
52750062209162,14:39:10.062,21.4200,100
52763509384658,14:39:23.509,21.4100,100
53006661036261,14:43:26.661,21.4100,100
53457726857991,14:50:57.726,21.4200,100
53457726857991,14:50:57.726,21.4200,100
53465869911491,14:51:05.869,21.4200,19
53465869932449,14:51:05.869,21.4200,81
53465869932449,14:51:05.869,21.4200,100
53465869932449,14:51:05.869,21.4200,89
53465869932449,14:51:05.869,21.4200,86
53465869932449,14:51:05.869,21.4200,94
53465870141786,14:51:05.870,21.4200,6
53488065056033,14:51:28.065,21.4100,100
53535451191396,14:52:15.451,21.4100,100
53632433056548,14:53:52.433,21.4200,54
53751914046930,14:55:51.914,21.4100,100
53751914046930,14:55:51.914,21.4100,100
53753047376677,14:55:53.047,21.4100,100
53753047376677,14:55:53.047,21.4100,100
53754430243639,14:55:54.430,21.4100,28
54006559130790,15:00:06.559,21.4300,100
54006706339606,15:00:06.706,21.4300,100
54202637977932,15:03:22.637,21.4200,11
54223028160936,15:03:43.028,21.4100,100
54334334802345,15:05:34.334,21.3900,100
54415590659806,15:06:55.590,21.3900,20
54415590740992,15:06:55.590,21.3900,80
54415590740992,15:06:55.590,21.3900,100
54431397965755,15:07:11.397,21.3700,82
54431400144021,15:07:11.400,21.3700,18
54617402599685,15:10:17.402,21.3800,82
54990551292805,15:16:30.551,21.3800,69
55012530350766,15:16:52.530,21.3800,21
55012530378416,15:16:52.530,21.3800,10
55012530378416,15:16:52.530,21.3800,100
55012650660802,15:16:52.650,21.3700,100
55513042541536,15:25:13.042,21.3800,100
55669394638446,15:27:49.394,21.3700,70
55669394667015,15:27:49.394,21.3700,30
55824194578950,15:30:24.194,21.3800,77
55893806698281,15:31:33.806,21.3900,193
55893806698281,15:31:33.806,21.3900,26
56066351349581,15:34:26.351,21.3900,100
56066351349581,15:34:26.351,21.3900,100
56066427738286,15:34:26.427,21.3900,100
56067018690709,15:34:27.018,21.3900,100
56067018690709,15:34:27.018,21.3900,100
56110291522311,15:35:10.291,21.3900,100
56118456918243,15:35:18.456,21.3900,100
56126380197885,15:35:26.380,21.3900,22
56126380573059,15:35:26.380,21.3900,40
56126381423135,15:35:26.381,21.3900,38
56199149495117,15:36:39.149,21.3800,100
56233847031615,15:37:13.847,21.3900,22
56233847052294,15:37:13.847,21.3900,40
56233847057036,15:37:13.847,21.3900,100
56233847057036,15:37:13.847,21.3900,3
56235114502977,15:37:15.114,21.3900,100
56347773598989,15:39:07.773,21.4000,100
56347773598989,15:39:07.773,21.4000,100
56390376973876,15:39:50.376,21.4000,100
56663237298636,15:44:23.237,21.4100,3
56718411100227,15:45:18.411,21.4200,100
56735430813157,15:45:35.430,21.4200,27
57000040690221,15:50:00.040,21.4100,100
57093156414454,15:51:33.156,21.4000,39
57096493092946,15:51:36.493,21.4000,61
57096493092946,15:51:36.493,21.4000,39
57137080330281,15:52:17.080,21.4000,6
57137080330281,15:52:17.080,21.4000,18
57178816769999,15:52:58.816,21.3900,100
57202884590728,15:53:22.884,21.3900,19
57291023612202,15:54:51.023,21.3900,1
57299870703596,15:54:59.870,21.3900,25
57300972065430,15:55:00.972,21.3900,100
57300972296779,15:55:00.972,21.3900,82
57387913145476,15:56:27.913,21.4000,9
57460563626647,15:57:40.563,21.4200,100
57460563626647,15:57:40.563,21.4200,100
57460563626647,15:57:40.563,21.4200,5
57465287527272,15:57:45.287,21.4200,100
57477879712768,15:57:57.879,21.4150,37
57477879712768,15:57:57.879,21.4150,19
57529867057665,15:58:49.867,21.4200,100
57586895731370,15:59:46.895,21.4200,100
57586895731370,15:59:46.895,21.4200,100
57600321543809,16:00:00.321,0.0000,0
