timestamp,time,price,volume
34200114069334,09:30:00.114,75.9600,100
34507985842658,09:35:07.985,74.9600,100
34526245266678,09:35:26.245,74.9400,100
34526245266678,09:35:26.245,74.9300,100
34526245266678,09:35:26.245,74.9300,100
34533469709238,09:35:33.469,74.9300,8
34533469709238,09:35:33.469,74.9300,92
34533469783722,09:35:33.469,74.9300,8
34533469841700,09:35:33.469,74.9200,100
34533469883055,09:35:33.469,74.9300,25
34533469894796,09:35:33.469,74.8000,15
34533469917628,09:35:33.469,74.9300,75
34533469955300,09:35:33.469,74.9100,100
34533470456321,09:35:33.470,74.9100,100
34533470538152,09:35:33.470,74.9200,100
34539354311011,09:35:39.354,74.7300,83
34546959208727,09:35:46.959,74.7700,17
34546959208727,09:35:46.959,74.7600,55
34546959208727,09:35:46.959,74.7300,100
34546959208727,09:35:46.959,74.7300,98
34547000939328,09:35:47.000,74.7600,15
34547000939328,09:35:47.000,74.7300,2
34547000939328,09:35:47.000,74.7300,83
34595372801475,09:36:35.372,74.7300,100
34634077041779,09:37:14.077,74.9400,270
34639309894178,09:37:19.309,74.7400,100
34678213360382,09:37:58.213,74.9650,100
34682178895604,09:38:02.178,74.9900,100
34682178895604,09:38:02.178,75.1300,40
34682178895604,09:38:02.178,75.1400,36
34682383221479,09:38:02.383,75.1200,100
34682383221479,09:38:02.383,75.1400,4
34682383221479,09:38:02.383,75.1400,132
34682383285684,09:38:02.383,75.1400,100
34682383287713,09:38:02.383,75.1400,100
34726713765478,09:38:46.713,74.8800,100
34752715251723,09:39:12.715,75.1400,100
34752715251723,09:39:12.715,75.1400,36
34752715251723,09:39:12.715,75.1400,64
34752715282877,09:39:12.715,75.1400,36
34752746306450,09:39:12.746,75.1900,82
34752746333678,09:39:12.746,75.1900,18
34752746350038,09:39:12.746,75.1900,18
34752746377504,09:39:12.746,75.1900,60
34752746387969,09:39:12.746,75.1900,22
34752784790850,09:39:12.784,75.2800,100
34752793021977,09:39:12.793,75.4500,100
34762991686826,09:39:22.991,75.4500,100
34762991758571,09:39:22.991,75.4600,5
34822844084863,09:40:22.844,75.6500,100
34822848760468,09:40:22.848,75.7000,100
34964220620710,09:42:44.220,75.6500,100
34964220683849,09:42:44.220,75.6700,100
34964220738066,09:42:44.220,75.6800,100
34964220914735,09:42:44.220,75.6800,76
34964220951585,09:42:44.220,75.6800,24
34964222739152,09:42:44.222,75.5200,10
35060513003235,09:44:20.513,75.5200,100
35060513003235,09:44:20.513,75.5200,100
35060513070799,09:44:20.513,75.4900,100
35060564129691,09:44:20.564,75.5100,32
35094920441372,09:44:54.920,75.5100,100
35094920443273,09:44:54.920,75.5100,100
35094920518950,09:44:54.920,75.5200,63
35094920718028,09:44:54.920,75.5200,37
35095176851972,09:44:55.176,75.6100,100
35095176935673,09:44:55.176,75.6100,100
35116450696982,09:45:16.450,75.6700,100
35217867143563,09:46:57.867,75.7900,100
35217867143563,09:46:57.867,75.7900,43
35217867143563,09:46:57.867,75.7900,1
35217867749038,09:46:57.867,75.8100,37
35217867756797,09:46:57.867,75.8100,24
35217868254185,09:46:57.868,75.8100,16
35217868256612,09:46:57.868,75.8100,23
35218187158169,09:46:58.187,75.8200,39
35259583645194,09:47:39.583,75.6600,100
35259583679141,09:47:39.583,75.6300,23
35259583683741,09:47:39.583,75.6300,27
35259583685733,09:47:39.583,75.6300,50
35259583692486,09:47:39.583,75.6300,23
35259583696189,09:47:39.583,75.6300,37
35259583713251,09:47:39.583,75.6300,13
35259583715820,09:47:39.583,75.6300,27
35259583798525,09:47:39.583,75.6600,100
35259584312813,09:47:39.584,75.6100,100
35262704144699,09:47:42.704,75.5800,100
35270662115551,09:47:50.662,75.7400,15
35290140378518,09:48:10.140,75.7400,15
35324489160532,09:48:44.489,75.5000,60
35340502250388,09:49:00.502,75.7000,1
35340502317621,09:49:00.502,75.7000,100
35341451000869,09:49:01.451,75.6000,100
35446715449666,09:50:46.715,75.6800,5
35446745987353,09:50:46.745,75.6800,100
35446746066054,09:50:46.746,75.6800,100
35499919433180,09:51:39.919,75.6800,20
35499919800384,09:51:39.919,75.6900,100
35499919830690,09:51:39.919,75.6900,56
35500448492066,09:51:40.448,75.6300,100
35510077173718,09:51:50.077,75.7000,100
35510077173718,09:51:50.077,75.7000,1
35544425108095,09:52:24.425,75.6100,100
35544425108095,09:52:24.425,75.6100,100
35544425161758,09:52:24.425,75.6000,100
35544425171854,09:52:24.425,75.6000,96
35544425173748,09:52:24.425,75.6000,4
35544425297627,09:52:24.425,75.6000,100
35544425468494,09:52:24.425,75.6100,100
35544426564279,09:52:24.426,75.5600,100
35544427152457,09:52:24.427,75.6000,100
35544733875007,09:52:24.733,75.5400,100
35544735311430,09:52:24.735,75.5200,200
35574353810938,09:52:54.353,75.5800,20
35574354965597,09:52:54.354,75.5900,1
35574354965597,09:52:54.354,75.5900,100
35574355026313,09:52:54.355,75.5900,100
35574355631267,09:52:54.355,75.5900,100
35574355632465,09:52:54.355,75.5900,100
35574383137883,09:52:54.383,75.6300,100
35589419831521,09:53:09.419,75.6500,100
35622036891532,09:53:42.036,75.6500,100
35622036925914,09:53:42.036,75.6500,100
35622037065970,09:53:42.037,75.6500,100
35622358779231,09:53:42.358,75.5300,100
35622358830839,09:53:42.358,75.6600,100
35624358639676,09:53:44.358,75.5400,61
35627097000992,09:53:47.097,75.6600,40
35732137382622,09:55:32.137,75.7700,100
35732137516220,09:55:32.137,75.7800,100
35740137827716,09:55:40.137,75.8600,95
35750138248552,09:55:50.138,75.8600,5
35750138385350,09:55:50.138,75.7800,100
35754140764494,09:55:54.140,75.8500,100
35760663120049,09:56:00.663,75.7400,100
35760663120049,09:56:00.663,75.7400,100
35760663120049,09:56:00.663,75.7400,100
35760663163792,09:56:00.663,75.7400,90
35760663163792,09:56:00.663,75.7200,10
35760663197679,09:56:00.663,75.7200,90
35760663263750,09:56:00.663,75.7400,100
35760663263750,09:56:00.663,75.7400,100
35767345561635,09:56:07.345,75.7200,100
35785746381121,09:56:25.746,75.7200,100
35786618327657,09:56:26.618,75.7200,100
35906624891841,09:58:26.624,75.5500,1
35911150677357,09:58:31.150,75.6800,100
35958951355389,09:59:18.951,75.6300,100
35976625733485,09:59:36.625,75.5400,1
35976684196009,09:59:36.684,75.5400,100
35976684553581,09:59:36.684,75.5300,1
35976684582942,09:59:36.684,75.5300,99
36017956269448,10:00:17.956,75.4800,24
36044530209399,10:00:44.530,75.4800,18
36087586441462,10:01:27.586,75.4800,194
36087586441462,10:01:27.586,75.4800,100
36087586441462,10:01:27.586,75.4800,100
36087938122746,10:01:27.938,75.3900,3
36091382691075,10:01:31.382,75.3800,100
36093537267092,10:01:33.537,75.3900,100
36098040250716,10:01:38.040,75.4600,200
36098040250716,10:01:38.040,75.4600,10
36171625126149,10:02:51.625,75.3200,1
36174297520167,10:02:54.297,75.4700,1
36233535721040,10:03:53.535,75.3100,2
36233535750287,10:03:53.535,75.3100,1
36267053963247,10:04:27.053,75.3800,100
36267054261547,10:04:27.054,75.3900,100
36267054261547,10:04:27.054,75.3900,18
36274252626152,10:04:34.252,75.4500,100
36274252706255,10:04:34.252,75.4500,100
36428132014002,10:07:08.132,75.4800,100
36428132094850,10:07:08.132,75.4800,100
36438222164514,10:07:18.222,75.3800,3
36438222164514,10:07:18.222,75.3800,100
36438222667400,10:07:18.222,75.3800,58
36438222881150,10:07:18.222,75.3800,2
36438224289345,10:07:18.224,75.3800,40
36438224289345,10:07:18.224,75.3800,100
36438224289345,10:07:18.224,75.3800,100
36439136853152,10:07:19.136,75.3700,100
36439136916421,10:07:19.136,75.3700,23
36517094330018,10:08:37.094,75.4000,80
36517094330018,10:08:37.094,75.4000,1
36579067085566,10:09:39.067,75.6200,100
36586067095786,10:09:46.067,75.6300,100
36625268330580,10:10:25.268,75.6300,100
36673090906828,10:11:13.090,75.6000,100
36674226890394,10:11:14.226,75.6200,5
36708669246138,10:11:48.669,75.6300,100
36708670207508,10:11:48.670,75.6500,40
36757232429702,10:12:37.232,75.7400,32
36757232455655,10:12:37.232,75.7400,68
36757232482855,10:12:37.232,75.7400,100
36761156387923,10:12:41.156,75.7200,100
36839868477818,10:13:59.868,75.7000,2
36861177995964,10:14:21.177,75.7800,100
36861177995964,10:14:21.177,75.8000,18
36882786163782,10:14:42.786,75.8000,99
36882786163782,10:14:42.786,75.8000,1
36888018030955,10:14:48.018,75.8500,100
36888018030955,10:14:48.018,75.8700,43
36888019247126,10:14:48.019,75.8800,100
36888019247126,10:14:48.019,75.9100,100
36888019349203,10:14:48.019,75.9100,100
36888019380541,10:14:48.019,75.9100,50
36888019422972,10:14:48.019,75.9100,7
36899497368484,10:14:59.497,75.7900,1
36908094016698,10:15:08.094,75.8350,145
36914131844047,10:15:14.131,75.7700,100
36920486072619,10:15:20.486,75.7000,1
36927563764562,10:15:27.563,75.6700,1
36932986800516,10:15:32.986,75.6900,100
36963652146577,10:16:03.652,75.5200,1
36963652424096,10:16:03.652,75.5200,100
37062048180042,10:17:42.048,75.3900,100
37100104935956,10:18:20.104,75.4100,71
37126629721324,10:18:46.629,75.4600,100
37126629744587,10:18:46.629,75.4600,100
37127833000507,10:18:47.833,75.4600,100
37130497915098,10:18:50.497,75.4200,1
37130818105032,10:18:50.818,75.4200,1
37161449669782,10:19:21.449,75.4600,95
37161449705004,10:19:21.449,75.4600,5
37161449706225,10:19:21.449,75.4600,5
37161449707591,10:19:21.449,75.4600,5
37161449712903,10:19:21.449,75.4600,5
37161449721006,10:19:21.449,75.4600,5
37161449735105,10:19:21.449,75.4600,5
37161449745715,10:19:21.449,75.4600,57
37173199711354,10:19:33.199,75.5400,100
37217242953965,10:20:17.242,75.6600,52
37231944826509,10:20:31.944,75.6700,29
37231944850978,10:20:31.944,75.6700,71
37231944850978,10:20:31.944,75.6700,1
37273809190792,10:21:13.809,75.6400,100
37273809190792,10:21:13.809,75.6400,2
37273809367567,10:21:13.809,75.6200,49
37273809369131,10:21:13.809,75.6200,38
37273811032316,10:21:13.811,75.6200,13
37397090915333,10:23:17.090,75.6700,100
37397090915333,10:23:17.090,75.6900,55
37461641663809,10:24:21.641,75.6500,1
37461641764613,10:24:21.641,75.6500,99
37463955347954,10:24:23.955,75.6300,2
37464136092174,10:24:24.136,75.6300,98
37464136092174,10:24:24.136,75.6300,1
37466109296401,10:24:26.109,75.6400,1
37470318332843,10:24:30.318,75.6400,99
37485219428402,10:24:45.219,75.6600,35
37529205911258,10:25:29.205,75.6700,58
37529205926613,10:25:29.205,75.6700,42
37529205926613,10:25:29.205,75.6700,29
37529205929070,10:25:29.205,75.6700,70
37529205938820,10:25:29.205,75.6700,1
37529205938820,10:25:29.205,75.6700,39
37529205938820,10:25:29.205,75.6700,10
37529205960141,10:25:29.205,75.6700,40
37529205964522,10:25:29.205,75.6700,30
37529722369079,10:25:29.722,75.7000,100
37530016797053,10:25:30.016,75.7400,49
37660286068308,10:27:40.286,75.6900,1
37675505316803,10:27:55.505,75.6900,1
37694107310485,10:28:14.107,75.8300,63
37727508214871,10:28:47.508,75.8600,100
37727508345449,10:28:47.508,75.8600,60
37775706164425,10:29:35.706,75.8150,100
37798546469769,10:29:58.546,75.8900,62
37801372665974,10:30:01.372,75.9300,14
37801372698845,10:30:01.372,75.9300,70
37801451712920,10:30:01.451,75.9400,5
37875330477317,10:31:15.330,75.8800,100
37875330477317,10:31:15.330,75.8800,2
37882787309360,10:31:22.787,75.8600,100
37882787379512,10:31:22.787,75.8600,100
37882787379512,10:31:22.787,75.8600,100
37882787404009,10:31:22.787,75.8600,90
37882787421868,10:31:22.787,75.8500,66
37945394626552,10:32:25.394,75.9400,100
37945395578523,10:32:25.395,75.9700,41
37945395615067,10:32:25.395,75.9700,59
37945395615067,10:32:25.395,75.9800,41
37945395646852,10:32:25.395,75.9800,59
37945395646852,10:32:25.395,75.9800,100
37945395646852,10:32:25.395,75.9800,100
37945395646852,10:32:25.395,75.9800,100
37945396608425,10:32:25.396,75.9700,13
37945396612924,10:32:25.396,75.9700,48
37945397042720,10:32:25.397,75.9800,100
37945419630289,10:32:25.419,76.0200,47
37980638540066,10:33:00.638,76.0600,5
37980688092017,10:33:00.688,76.0600,5
37982313839121,10:33:02.313,76.0700,5
37984824544218,10:33:04.824,76.0700,95
37984824544218,10:33:04.824,76.0700,16
37985507241643,10:33:05.507,75.9700,100
37986080879317,10:33:06.080,76.0700,5
37987115208449,10:33:07.115,75.9600,100
37992594779921,10:33:12.594,76.0500,100
37993144064342,10:33:13.144,76.0300,100
37993144088413,10:33:13.144,76.0300,3
37993174201450,10:33:13.174,76.0200,800
37993174290317,10:33:13.174,76.0200,100
37993174303457,10:33:13.174,76.0200,100
37993174329137,10:33:13.174,76.0200,600
37993174329137,10:33:13.174,76.0200,100
37993174348598,10:33:13.174,76.0200,600
37993174405290,10:33:13.174,76.0200,100
37993174690426,10:33:13.174,76.0200,700
37993177296179,10:33:13.177,76.0200,500
37993177765229,10:33:13.177,76.0200,100
37993177794048,10:33:13.177,76.0200,175
37993177829491,10:33:13.177,76.0200,25
37993177840830,10:33:13.177,76.0200,25
37993179347057,10:33:13.179,76.0200,4
37993279329799,10:33:13.279,76.0200,71
37993279329799,10:33:13.279,75.9600,29
37993279402046,10:33:13.279,75.9600,71
37993279402046,10:33:13.279,75.9600,100
37996542918877,10:33:16.542,76.0300,100
38020901621682,10:33:40.901,76.1000,25
38023001561697,10:33:43.001,76.1000,25
38023014655644,10:33:43.014,76.1100,100
38034702250136,10:33:54.702,76.1700,100
38035800604000,10:33:55.800,76.1800,100
38037895296169,10:33:57.895,76.2100,100
38037895296169,10:33:57.895,76.2200,100
38038586937460,10:33:58.586,76.2100,100
38038586937460,10:33:58.586,76.2200,100
38040991312605,10:34:00.991,76.2200,100
38040991455999,10:34:00.991,76.2000,100
38040991481508,10:34:00.991,76.2000,100
38040991481508,10:34:00.991,76.2000,100
38040992365139,10:34:00.992,76.1800,100
38040992365139,10:34:00.992,76.1800,100
38041158082224,10:34:01.158,76.2000,100
38043385422938,10:34:03.385,76.1600,2
38046566683777,10:34:06.566,76.2000,100
38046566683777,10:34:06.566,76.2000,20
38048969993470,10:34:08.969,76.1900,100
38055791703368,10:34:15.791,76.1400,100
38055929565255,10:34:15.929,76.0900,100
38055929635338,10:34:15.929,76.0900,100
38055969685247,10:34:15.969,76.1400,100
38090341529839,10:34:50.341,76.1800,53
38090341529839,10:34:50.341,76.1800,120
38090348030304,10:34:50.348,76.2200,100
38090348030304,10:34:50.348,76.2200,100
38090348057471,10:34:50.348,76.2200,100
38090348120980,10:34:50.348,76.2200,100
38090351147452,10:34:50.351,76.2200,11
38094477675254,10:34:54.477,76.2200,89
38094477675254,10:34:54.477,76.2300,11
38095021445224,10:34:55.021,76.2300,89
38095021445224,10:34:55.021,76.2300,11
38095165027140,10:34:55.165,76.2300,89
38095165027140,10:34:55.165,76.2300,11
38131064411390,10:35:31.064,76.1700,100
38131064411390,10:35:31.064,76.1600,27
38131064457451,10:35:31.064,76.1600,73
38131064457451,10:35:31.064,76.1600,100
38131140138785,10:35:31.140,76.1400,100
38131140140225,10:35:31.140,76.1300,100
38133691038930,10:35:33.691,76.1200,100
38133691110054,10:35:33.691,76.1100,100
38133726074374,10:35:33.726,76.1600,200
38152078059423,10:35:52.078,76.1100,7
38167081218952,10:36:07.081,76.1200,76
38167081246336,10:36:07.081,76.1200,24
38170474221104,10:36:10.474,76.1100,93
38170474221104,10:36:10.474,76.1100,57
38172590580210,10:36:12.590,76.1500,66
38179620635225,10:36:19.620,76.1500,34
38187726323319,10:36:27.726,76.1400,100
38187726842716,10:36:27.726,76.1400,3
38187726975182,10:36:27.726,76.1400,35
38187727051535,10:36:27.727,76.1300,65
38190743959737,10:36:30.743,76.1300,35
38190746517080,10:36:30.746,76.1500,30
38190747746405,10:36:30.747,76.1300,30
38190806585269,10:36:30.806,76.1600,100
38193644917816,10:36:33.644,76.1700,100
38193645938196,10:36:33.645,76.1800,100
38197974235750,10:36:37.974,76.1800,100
38216488826083,10:36:56.488,76.2000,100
38216488921918,10:36:56.488,76.2000,100
38216489315888,10:36:56.489,76.2000,100
38227054211713,10:37:07.054,76.2100,100
38227856773015,10:37:07.856,76.1800,100
38227856773015,10:37:07.856,76.1800,100
38234794373471,10:37:14.794,76.1600,100
38238467242294,10:37:18.467,76.1700,100
38254220919363,10:37:34.220,76.1400,100
38271084599202,10:37:51.084,76.1100,100
38271084673864,10:37:51.084,76.0900,100
38271084673864,10:37:51.084,76.0900,48
38271084678287,10:37:51.084,76.0900,50
38271084687752,10:37:51.084,76.0900,2
38271084687752,10:37:51.084,76.0900,75
38271084707826,10:37:51.084,76.0900,25
38271084707826,10:37:51.084,76.0900,38
38271084717857,10:37:51.084,76.0900,62
38271087748455,10:37:51.087,76.1400,55
38274907130221,10:37:54.907,76.1400,100
38280144679880,10:38:00.144,76.1100,30
38280144716987,10:38:00.144,76.1100,70
38280144729120,10:38:00.144,76.1100,36
38280144743964,10:38:00.144,76.1100,19
38280156028864,10:38:00.156,76.1400,100
38282890416300,10:38:02.890,76.1700,100
38282891122644,10:38:02.891,76.1800,100
38283831899081,10:38:03.831,76.2000,100
38288449860943,10:38:08.449,76.1600,1
38289308470600,10:38:09.308,76.1700,100
38289308470600,10:38:09.308,76.1500,2
38294082002914,10:38:14.082,76.2100,100
38294083316713,10:38:14.083,76.2200,100
38298334239680,10:38:18.334,76.2400,100
38299078815464,10:38:19.078,76.2600,100
38299086972864,10:38:19.086,76.2600,100
38299767133654,10:38:19.767,76.2800,100
38299969173834,10:38:19.969,76.2700,100
38299970873638,10:38:19.970,76.2500,100
38299970873638,10:38:19.970,76.2500,100
38299973709611,10:38:19.973,76.2200,2
38299973709611,10:38:19.973,76.2200,98
38303562383821,10:38:23.562,76.2300,100
38306427163835,10:38:26.427,76.2400,100
38331363859081,10:38:51.363,76.2500,5
38332904424531,10:38:52.904,76.2500,7
38352592163945,10:39:12.592,76.1800,100
38355356531916,10:39:15.356,76.1700,100
38369312432180,10:39:29.312,76.1900,100
38378567012580,10:39:38.567,76.1650,100
38398093378604,10:39:58.093,76.1700,100
38398095031238,10:39:58.095,76.1400,100
38398095305306,10:39:58.095,76.1600,10
38404523847248,10:40:04.523,76.1300,100
38409402136639,10:40:09.402,76.1200,70
38409402137897,10:40:09.402,76.1200,103
38409406446449,10:40:09.406,76.1500,110
38409531016542,10:40:09.531,76.1500,90
38409531016542,10:40:09.531,76.1500,10
38426770153204,10:40:26.770,76.1300,100
38426770254233,10:40:26.770,76.1300,3
38428374780700,10:40:28.374,76.1200,100
38433382444975,10:40:33.382,76.1300,100
38436281399442,10:40:36.281,76.1200,27
38436281399442,10:40:36.281,76.1100,73
38438127464955,10:40:38.127,76.1400,100
38439551238306,10:40:39.551,76.1400,100
38439555642123,10:40:39.555,76.1700,100
38444811888468,10:40:44.811,76.1100,100
38445842465905,10:40:45.842,76.1400,100
38446433821973,10:40:46.433,76.1400,100
38452529957629,10:40:52.529,76.1700,100
38452552372181,10:40:52.552,76.1700,70
38457278807362,10:40:57.278,76.1700,30
38457278807362,10:40:57.278,76.1700,8
38459907506045,10:40:59.907,76.1200,100
38459912833497,10:40:59.912,76.1300,100
38461851311305,10:41:01.851,76.1100,100
38463470751197,10:41:03.470,76.1200,100
38463475059128,10:41:03.475,76.1300,100
38468415176404,10:41:08.415,76.1300,100
38469955015366,10:41:09.955,76.1100,27
38469955015366,10:41:09.955,76.0900,73
38469955047217,10:41:09.955,76.0900,27
38469959106622,10:41:09.959,76.1400,100
38475599235712,10:41:15.599,76.0800,100
38480763651811,10:41:20.763,76.1300,100
38484683392363,10:41:24.683,76.1200,100
38484683418330,10:41:24.683,76.1200,80
38484705894511,10:41:24.705,76.1400,100
38487193565370,10:41:27.193,76.1200,11
38487193639266,10:41:27.193,76.1200,89
38488731394870,10:41:28.731,76.1000,100
38488736513140,10:41:28.736,76.1000,10
38489602411721,10:41:29.602,76.1000,100
38491119765755,10:41:31.119,76.0800,100
38493139685616,10:41:33.139,76.0700,100
38493140078368,10:41:33.140,76.1000,100
38493141481221,10:41:33.141,76.0900,28
38496470829216,10:41:36.470,76.0700,100
38496472721927,10:41:36.472,76.0400,72
38501403153260,10:41:41.403,76.0600,100
38508693853244,10:41:48.693,76.0600,100
38513008407556,10:41:53.008,76.0400,100
38513279749336,10:41:53.279,76.0300,100
38513280798482,10:41:53.280,76.0200,100
38513301547674,10:41:53.301,76.0600,71
38516637881479,10:41:56.637,76.0200,10
38518566520184,10:41:58.566,76.0900,100
38518566520184,10:41:58.566,76.0900,200
38518823454612,10:41:58.823,76.1700,100
38527503634982,10:42:07.503,76.2300,100
38527503634982,10:42:07.503,76.2300,100
38527503634982,10:42:07.503,76.2300,2
38527504040208,10:42:07.504,76.2300,100
38540310699684,10:42:20.310,76.2700,100
38555931354402,10:42:35.931,76.1900,45
38581546684683,10:43:01.546,76.2400,100
38581548837261,10:43:01.548,76.2500,100
38612720510402,10:43:32.720,76.2200,100
38612720510402,10:43:32.720,76.2200,100
38617151739840,10:43:37.151,76.2100,100
38624893440276,10:43:44.893,76.2000,100
38646750005690,10:44:06.750,76.1700,100
38654983499511,10:44:14.983,76.2400,5
38657478087731,10:44:17.478,76.2400,95
38657478087731,10:44:17.478,76.2400,100
38657478087731,10:44:17.478,76.2400,68
38657478144378,10:44:17.478,76.2400,32
38669208743787,10:44:29.208,76.2700,100
38669208743787,10:44:29.208,76.2700,100
38674183874263,10:44:34.183,76.2400,100
38677034710648,10:44:37.034,76.2200,100
38677039019513,10:44:37.039,76.2500,20
38677355269213,10:44:37.355,76.2800,5
38680279559119,10:44:40.279,76.2700,4
38683660844672,10:44:43.660,76.2000,100
38692819697886,10:44:52.819,76.2800,3
38698252124775,10:44:58.252,76.2200,100
38698252124775,10:44:58.252,76.2200,90
38703435459150,10:45:03.435,76.2700,100
38703435602203,10:45:03.435,76.2400,100
38703436055909,10:45:03.436,76.2700,100
38704844802290,10:45:04.844,76.2900,100
38705719009873,10:45:05.719,76.2800,50
38705719011428,10:45:05.719,76.2800,50
38709029127748,10:45:09.029,76.2400,100
38709029752432,10:45:09.029,76.2400,100
38709030638053,10:45:09.030,76.2200,100
38709030638053,10:45:09.030,76.2200,2
38743220093329,10:45:43.220,76.2300,3
38745995788283,10:45:45.995,76.2300,5
38748974816365,10:45:48.974,76.2200,100
38748974816365,10:45:48.974,76.2300,92
38748974816365,10:45:48.974,76.2300,100
38748974816365,10:45:48.974,76.2300,200
38748974816365,10:45:48.974,76.2300,8
38748974912398,10:45:48.974,76.2300,92
38751969302168,10:45:51.969,76.2400,8
38766015831202,10:46:06.015,76.1700,100
38766015831202,10:46:06.015,76.1700,3
38784734258688,10:46:24.734,76.1500,5
38784734293656,10:46:24.734,76.1500,95
38799801514709,10:46:39.801,76.1300,100
38818807528858,10:46:58.807,76.0300,100
38822572125389,10:47:02.572,76.0600,3
38823184727518,10:47:03.184,76.0600,3
38826000628911,10:47:06.000,76.0000,100
38828005595128,10:47:08.005,75.9800,100
38828005595128,10:47:08.005,75.9700,100
38828518898905,10:47:08.518,76.0300,7
38830051674909,10:47:10.051,76.0400,6
38848459884379,10:47:28.459,76.0900,5
38848459972084,10:47:28.459,76.0100,100
38848593041462,10:47:28.593,76.0400,5
38852399442568,10:47:32.399,76.0200,4
38852563149530,10:47:32.563,76.0200,4
38852715933191,10:47:32.715,76.0200,4
38862408535544,10:47:42.408,75.9900,16
38862474947773,10:47:42.474,75.9900,84
38862474953188,10:47:42.474,76.0100,100
38862474953188,10:47:42.474,76.0200,100
38862474953188,10:47:42.474,76.0400,5
38862474953188,10:47:42.474,76.0500,100
38864276443591,10:47:44.276,76.1200,100
38864409060740,10:47:44.409,76.0800,100
38864409680122,10:47:44.409,76.0500,100
38864409852394,10:47:44.409,76.0500,100
38864409901654,10:47:44.409,76.0500,4
38864409934331,10:47:44.409,76.0500,96
38864410006571,10:47:44.410,76.0400,4
38865207707145,10:47:45.207,76.1100,100
38910954253958,10:48:30.954,76.0500,100
38912030569187,10:48:32.030,76.1100,50
38912030577407,10:48:32.030,76.1100,50
38973067898422,10:49:33.067,76.1700,3
38994609278552,10:49:54.609,76.2400,7
39033385587764,10:50:33.385,76.1800,100
39033385587764,10:50:33.385,76.1800,100
39033385587764,10:50:33.385,76.1800,100
39033385587764,10:50:33.385,76.1800,2
39033405914729,10:50:33.405,76.1800,100
39043429228415,10:50:43.429,76.0800,100
39066996753615,10:51:06.996,76.1100,100
39075968640478,10:51:15.968,76.1200,5
39076891228661,10:51:16.891,76.1200,95
39099443688911,10:51:39.443,76.1300,100
39099564677966,10:51:39.564,76.1400,100
39100101767409,10:51:40.101,76.1400,100
39106398083065,10:51:46.398,76.1400,600
39106398086695,10:51:46.398,76.1400,600
39106398143767,10:51:46.398,76.1400,100
39111607395423,10:51:51.607,76.1400,100
39111607501269,10:51:51.607,76.1400,100
39111607556872,10:51:51.607,76.1400,42
39111607677570,10:51:51.607,76.1400,100
39111607678007,10:51:51.607,76.1400,100
39111607697471,10:51:51.607,76.1400,100
39111607798554,10:51:51.607,76.1400,100
39111607891959,10:51:51.607,76.1400,58
39111607987227,10:51:51.607,76.1400,100
39111609879199,10:51:51.609,76.1400,158
39111609922945,10:51:51.609,76.1400,642
39111609992238,10:51:51.609,76.1400,100
39111610021515,10:51:51.610,76.1400,382
39111621171957,10:51:51.621,76.1400,100
39111621548635,10:51:51.621,76.1400,100
39111627125371,10:51:51.627,76.1400,18
39111627159203,10:51:51.627,76.1400,78
39111627188899,10:51:51.627,76.1400,22
39111627199994,10:51:51.627,76.1400,22
39111824400477,10:51:51.824,76.1400,100
39111826686969,10:51:51.826,76.1400,100
39111826715292,10:51:51.826,76.1400,49
39112009675179,10:51:52.009,76.1300,82
39112009675179,10:51:52.009,76.1400,18
39112617258529,10:51:52.617,76.1000,80
39112617285678,10:51:52.617,76.1000,20
39112617637966,10:51:52.617,76.1000,59
39112617712934,10:51:52.617,76.0900,100
39163665510957,10:52:43.665,76.1000,100
39163665541184,10:52:43.665,76.1000,100
39180141734358,10:53:00.141,76.1200,100
39180141761087,10:53:00.141,76.1200,100
39180141834225,10:53:00.141,76.1100,100
39180142237376,10:53:00.142,76.0900,3
39187992394670,10:53:07.992,76.0600,100
39187995578873,10:53:07.995,76.0500,100
39187995578873,10:53:07.995,76.0500,100
39188024369909,10:53:08.024,76.0100,100
39214569275082,10:53:34.569,76.0900,66
39217331687965,10:53:37.331,76.1200,8
39286567729533,10:54:46.567,76.1000,70
39302400102504,10:55:02.400,76.2100,8
39302991152687,10:55:02.991,76.1600,100
39352938573721,10:55:52.938,76.2200,3
39352938650540,10:55:52.938,76.2200,97
39372218340804,10:56:12.218,76.1700,3
39372218340804,10:56:12.218,76.1700,100
39372219003276,10:56:12.219,76.1600,3
39376943567631,10:56:16.943,76.2000,2
39380833786330,10:56:20.833,76.2000,6
39381355735110,10:56:21.355,76.2000,6
39385958667954,10:56:25.958,76.2100,100
39434803621874,10:57:14.803,76.1900,100
39434840448878,10:57:14.840,76.1600,100
39434840448878,10:57:14.840,76.1600,100
39434840448878,10:57:14.840,76.1600,100
39434840547869,10:57:14.840,76.1600,84
39450237877883,10:57:30.237,76.2000,14
39468938911108,10:57:48.938,76.1400,100
39497037567690,10:58:17.037,76.1800,115
39497037578955,10:58:17.037,76.1800,22
39497037589849,10:58:17.037,76.1900,100
39518221564029,10:58:38.221,76.2000,100
39518221965586,10:58:38.221,76.1900,11
39518222353901,10:58:38.222,76.1900,50
39518222392195,10:58:38.222,76.1900,39
39559902512125,10:59:19.902,76.2000,100
39577713880112,10:59:37.713,76.2300,6
39583122893533,10:59:43.122,76.2400,2
39615312387692,11:00:15.312,76.3200,95
39625646685129,11:00:25.646,76.3300,100
39633144229963,11:00:33.144,76.3200,100
39659057352579,11:00:59.057,76.3000,43
39662959396213,11:01:02.959,76.3500,10
39672926871973,11:01:12.926,76.4200,100
39680312327056,11:01:20.312,76.4000,100
39697874259692,11:01:37.874,76.4100,100
39699395271292,11:01:39.395,76.4100,1000
39699395303635,11:01:39.395,76.4500,100
39701929707504,11:01:41.929,76.4600,100
39705122768297,11:01:45.122,76.4800,100
39705281572500,11:01:45.281,76.5000,100
39705627082328,11:01:45.627,76.5100,100
39713120468767,11:01:53.120,76.4600,5
39713120468767,11:01:53.120,76.4600,300
39713120481987,11:01:53.120,76.4600,64
39713120612790,11:01:53.120,76.4600,100
39713120618930,11:01:53.120,76.4600,37
39713120621650,11:01:53.120,76.4600,100
39713120623343,11:01:53.120,76.4600,63
39713120623343,11:01:53.120,76.4500,32
39713120734016,11:01:53.120,76.4500,68
39713120734016,11:01:53.120,76.4400,37
39713120851596,11:01:53.120,76.4400,63
39713120956531,11:01:53.120,76.4400,100
39721833902418,11:02:01.833,76.4600,100
39721833902418,11:02:01.833,76.4400,100
39721833902418,11:02:01.833,76.4200,100
39721833902418,11:02:01.833,76.4200,200
39893290922635,11:04:53.290,76.4300,106
39897295367410,11:04:57.295,76.4200,100
39897295409610,11:04:57.295,76.4200,6
39897295409610,11:04:57.295,76.4100,43
39897295411864,11:04:57.295,76.4100,57
39951408388447,11:05:51.408,76.3200,100
39959570167642,11:05:59.570,76.3200,100
39959570973408,11:05:59.570,76.3100,100
39959578650452,11:05:59.578,76.3000,100
39964028216650,11:06:04.028,76.3500,100
39964030427250,11:06:04.030,76.3500,100
39964031573788,11:06:04.031,76.3500,39
39964031573788,11:06:04.031,76.3500,20
39981277900090,11:06:21.277,76.3600,90
39981277912347,11:06:21.277,76.3600,10
40148747313956,11:09:08.747,76.3700,5
40160338776137,11:09:20.338,76.4300,100
40160338814704,11:09:20.338,76.4300,100
40181768918476,11:09:41.768,76.4800,75
40181778997587,11:09:41.778,76.4800,25
40181812958938,11:09:41.812,76.4700,100
40230475824032,11:10:30.475,76.4000,3
40484124144317,11:14:44.124,76.3900,26
40484124144317,11:14:44.124,76.3900,5
40484124178294,11:14:44.124,76.4000,100
40484136906426,11:14:44.136,76.4000,100
40484136937338,11:14:44.136,76.4700,100
40484136937338,11:14:44.136,76.4700,100
40484136937338,11:14:44.136,76.4700,100
40486105499441,11:14:46.105,76.4800,100
40514790010907,11:15:14.790,76.5600,43
40532034495745,11:15:32.034,76.5100,2
40532034495745,11:15:32.034,76.5100,100
40532035119847,11:15:32.035,76.5100,100
40573502462414,11:16:13.502,76.3700,59
40710408963089,11:18:30.408,76.3500,100
40710408963089,11:18:30.408,76.3500,2
40710409047333,11:18:30.409,76.3500,98
40710409047333,11:18:30.409,76.3500,100
40710409047333,11:18:30.409,76.3500,2
40710409047333,11:18:30.409,76.3500,100
40710409047333,11:18:30.409,76.3500,100
40710409719472,11:18:30.409,76.3200,81
40710409746032,11:18:30.409,76.3200,19
40785039776563,11:19:45.039,76.2700,100
40785039875004,11:19:45.039,76.2600,29
40785039901152,11:19:45.039,76.2600,71
40785039985878,11:19:45.039,76.2500,71
40785039993218,11:19:45.039,76.2500,29
40785085279406,11:19:45.085,76.2300,100
40785086730066,11:19:45.086,76.2100,100
40812740379954,11:20:12.740,76.2600,21
40812740443669,11:20:12.740,76.2600,79
40812740443669,11:20:12.740,76.2600,100
40812740443669,11:20:12.740,76.2600,100
40820104120928,11:20:20.104,76.2700,57
40820104159079,11:20:20.104,76.2700,43
40904235340321,11:21:44.235,76.2200,100
40933746520790,11:22:13.746,76.1700,4
40947110254994,11:22:27.110,76.1400,100
40962512998074,11:22:42.512,76.1000,100
41022369926781,11:23:42.369,76.1800,48
41022369934984,11:23:42.369,76.1900,67
41022369958447,11:23:42.369,76.1900,33
41148951025884,11:25:48.951,76.2200,2
41148951025884,11:25:48.951,76.2200,100
41148951032434,11:25:48.951,76.2200,100
41148951032434,11:25:48.951,76.2200,2
41148951942695,11:25:48.951,76.2300,100
41148951968282,11:25:48.951,76.2300,100
41150056252348,11:25:50.056,76.2400,100
41208177352223,11:26:48.177,76.3300,100
41210616969108,11:26:50.616,76.3700,43
41310948345181,11:28:30.948,76.4400,43
41444543382178,11:30:44.543,76.3800,100
41444728831610,11:30:44.728,76.3200,100
41444729165400,11:30:44.729,76.3100,100
41444730559464,11:30:44.730,76.3000,100
41545163541168,11:32:25.163,76.2700,100
41545163541168,11:32:25.163,76.2700,1
41546500415960,11:32:26.500,76.3100,100
41554408501230,11:32:34.408,76.2600,100
41554408586197,11:32:34.408,76.2600,100
41604277182033,11:33:24.277,76.3000,100
41604277186371,11:33:24.277,76.3200,100
41604277186371,11:33:24.277,76.3200,9
41610687096569,11:33:30.687,76.3400,100
41610687176357,11:33:30.687,76.3500,82
41610687798353,11:33:30.687,76.3500,18
41625260247390,11:33:45.260,76.3600,82
41702015360090,11:35:02.015,76.4600,47
41702015360090,11:35:02.015,76.4600,1
41702015408179,11:35:02.015,76.4700,22
41702015481289,11:35:02.015,76.4700,78
41789924871222,11:36:29.924,76.4700,100
41789924871222,11:36:29.924,76.4600,100
41791024896095,11:36:31.024,76.4400,100
41791024896095,11:36:31.024,76.4400,100
41791024977324,11:36:31.024,76.4100,100
41861205123288,11:37:41.205,76.4500,1
41861205225445,11:37:41.205,76.4600,100
41907994788405,11:38:27.994,76.4400,100
41907994788405,11:38:27.994,76.4300,100
41907994793261,11:38:27.994,76.4300,100
41950530001192,11:39:10.530,76.3800,100
41950530030272,11:39:10.530,76.3700,100
42129740621168,11:42:09.740,76.4200,100
42129740635909,11:42:09.740,76.4300,20
42129740639707,11:42:09.740,76.4300,50
42129740646896,11:42:09.740,76.4300,30
42323444905456,11:45:23.444,76.5200,5
42323444944415,11:45:23.444,76.5200,95
42349288253313,11:45:49.288,76.4800,100
42364268607092,11:46:04.268,76.4300,88
42367489114276,11:46:07.489,76.4300,2
42367489803570,11:46:07.489,76.4200,100
42367489803570,11:46:07.489,76.4200,5
42466027700773,11:47:46.027,76.4700,100
42466057785131,11:47:46.057,76.4900,100
42646831183036,11:50:46.831,76.5000,2
42646831183036,11:50:46.831,76.5000,100
42646831183036,11:50:46.831,76.5000,100
42646831183036,11:50:46.831,76.5000,28
42646831956886,11:50:46.831,76.4500,6
42646831984429,11:50:46.831,76.4500,94
42661701490515,11:51:01.701,76.4400,100
42716678405562,11:51:56.678,76.3600,100
42717617851057,11:51:57.617,76.3500,100
42799689583029,11:53:19.689,76.3900,100
42799690416432,11:53:19.690,76.4100,4
42799690552012,11:53:19.690,76.4100,4
42799690825122,11:53:19.690,76.4100,92
42805959305054,11:53:25.959,76.4700,100
43164285541995,11:59:24.285,76.4400,4
43164285541995,11:59:24.285,76.4400,100
43239541896625,12:00:39.541,76.4400,100
43285739846423,12:01:25.739,76.4100,6
43299262507466,12:01:39.262,76.3700,100
43299262507466,12:01:39.262,76.3700,100
43356752128001,12:02:36.752,76.4100,100
43356752154386,12:02:36.752,76.4100,43
43356752161624,12:02:36.752,76.4100,57
43356792486667,12:02:36.792,76.4200,100
43382084839050,12:03:02.084,76.4400,31
43382084844818,12:03:02.084,76.4400,55
43382084850940,12:03:02.084,76.4400,14
43382084948873,12:03:02.084,76.4300,12
43393896593614,12:03:13.896,76.4500,100
43393896942021,12:03:13.896,76.4600,100
43396898583863,12:03:16.898,76.4300,5
43591023665627,12:06:31.023,76.3900,100
43591023665627,12:06:31.023,76.3900,6
43632435835985,12:07:12.435,76.4100,100
43748217831160,12:09:08.217,76.4700,1
43748218497597,12:09:08.218,76.4700,99
43748218497597,12:09:08.218,76.4700,25
43801609102985,12:10:01.609,76.4800,100
43972410931802,12:12:52.410,76.5100,100
43972410967421,12:12:52.410,76.5200,37
43972411803625,12:12:52.411,76.5200,63
43972411803625,12:12:52.411,76.5200,37
43972411839155,12:12:52.411,76.5200,63
43972413730329,12:12:52.413,76.5300,100
43972413730329,12:12:52.413,76.5400,100
43972413756264,12:12:52.413,76.5400,100
44058120011029,12:14:18.120,76.5200,100
44058120011029,12:14:18.120,76.5200,100
44058120011029,12:14:18.120,76.5200,6
44058121583427,12:14:18.121,76.5100,100
44058126850244,12:14:18.126,76.5000,100
44161670535403,12:16:01.670,76.5200,57
44161670915643,12:16:01.670,76.5200,43
44213466909330,12:16:53.466,76.5500,100
44300280743009,12:18:20.280,76.5800,28
44330573258050,12:18:50.573,76.5200,100
44511198838010,12:21:51.198,76.4600,1
44634649737685,12:23:54.649,76.4700,100
44634650357703,12:23:54.650,76.4600,5
44634650357703,12:23:54.650,76.4600,31
44634650605454,12:23:54.650,76.4600,50
44634650643557,12:23:54.650,76.4600,19
44689188929667,12:24:49.188,76.4000,7
44689188929667,12:24:49.188,76.4000,100
44689260171332,12:24:49.260,76.3800,50
44866664275145,12:27:46.664,76.4400,100
44866664275145,12:27:46.664,76.4400,100
44866664415323,12:27:46.664,76.4400,100
44866665019536,12:27:46.665,76.4700,100
44866665360958,12:27:46.665,76.4700,100
44866665388321,12:27:46.665,76.4700,24
44980413065206,12:29:40.413,76.5200,50
44980413066681,12:29:40.413,76.5200,50
44980413066681,12:29:40.413,76.5200,2
44980413066681,12:29:40.413,76.5200,1
44980413066681,12:29:40.413,76.5200,36
44980413590836,12:29:40.413,76.5200,40
44980414139691,12:29:40.414,76.5300,2
44980414163758,12:29:40.414,76.5300,98
45127707523437,12:32:07.707,76.5000,100
45127707523437,12:32:07.707,76.5000,5
45127711269562,12:32:07.711,76.4700,100
45127711269562,12:32:07.711,76.4700,100
45144082321467,12:32:24.082,76.4300,1
45144082321467,12:32:24.082,76.4300,19
45149787736496,12:32:29.787,76.4200,100
45149787810915,12:32:29.787,76.4200,20
45169000400278,12:32:49.000,76.4100,20
45197720988106,12:33:17.720,76.4200,82
45197809938643,12:33:17.809,76.4000,100
45219527365957,12:33:39.527,76.3800,2
45219527481094,12:33:39.527,76.3800,48
45219527562960,12:33:39.527,76.3700,5
45311206150500,12:35:11.206,76.4100,12
45311206150500,12:35:11.206,76.4100,100
45311206197856,12:35:11.206,76.4100,100
45314207762828,12:35:14.207,76.4400,100
45393390784961,12:36:33.390,76.4100,91
45393390788653,12:36:33.390,76.4100,9
45393390788653,12:36:33.390,76.4100,5
45621252376815,12:40:21.252,76.4400,43
45621252376815,12:40:21.252,76.4400,29
45621252376815,12:40:21.252,76.4400,28
45621252417475,12:40:21.252,76.4400,2
45621252417475,12:40:21.252,76.4400,100
45621252417475,12:40:21.252,76.4500,31
45621252431949,12:40:21.252,76.4500,50
45621252476475,12:40:21.252,76.4500,19
45698037298644,12:41:38.037,76.3900,100
45698037331887,12:41:38.037,76.3900,100
45698037913834,12:41:38.037,76.3800,100
45698038745476,12:41:38.038,76.3900,56
45708580976277,12:41:48.580,76.3500,10
45708580976277,12:41:48.580,76.3500,10
45711317364722,12:41:51.317,76.3400,10
45711317364722,12:41:51.317,76.3400,10
45725821526045,12:42:05.821,76.3300,6
45725821568240,12:42:05.821,76.3200,20
45725878838923,12:42:05.878,76.3000,14
45725878893890,12:42:05.878,76.3000,86
45726505529826,12:42:06.505,76.2900,10
45726505529826,12:42:06.505,76.2900,10
45738720582431,12:42:18.720,76.2900,100
45738720582431,12:42:18.720,76.2900,100
45829968459097,12:43:49.968,76.2800,10
45829968459097,12:43:49.968,76.2800,100
45829968504443,12:43:49.968,76.2700,4
45829976773381,12:43:49.976,76.2700,6
45830145515373,12:43:50.145,76.2600,10
45888726406435,12:44:48.726,76.2500,10
45888726406435,12:44:48.726,76.2500,53
45888726416586,12:44:48.726,76.2500,3
45888726717662,12:44:48.726,76.2500,42
45888727084605,12:44:48.727,76.2500,2
45888727084605,12:44:48.727,76.2500,7
45890562277115,12:44:50.562,76.2700,100
45890562277115,12:44:50.562,76.2700,100
45890562704707,12:44:50.562,76.2800,100
45891137356324,12:44:51.137,76.3000,97
45892929846863,12:44:52.929,76.2800,100
45892929846863,12:44:52.929,76.2700,100
45898930018349,12:44:58.930,76.3100,100
45993693202721,12:46:33.693,76.2700,6
46141474318732,12:49:01.474,76.3100,100
46141489149852,12:49:01.489,76.3300,2
46141491289929,12:49:01.491,76.3300,98
46141493177022,12:49:01.493,76.3400,100
46141496284894,12:49:01.496,76.3600,100
46141496284894,12:49:01.496,76.3600,100
46141521036470,12:49:01.521,76.3600,42
46150591162700,12:49:10.591,76.3600,58
46151990074001,12:49:11.990,76.3800,1
46151990418101,12:49:11.990,76.3800,6
46152051970473,12:49:12.051,76.3800,93
46454836054068,12:54:14.836,76.3400,100
46454836090797,12:54:14.836,76.3400,51
46454836113634,12:54:14.836,76.3400,49
46454836113634,12:54:14.836,76.3400,51
46454836154593,12:54:14.836,76.3400,49
46454836154593,12:54:14.836,76.3400,4
46559395305527,12:55:59.395,76.2000,10
46561216741638,12:56:01.216,76.2300,31
46561217088478,12:56:01.217,76.2300,31
46561217812107,12:56:01.217,76.2300,31
46561218532115,12:56:01.218,76.2300,7
46561218532115,12:56:01.218,76.2300,24
46561218576743,12:56:01.218,76.2300,1
46561218608949,12:56:01.218,76.2300,31
46561219267089,12:56:01.219,76.2300,31
46561221363278,12:56:01.221,76.2300,13
46561221363278,12:56:01.221,76.2300,18
46561221792391,12:56:01.221,76.2300,31
46561221829211,12:56:01.221,76.2300,51
46562467127687,12:56:02.467,76.2000,100
46562467127687,12:56:02.467,76.1900,2
46562467127687,12:56:02.467,76.1900,18
46564966005987,12:56:04.966,76.2000,100
46564966005987,12:56:04.966,76.2000,2
46571725425681,12:56:11.725,76.1800,10
46572008814489,12:56:12.008,76.2100,100
46572009337611,12:56:12.009,76.1900,81
46572701182121,12:56:12.701,76.2000,100
46572794382826,12:56:12.794,76.2400,100
46681832490750,12:58:01.832,76.2000,86
46834754497522,13:00:34.754,76.1900,2
46841723779747,13:00:41.723,76.1700,5
47060009075663,13:04:20.009,76.1700,100
47060009075663,13:04:20.009,76.1700,3
47060009241185,13:04:20.009,76.1600,1
47060009248254,13:04:20.009,76.1500,10
47060009248254,13:04:20.009,76.1500,38
47060009294995,13:04:20.009,76.1500,2
47065617421466,13:04:25.617,76.1400,1
47065786004658,13:04:25.786,76.1300,3
47065786004658,13:04:25.786,76.1300,7
47070064246731,13:04:30.064,76.1200,10
47070064246731,13:04:30.064,76.1100,13
47070064276843,13:04:30.064,76.1100,28
47073087891182,13:04:33.087,76.1200,200
47096462457280,13:04:56.462,76.1100,49
47096462476905,13:04:56.462,76.1100,10
47158327785151,13:05:58.327,76.1000,5
47158327785151,13:05:58.327,76.1000,5
47158327785151,13:05:58.327,76.0900,100
47195218946325,13:06:35.218,76.1100,8
47195218946325,13:06:35.218,76.1100,53
47195218950738,13:06:35.218,76.1100,47
47195218952034,13:06:35.218,76.1100,55
47195220055184,13:06:35.220,76.1200,100
47195221834762,13:06:35.221,76.1300,100
47195221834762,13:06:35.221,76.1300,300
47201715190510,13:06:41.715,76.1700,100
47262412524338,13:07:42.412,76.1400,100
47262413149782,13:07:42.413,76.1300,4
47375977217073,13:09:35.977,76.1600,48
47375977234895,13:09:35.977,76.1600,47
47375977243293,13:09:35.977,76.1600,5
47375977243293,13:09:35.977,76.1600,45
47375977247726,13:09:35.977,76.1600,55
47375977247726,13:09:35.977,76.1600,10
47444764955335,13:10:44.764,76.1400,5
47444764955335,13:10:44.764,76.1400,95
47444796476534,13:10:44.796,76.1200,100
47461693385428,13:11:01.693,76.1500,43
47461693390774,13:11:01.693,76.1500,57
47461693390774,13:11:01.693,76.1500,100
47461693390774,13:11:01.693,76.1500,43
47461693394517,13:11:01.693,76.1500,50
47461693406309,13:11:01.693,76.1500,7
47568603754604,13:12:48.603,76.1700,100
47568603754604,13:12:48.603,76.1700,100
47568603754604,13:12:48.603,76.1700,100
47568603754604,13:12:48.603,76.1700,100
47622692586656,13:13:42.692,76.2100,90
47622692621471,13:13:42.692,76.2100,10
47622692788357,13:13:42.692,76.2300,300
47677675535301,13:14:37.675,76.2600,100
47677675535301,13:14:37.675,76.2700,100
47677681231600,13:14:37.681,76.2700,100
47677742040910,13:14:37.742,76.2900,100
47677743848527,13:14:37.743,76.2900,100
47677745174813,13:14:37.745,76.2900,100
47709117048636,13:15:09.117,76.2400,100
47709117048636,13:15:09.117,76.2400,100
47709117048636,13:15:09.117,76.2400,3
47924469585401,13:18:44.469,76.3500,100
47924469585401,13:18:44.469,76.3500,100
47951697321469,13:19:11.697,76.3600,70
47951697321469,13:19:11.697,76.3600,1
47951697321469,13:19:11.697,76.3700,30
47992688942626,13:19:52.688,76.3700,100
47992688942626,13:19:52.688,76.3700,100
48045856099424,13:20:45.856,76.3300,1
48045860453843,13:20:45.860,76.3300,99
48045860453843,13:20:45.860,76.3300,1
48045860609581,13:20:45.860,76.3300,68
48083827581381,13:21:23.827,76.3500,16
48083827621891,13:21:23.827,76.3600,2
48083827621891,13:21:23.827,76.3600,90
48083827621891,13:21:23.827,76.3600,17
48083827973260,13:21:23.827,76.3600,83
48094699224522,13:21:34.699,76.4000,100
48094699224522,13:21:34.699,76.4000,100
48151703973349,13:22:31.703,76.4300,44
48192688891449,13:23:12.688,76.4300,82
48206153213500,13:23:26.153,76.4000,100
48206153213500,13:23:26.153,76.4000,100
48206153213500,13:23:26.153,76.3900,100
48206153242646,13:23:26.153,76.3900,100
48206153242646,13:23:26.153,76.3900,100
48206153252930,13:23:26.153,76.3900,86
48206658556434,13:23:26.658,76.4000,25
48211359189841,13:23:31.359,76.4200,3
48211359189841,13:23:31.359,76.4200,97
48238136000266,13:23:58.136,76.4300,13
48238136086918,13:23:58.136,76.4300,87
48382777559161,13:26:22.777,76.4000,100
48382777559161,13:26:22.777,76.4000,100
48382777559161,13:26:22.777,76.4000,4
48530018242309,13:28:50.018,76.3900,1
48667751735044,13:31:07.751,76.3900,1
48667751772360,13:31:07.751,76.3900,98
48667751772360,13:31:07.751,76.3900,100
48667751772360,13:31:07.751,76.3900,3
48667751772360,13:31:07.751,76.3900,100
48667752549288,13:31:07.752,76.3900,2
48667752549288,13:31:07.752,76.3900,98
48690909673234,13:31:30.909,76.3800,100
48690909782547,13:31:30.909,76.3700,100
48690909782547,13:31:30.909,76.3700,100
48690910246721,13:31:30.910,76.3600,20
48690910272073,13:31:30.910,76.3600,80
48778770188619,13:32:58.770,76.3600,100
48785017336374,13:33:05.017,76.3800,2
48831850380620,13:33:51.850,76.3400,82
48831852198991,13:33:51.852,76.3400,18
48831852198991,13:33:51.852,76.3400,19
48831852824879,13:33:51.852,76.3400,18
48831861222680,13:33:51.861,76.3400,63
49048561970632,13:37:28.561,76.3200,100
49048561970632,13:37:28.561,76.3200,100
49048561970632,13:37:28.561,76.3200,100
49048561973914,13:37:28.561,76.3200,100
49049473214220,13:37:29.473,76.3400,100
49049473214220,13:37:29.473,76.3400,100
49049473214220,13:37:29.473,76.3400,14
49199466748613,13:39:59.466,76.3100,1
49199466748613,13:39:59.466,76.3100,1
49199466748613,13:39:59.466,76.3100,100
49199467690457,13:39:59.467,76.3000,2
49268919095085,13:41:08.919,76.2800,1
49268919095085,13:41:08.919,76.2800,1
49268919095085,13:41:08.919,76.2800,8
49383845564201,13:43:03.845,76.2400,1
49383845564201,13:43:03.845,76.2400,4
49383891573109,13:43:03.891,76.2400,100
49386748450572,13:43:06.748,76.2300,1
49396747286769,13:43:16.747,76.2000,2
49396747286769,13:43:16.747,76.2000,3
49396747286769,13:43:16.747,76.2000,95
49396779457513,13:43:16.779,76.2300,100
49396779583785,13:43:16.779,76.2300,100
49396779583785,13:43:16.779,76.2400,48
49396779622657,13:43:16.779,76.2400,52
49396779622657,13:43:16.779,76.2400,48
49397534327840,13:43:17.534,76.2500,100
49397534327840,13:43:17.534,76.2500,100
49452609817074,13:44:12.609,76.2300,3
49462900164113,13:44:22.900,76.2000,18
49583801281710,13:46:23.801,76.1900,1
49666128861251,13:47:46.128,76.1500,2
49666128861251,13:47:46.128,76.1500,3
49666128861251,13:47:46.128,76.1500,66
49666128902877,13:47:46.128,76.1500,34
49666128902877,13:47:46.128,76.1500,15
49666128992194,13:47:46.128,76.1500,85
49666294442658,13:47:46.294,76.1400,10
49666294504444,13:47:46.294,76.1300,5
49666294787494,13:47:46.294,76.1200,3
49666294787494,13:47:46.294,76.1200,7
49722988904127,13:48:42.988,76.1700,100
49722988904127,13:48:42.988,76.1700,100
49722988904127,13:48:42.988,76.1700,100
49722988904127,13:48:42.988,76.1700,100
49723066239159,13:48:43.066,76.1900,100
49723066239159,13:48:43.066,76.1900,100
49728736947070,13:48:48.736,76.2000,100
49736781018535,13:48:56.781,76.2200,100
49793724120104,13:49:53.724,76.1700,10
49793724120104,13:49:53.724,76.1700,1
49867511700473,13:51:07.511,76.2300,70
49983701251066,13:53:03.701,76.2600,29
49983701689917,13:53:03.701,76.2700,100
49983706352008,13:53:03.706,76.2900,2
50003375394794,13:53:23.375,76.2700,1
50003375394794,13:53:23.375,76.2600,99
50109431794571,13:55:09.431,76.2600,100
50200000193164,13:56:40.000,76.2900,100
50200000193164,13:56:40.000,76.2900,1
50200037372814,13:56:40.037,76.3100,100
50200037372814,13:56:40.037,76.3100,100
50255750933018,13:57:35.750,76.3700,100
50280516171281,13:58:00.516,76.3500,40
50280516200931,13:58:00.516,76.3500,60
50402692488171,14:00:02.692,76.2900,10
50402746365047,14:00:02.746,76.2700,10
50402746365047,14:00:02.746,76.2500,100
50409016242765,14:00:09.016,76.4000,100
50409016281010,14:00:09.016,76.4000,2
50409016281010,14:00:09.016,76.4100,44
50409016283275,14:00:09.016,76.4100,56
50409016333837,14:00:09.016,76.4200,11
50409016334517,14:00:09.016,76.4200,89
50417073459821,14:00:17.073,76.5300,2
50628932114243,14:03:48.932,76.6550,2
50641179088892,14:04:01.179,76.6550,3
50695503062277,14:04:55.503,76.7800,18
50695503062277,14:04:55.503,76.7800,82
50695503090478,14:04:55.503,76.7800,18
50695503374406,14:04:55.503,76.7900,37
50695503439833,14:04:55.503,76.7900,10
50695503523431,14:04:55.503,76.7900,20
50695503815663,14:04:55.503,76.7900,33
50695503815663,14:04:55.503,76.7900,67
50695504015482,14:04:55.504,76.7900,16
50695504048025,14:04:55.504,76.7900,17
50705643362719,14:05:05.643,76.8800,83
50705643388059,14:05:05.643,76.8800,17
50719081009081,14:05:19.081,76.8400,1
50786426370215,14:06:26.426,76.8300,2
50878891859185,14:07:58.891,76.8300,98
50878891859185,14:07:58.891,76.8300,100
50878891859185,14:07:58.891,76.8300,1
50878891859185,14:07:58.891,76.8300,41
50878891892084,14:07:58.891,76.8300,59
50878891892084,14:07:58.891,76.8300,2
50878891892084,14:07:58.891,76.8300,100
50878892176978,14:07:58.892,76.8200,20
50878892176978,14:07:58.892,76.8100,66
50878892560090,14:07:58.892,76.8100,2
50878892859419,14:07:58.892,76.8100,32
50889518794884,14:08:09.518,76.7300,6
50925692471634,14:08:45.692,76.6700,2
51256390531497,14:14:16.390,76.7700,6
51256390531497,14:14:16.390,76.7700,50
51256390531497,14:14:16.390,76.7700,7
51256390534045,14:14:16.390,76.7700,93
51256390534045,14:14:16.390,76.7700,7
51256390534746,14:14:16.390,76.7700,93
51256390534746,14:14:16.390,76.7700,100
51256390534746,14:14:16.390,76.7700,100
51256390534746,14:14:16.390,76.7700,16
51256390534746,14:14:16.390,76.7700,100
51256393893919,14:14:16.393,76.7900,100
51256415062364,14:14:16.415,76.8200,100
51256706335227,14:14:16.706,76.8200,100
51258475188826,14:14:18.475,76.8300,100
51300199781544,14:15:00.199,76.8200,6
51300200260102,14:15:00.200,76.8200,7
51342202892355,14:15:42.202,76.8100,100
51342202892355,14:15:42.202,76.8100,20
51342202905478,14:15:42.202,76.8100,80
51343525955776,14:15:43.525,76.7900,55
51343526025501,14:15:43.526,76.7900,45
51343526025501,14:15:43.526,76.7900,10
51349881223754,14:15:49.881,76.8500,2
51354446838028,14:15:54.446,76.8500,98
51354446838028,14:15:54.446,76.8500,100
51354446838028,14:15:54.446,76.8500,83
51381706410449,14:16:21.706,76.9200,100
51381706454001,14:16:21.706,76.9400,78
51381706464655,14:16:21.706,76.9400,22
51381706464655,14:16:21.706,76.9400,1
51385392688189,14:16:25.392,76.9500,100
51429734913394,14:17:09.734,77.0000,26
51452973849559,14:17:32.973,77.0700,100
51461354113583,14:17:41.354,76.9900,100
51461354113583,14:17:41.354,76.9100,100
51461380895136,14:17:41.380,76.9000,100
51461380895136,14:17:41.380,76.9000,6
51461380895136,14:17:41.380,76.9000,100
51461380952963,14:17:41.380,76.9000,100
51461381025057,14:17:41.381,76.8900,100
51551424417517,14:19:11.424,76.9700,30
51637711700986,14:20:37.711,76.9200,100
51637711732546,14:20:37.711,76.9200,4
51637711732546,14:20:37.711,76.9200,100
51637711732546,14:20:37.711,76.9200,100
51654265105136,14:20:54.265,76.9600,64
51654265106079,14:20:54.265,76.9600,36
51654265106079,14:20:54.265,76.9600,14
51654265106806,14:20:54.265,76.9600,50
51654265207597,14:20:54.265,76.9600,36
51654266064545,14:20:54.266,76.9800,100
51781719485279,14:23:01.719,77.0600,100
51781723290694,14:23:01.723,77.1100,27
51781723317413,14:23:01.723,77.1100,73
51788460360399,14:23:08.460,77.1500,50
51788460360399,14:23:08.460,77.1600,27
51860201865836,14:24:20.201,77.1300,48
51860201868376,14:24:20.201,77.1300,50
51860201922427,14:24:20.201,77.1300,2
51860202660400,14:24:20.202,77.1300,2
51860202723338,14:24:20.202,77.1200,100
51871809056069,14:24:31.809,77.0800,100
51980441675469,14:26:20.441,76.9600,6
52031096368883,14:27:11.096,77.0200,5
52058524987365,14:27:38.524,76.8800,81
52058524992047,14:27:38.524,76.8800,19
52058524992047,14:27:38.524,76.8700,81
52058524997335,14:27:38.524,76.8700,19
52059286198099,14:27:39.286,76.8500,100
52059486103226,14:27:39.486,76.8200,100
52083631710260,14:28:03.631,76.8400,61
52083631718523,14:28:03.631,76.8400,39
52083634646095,14:28:03.634,76.8700,100
52083635574720,14:28:03.635,76.9000,5
52083635598278,14:28:03.635,76.9000,95
52135525817270,14:28:55.525,76.8700,100
52135525817270,14:28:55.525,76.8700,100
52204776667545,14:30:04.776,76.8300,77
52204776993014,14:30:04.776,76.8300,2
52204777003081,14:30:04.777,76.8300,21
52204777003081,14:30:04.777,76.8300,4
52204777003081,14:30:04.777,76.8300,25
52204777046662,14:30:04.777,76.8300,27
52204777344463,14:30:04.777,76.8300,27
52204777482097,14:30:04.777,76.8300,2
52204778207068,14:30:04.778,76.8300,19
52204778207068,14:30:04.778,76.8100,29
52204790934902,14:30:04.790,76.8100,71
52223991238933,14:30:23.991,76.8800,100
52223991265012,14:30:23.991,76.9000,45
52223991272915,14:30:23.991,76.9000,55
52370558134893,14:32:50.558,76.8400,2
52370558134893,14:32:50.558,76.8400,9
52389586052313,14:33:09.586,76.8300,100
52389967482077,14:33:09.967,76.8200,100
52433896871991,14:33:53.896,76.8900,13
52433896889616,14:33:53.896,76.9000,100
52433896889616,14:33:53.896,76.9000,10
52433896894131,14:33:53.896,76.9000,2
52433896897312,14:33:53.896,76.9000,55
52433896897791,14:33:53.896,76.9000,33
52473031520289,14:34:33.031,76.9500,100
52559902951806,14:35:59.902,76.9200,36
52559902965130,14:35:59.902,76.9200,64
52559902965130,14:35:59.902,76.9200,4
52559902965130,14:35:59.902,76.9200,32
52559902967396,14:35:59.902,76.9200,68
52559902967396,14:35:59.902,76.9200,5
52559902973584,14:35:59.902,76.9200,5
52559903597633,14:35:59.903,76.9100,100
52575493934726,14:36:15.493,76.8600,100
52575493959828,14:36:15.493,76.8600,6
52575495055705,14:36:15.495,76.8400,2
52644097873344,14:37:24.097,76.9200,100
52644097873344,14:37:24.097,76.9200,28
52644097883047,14:37:24.097,76.9200,72
52644097895732,14:37:24.097,76.9200,37
52644097905872,14:37:24.097,76.9200,63
52644097913721,14:37:24.097,76.9300,73
52644097983366,14:37:24.097,76.9300,27
52644097983366,14:37:24.097,76.9300,73
52644098041738,14:37:24.098,76.9300,27
52644098041738,14:37:24.098,76.9400,73
52644098096905,14:37:24.098,76.9400,100
52644099260051,14:37:24.099,76.9400,100
52644099287406,14:37:24.099,76.9400,27
52645368549866,14:37:25.368,76.9600,20
52645370001004,14:37:25.370,76.9600,16
52645370026377,14:37:25.370,76.9600,148
52689280475324,14:38:09.280,77.0100,85
52689280475937,14:38:09.280,77.0100,15
52689280977186,14:38:09.280,77.0100,100
52720720752505,14:38:40.720,77.0600,100
52725034138927,14:38:45.034,77.1100,100
52725034138927,14:38:45.034,77.1100,100
52744460247017,14:39:04.460,77.1300,1
52771644131563,14:39:31.644,77.0600,5
52771644231432,14:39:31.644,77.0500,50
52771644332314,14:39:31.644,77.0500,17
52771644384074,14:39:31.644,77.0500,33
52771646643118,14:39:31.646,77.0200,100
52771646707043,14:39:31.646,77.0100,2
52929569229071,14:42:09.569,77.1500,37
52929569229071,14:42:09.569,77.1500,1
52929569261489,14:42:09.569,77.1500,100
52929570543387,14:42:09.570,77.1600,100
52939054865734,14:42:19.054,77.1800,4
52939054875749,14:42:19.054,77.1800,50
52939054889824,14:42:19.054,77.1800,17
52939054894005,14:42:19.054,77.1800,29
52960271215974,14:42:40.271,77.1000,100
52960271264829,14:42:40.271,77.0900,47
52960271272893,14:42:40.271,77.0900,53
52962191035732,14:42:42.191,77.0500,100
52962322953715,14:42:42.322,77.0400,100
52962339070426,14:42:42.339,77.0300,2
52962339070426,14:42:42.339,77.0300,2
52962339070426,14:42:42.339,77.0300,6
52976818132782,14:42:56.818,77.0200,2
52995095375592,14:43:15.095,76.9800,2
52995095375592,14:43:15.095,76.9800,34
52995095386550,14:43:15.095,76.9800,66
52995095388007,14:43:15.095,76.9800,66
52995095427902,14:43:15.095,76.9800,34
52996817258823,14:43:16.817,76.9600,2
52996817258823,14:43:16.817,76.9600,3
53016800512753,14:43:36.800,77.0600,42
53016800519827,14:43:36.800,77.0600,51
53016800526337,14:43:36.800,77.0600,7
53016800526337,14:43:36.800,77.0600,51
53016800527371,14:43:36.800,77.0600,7
53016800532635,14:43:36.800,77.0600,7
53016800549130,14:43:36.800,77.0600,5
53059778033001,14:44:19.778,77.0800,100
53085187619408,14:44:45.187,77.0900,100
53085187619408,14:44:45.187,77.0900,100
53090245286984,14:44:50.245,77.1400,100
53213050602743,14:46:53.050,77.1500,14
53338851922040,14:48:58.851,77.2100,1
53338851922040,14:48:58.851,77.2100,99
53338851950753,14:48:58.851,77.2100,1
53338853044474,14:48:58.853,77.2000,100
53467436365298,14:51:07.436,77.0900,1
53467437076898,14:51:07.437,77.0700,2
53467437076898,14:51:07.437,77.0700,3
53470448990595,14:51:10.448,77.0500,9
53523431213113,14:52:03.431,77.1300,100
53523431213113,14:52:03.431,77.1300,100
53523590987723,14:52:03.590,77.1500,16
53535443399867,14:52:15.443,77.1900,100
53539365165294,14:52:19.365,77.2600,87
53607499108599,14:53:27.499,77.2300,81
53625619136913,14:53:45.619,77.2300,5
53625619461230,14:53:45.619,77.2300,14
53625619461230,14:53:45.619,77.2300,81
53625619802550,14:53:45.619,77.2300,19
53630128533824,14:53:50.128,77.2600,13
53630319077641,14:53:50.319,77.2700,100
53641898026844,14:54:01.898,77.3000,100
53652740178885,14:54:12.740,77.2700,100
53663400421088,14:54:23.400,77.3100,84
53666149564729,14:54:26.149,77.2700,100
53672582157844,14:54:32.582,77.3200,81
53773211361795,14:56:13.211,77.3400,24
53799326119146,14:56:39.326,77.3500,23
53799326588279,14:56:39.326,77.3600,100
53799340304053,14:56:39.340,77.3700,100
53805594050900,14:56:45.594,77.3600,100
53810630396571,14:56:50.630,77.3850,100
53813482374517,14:56:53.482,77.3600,14
53813482374517,14:56:53.482,77.3600,100
53813482418185,14:56:53.482,77.3500,50
53813482646247,14:56:53.482,77.3500,50
53854224311125,14:57:34.224,77.3300,100
53854226322180,14:57:34.226,77.3200,100
53855222280649,14:57:35.222,77.2800,1
53855222280649,14:57:35.222,77.2800,2
53855222280649,14:57:35.222,77.2800,4
54022161040929,15:00:22.161,77.3400,100
54022161070902,15:00:22.161,77.3400,19
54090538793103,15:01:30.538,77.2700,4
54090538793103,15:01:30.538,77.2700,6
54090538793103,15:01:30.538,77.2600,4
54090538793103,15:01:30.538,77.2600,1
54090538793103,15:01:30.538,77.2600,44
54112500899809,15:01:52.500,77.3200,100
54161666952649,15:02:41.666,77.2600,22
54200815578700,15:03:20.815,77.2200,100
54201832321418,15:03:21.832,77.2100,3
54201832321418,15:03:21.832,77.2100,7
54214206114501,15:03:34.206,77.2900,7
54214207810323,15:03:34.207,77.3000,100
54214211744507,15:03:34.211,77.3400,100
54285849827409,15:04:45.849,77.2300,16
54285850380894,15:04:45.850,77.2100,100
54285850380894,15:04:45.850,77.2100,100
54285856549309,15:04:45.856,77.1900,2
54285856549309,15:04:45.856,77.1900,3
54285862850172,15:04:45.862,77.1800,2
54300777795098,15:05:00.777,77.2150,100
54300777795098,15:05:00.777,77.2150,100
54309002859441,15:05:09.002,77.1800,100
54320239246982,15:05:20.239,77.1800,100
54346813089899,15:05:46.813,77.1500,1
54346813089899,15:05:46.813,77.1500,1
54392531404833,15:06:32.531,77.2000,86
54392537213111,15:06:32.537,77.2100,100
54392538209019,15:06:32.538,77.2200,100
54392538260832,15:06:32.538,77.2200,100
54392538290355,15:06:32.538,77.2200,100
54393020342096,15:06:33.020,77.2300,100
54402202782888,15:06:42.202,77.2600,100
54402202842387,15:06:42.202,77.2700,100
54418517940747,15:06:58.517,77.2200,100
54418517971470,15:06:58.517,77.2200,14
54519664878119,15:08:39.664,77.2500,100
54519689459288,15:08:39.689,77.2300,11
54569220557948,15:09:29.220,77.2100,100
54592777026158,15:09:52.777,77.2300,100
54610691216600,15:10:10.691,77.1800,8
54641670982707,15:10:41.670,77.1400,5
54641671049933,15:10:41.671,77.1300,46
54641838603713,15:10:41.838,77.1200,5
54641838711599,15:10:41.838,77.1100,100
54641838711599,15:10:41.838,77.1100,5
54642816781048,15:10:42.816,77.1000,1
54642817882770,15:10:42.817,77.0900,10
54642817882770,15:10:42.817,77.0900,90
54642817909777,15:10:42.817,77.0900,10
54643469561677,15:10:43.469,77.0800,2
54643481895341,15:10:43.481,77.0700,1
54668447692600,15:11:08.447,77.0600,1
54692026788085,15:11:32.026,77.0900,100
54692027479196,15:11:32.027,77.1000,100
54692105944946,15:11:32.105,77.1000,11
54692105944946,15:11:32.105,77.1000,100
54692105944946,15:11:32.105,77.1500,100
54692106248615,15:11:32.106,77.1500,100
54885888304881,15:14:45.888,77.1500,100
54885888372815,15:14:45.888,77.1400,11
54885888372815,15:14:45.888,77.1400,3
54885888735328,15:14:45.888,77.1550,100
54921921167957,15:15:21.921,77.1800,100
54921921205430,15:15:21.921,77.1800,1
54921921205430,15:15:21.921,77.1800,32
54921934373341,15:15:21.934,77.2200,300
54965242060212,15:16:05.242,77.2300,100
54965242132887,15:16:05.242,77.2300,100
54965242132887,15:16:05.242,77.2300,10
54965242132887,15:16:05.242,77.2300,9
55000035506319,15:16:40.035,77.2300,100
55000035846638,15:16:40.035,77.1900,1
55060207201775,15:17:40.207,77.1400,100
55060223504585,15:17:40.223,77.1800,45
55173249209254,15:19:33.249,77.1900,20
55189349844953,15:19:49.349,77.2100,100
55212095234891,15:20:12.095,77.2700,100
55270065260606,15:21:10.065,77.2900,100
55270065416179,15:21:10.065,77.2900,40
55270072432285,15:21:10.072,77.2700,100
55293631701240,15:21:33.631,77.2600,15
55301652059411,15:21:41.652,77.2500,100
55301652170740,15:21:41.652,77.2500,80
55402162967377,15:23:22.162,77.2200,100
55402162967377,15:23:22.162,77.2200,28
55402163315591,15:23:22.163,77.2100,100
55405393682181,15:23:25.393,77.1900,100
55458177303949,15:24:18.177,77.1900,81
55458559605702,15:24:18.559,77.1700,100
55538888414009,15:25:38.888,77.1300,100
55538888414009,15:25:38.888,77.1300,100
55538888414009,15:25:38.888,77.1300,100
55538888414009,15:25:38.888,77.1300,100
55538888414009,15:25:38.888,77.1300,2
55541515428878,15:25:41.515,77.1700,70
55541515460175,15:25:41.515,77.1700,30
55554306951307,15:25:54.306,77.1400,100
55564306906059,15:26:04.306,77.1700,100
55592384367328,15:26:32.384,77.1600,3
55592384367328,15:26:32.384,77.1600,8
55613764535597,15:26:53.764,77.1500,100
55613764566156,15:26:53.764,77.1500,100
55620621166006,15:27:00.621,77.1300,100
55650212182415,15:27:30.212,77.1100,2
55650212182415,15:27:30.212,77.1100,100
55673121558864,15:27:53.121,77.1400,100
55673121558864,15:27:53.121,77.1400,18
55673121558864,15:27:53.121,77.1400,100
55673159199564,15:27:53.159,77.1600,200
55673159243363,15:27:53.159,77.1600,100
55683134276339,15:28:03.134,77.1800,100
55748530785743,15:29:08.530,77.1700,3
55748764866719,15:29:08.764,77.1700,11
55757472123081,15:29:17.472,77.1600,100
55757472158301,15:29:17.472,77.1600,100
55757481441822,15:29:17.481,77.1500,100
55763953067400,15:29:23.953,77.1100,100
55800824170104,15:30:00.824,77.0800,2
55802633011659,15:30:02.633,77.0900,100
55802633802411,15:30:02.633,77.0800,100
55803409208376,15:30:03.409,77.0800,8
55804462626186,15:30:04.462,77.0600,2
55804903913645,15:30:04.903,77.0400,100
55812429592456,15:30:12.429,77.0300,100
55812430041932,15:30:12.430,77.0300,14
55814920959876,15:30:14.920,77.0300,36
55828508356399,15:30:28.508,77.0700,38
55828510540607,15:30:28.510,77.0700,62
55828510540607,15:30:28.510,77.0700,1
55831288672603,15:30:31.288,77.1000,42
55831288709871,15:30:31.288,77.1000,16
55831288728412,15:30:31.288,77.1000,42
55915700158018,15:31:55.700,77.1600,100
55917688376539,15:31:57.688,77.1900,80
55917688402355,15:31:57.688,77.1900,20
55921576907940,15:32:01.576,77.1700,6
55924203750701,15:32:04.203,77.1600,94
55924203750701,15:32:04.203,77.1600,6
55931129172130,15:32:11.129,77.1600,4
55946570055839,15:32:26.570,77.1300,100
55976462559719,15:32:56.462,77.1800,71
56011473812875,15:33:31.473,77.1900,100
56011473812875,15:33:31.473,77.1900,36
56011473812875,15:33:31.473,77.1900,8
56013078325288,15:33:33.078,77.1900,100
56037597487953,15:33:57.597,77.1600,53
56037597487953,15:33:57.597,77.1600,47
56043571562330,15:34:03.571,77.1400,2
56051458804735,15:34:11.458,77.1300,100
56053368752213,15:34:13.368,77.1300,83
56053368798329,15:34:13.368,77.1300,17
56090903810228,15:34:50.903,77.1100,100
56090903810228,15:34:50.903,77.1100,1
56090903810228,15:34:50.903,77.1100,99
56090904356304,15:34:50.904,77.1100,1
56090905185729,15:34:50.905,77.1000,2
56090905185729,15:34:50.905,77.1000,15
56090905185729,15:34:50.905,77.1000,100
56092318214967,15:34:52.318,77.1000,100
56092318269251,15:34:52.318,77.0900,2
56092318269251,15:34:52.318,77.0900,1
56092318562732,15:34:52.318,77.0900,3
56092318595414,15:34:52.318,77.0900,3
56092318910770,15:34:52.318,77.0900,25
56092318980916,15:34:52.318,77.0900,4
56092319008463,15:34:52.319,77.0900,21
56092319309847,15:34:52.319,77.0900,4
56092319642549,15:34:52.319,77.0900,15
56092319998797,15:34:52.319,77.0900,13
56092320025939,15:34:52.320,77.0900,2
56092320025939,15:34:52.320,77.0900,2
56092320053241,15:34:52.320,77.0900,9
56094519310576,15:34:54.519,77.1200,25
56094519310576,15:34:54.519,77.1200,75
56094519816019,15:34:54.519,77.1200,25
56100469805245,15:35:00.469,77.1400,28
56101847543706,15:35:01.847,77.1400,72
56102096845702,15:35:02.096,77.1500,100
56115822837166,15:35:15.822,77.1200,19
56171421908485,15:36:11.421,77.1400,2
56171422493642,15:36:11.422,77.1400,1
56171423676196,15:36:11.423,77.1300,1
56207126748098,15:36:47.126,77.1600,21
56210452948228,15:36:50.452,77.1800,94
56232850972997,15:37:12.850,77.1700,100
56251342673472,15:37:31.342,77.1900,100
56323482934354,15:38:43.482,77.1800,100
56323483045838,15:38:43.483,77.1800,12
56323521710141,15:38:43.521,77.1900,100
56323535101789,15:38:43.535,77.2000,1
56323535101789,15:38:43.535,77.2000,99
56323537234852,15:38:43.537,77.2000,1
56323537234852,15:38:43.537,77.2000,99
56323542112262,15:38:43.542,77.2000,1
56323574777899,15:38:43.574,77.2000,100
56324024278635,15:38:44.024,77.2100,100
56324024308015,15:38:44.024,77.2100,300
56345938527233,15:39:05.938,77.2200,100
56377016332251,15:39:37.016,77.2500,100
56377016952815,15:39:37.016,77.2600,100
56377017011729,15:39:37.017,77.2600,100
56377017040749,15:39:37.017,77.2600,100
56377038582083,15:39:37.038,77.2500,1
56377038582083,15:39:37.038,77.2500,84
56389470236214,15:39:49.470,77.2700,100
56389470893890,15:39:49.470,77.2700,100
56402510837065,15:40:02.510,77.2700,100
56402510837065,15:40:02.510,77.2700,100
56402512406204,15:40:02.512,77.2700,50
56402512432254,15:40:02.512,77.2700,50
56422118700733,15:40:22.118,77.2900,21
56426619624209,15:40:26.619,77.2700,100
56426619699705,15:40:26.619,77.2700,41
56426619746651,15:40:26.619,77.2700,109
56427742835234,15:40:27.742,77.2500,100
56427742835234,15:40:27.742,77.2500,100
56427742835234,15:40:27.742,77.2500,100
56437071439706,15:40:37.071,77.2400,100
56439121111307,15:40:39.121,77.2300,100
56439122721250,15:40:39.122,77.2300,100
56443049790495,15:40:43.049,77.2700,1
56461140215670,15:41:01.140,77.2600,100
56461140242631,15:41:01.140,77.2600,100
56461140257571,15:41:01.140,77.2500,100
56465329481359,15:41:05.329,77.2400,57
56465329524927,15:41:05.329,77.2400,43
56486993239564,15:41:26.993,77.2100,100
56486999368839,15:41:26.999,77.2000,100
56566069110008,15:42:46.069,77.2100,1
56566069110008,15:42:46.069,77.2100,99
56566069145705,15:42:46.069,77.2100,1
56566069145705,15:42:46.069,77.2100,21
56566069155528,15:42:46.069,77.2100,33
56566069155528,15:42:46.069,77.2100,184
56566069163948,15:42:46.069,77.2100,16
56566069163948,15:42:46.069,77.2100,6
56580128366975,15:43:00.128,77.2300,18
56596899784661,15:43:16.899,77.2000,2
56596899862627,15:43:16.899,77.2000,98
56624186346312,15:43:44.186,77.2100,7
56625160788272,15:43:45.160,77.2100,93
56625160788272,15:43:45.160,77.2100,7
56625160839379,15:43:45.160,77.2100,93
56626161278647,15:43:46.161,77.2200,100
56626161320907,15:43:46.161,77.2200,100
56626161697342,15:43:46.161,77.2300,100
56626161730751,15:43:46.161,77.2300,147
56626161761408,15:43:46.161,77.2300,53
56626161761408,15:43:46.161,77.2300,67
56626161788688,15:43:46.161,77.2300,33
56626161788688,15:43:46.161,77.2300,100
56628516189155,15:43:48.516,77.2400,71
56631536435842,15:43:51.536,77.2500,100
56650298106915,15:44:10.298,77.2400,100
56650298132535,15:44:10.298,77.2400,74
56650298133848,15:44:10.298,77.2400,26
56650300162717,15:44:10.300,77.2200,1
56650300961476,15:44:10.300,77.2200,99
56650551863430,15:44:10.551,77.2400,100
56700232080594,15:45:00.232,77.2000,100
56700232080594,15:45:00.232,77.2000,100
56700232080594,15:45:00.232,77.2000,100
56700232080594,15:45:00.232,77.2000,100
56700232080594,15:45:00.232,77.1700,100
56700288376026,15:45:00.288,77.1700,8
56700288410412,15:45:00.288,77.1700,92
56701773491399,15:45:01.773,77.2000,34
56701779350185,15:45:01.779,77.2000,66
56724953866377,15:45:24.953,77.2200,30
56724953866377,15:45:24.953,77.2300,1
56724953866377,15:45:24.953,77.2400,51
56727529735891,15:45:27.529,77.2500,100
56730826658047,15:45:30.826,77.2600,30
56730826658047,15:45:30.826,77.2600,70
56730826943428,15:45:30.826,77.2600,30
56752637097503,15:45:52.637,77.2800,100
56755773540322,15:45:55.773,77.2900,100
56757090990222,15:45:57.090,77.2800,100
56760924742610,15:46:00.924,77.2700,100
56764183334500,15:46:04.183,77.2700,12
56764183334500,15:46:04.183,77.2700,20
56764183334500,15:46:04.183,77.2700,60
56764184730571,15:46:04.184,77.2700,10
56770002588845,15:46:10.002,77.2500,100
56770002588845,15:46:10.002,77.2500,100
56808737791676,15:46:48.737,77.2000,100
56808737791676,15:46:48.737,77.2000,100
56808737791676,15:46:48.737,77.2000,100
56816420638786,15:46:56.420,77.2000,6
56816420638786,15:46:56.420,77.2000,28
56816420676612,15:46:56.420,77.2000,33
56816420713347,15:46:56.420,77.2000,62
56816420713347,15:46:56.420,77.2000,38
56816420742086,15:46:56.420,77.2000,62
56818355491223,15:46:58.355,77.2200,100
56824181360558,15:47:04.181,77.2200,96
56841003321611,15:47:21.003,77.1900,100
56842801534136,15:47:22.801,77.1700,55
56911271077867,15:48:31.271,77.1900,200
56911271077867,15:48:31.271,77.1900,100
56911271077867,15:48:31.271,77.1900,100
56911271077867,15:48:31.271,77.1900,33
56911271077867,15:48:31.271,77.1900,100
56911272125494,15:48:31.272,77.1700,100
56911787359936,15:48:31.787,77.1700,8
56913334023599,15:48:33.334,77.1800,30
56913334023599,15:48:33.334,77.1800,70
56913334513242,15:48:33.334,77.1800,30
56939156191546,15:48:59.156,77.1900,100
56940012559016,15:49:00.012,77.2000,200
56953780710437,15:49:13.780,77.1700,26
56979020762044,15:49:39.020,77.1900,17
56983894438028,15:49:43.894,77.1900,67
56984626457369,15:49:44.626,77.1800,100
56984626457369,15:49:44.626,77.1800,40
56997531179611,15:49:57.531,77.1700,100
56997531211519,15:49:57.531,77.1700,100
57016848596231,15:50:16.848,77.1700,100
57017441787655,15:50:17.441,77.1800,97
57019435335583,15:50:19.435,77.1800,100
57019435366351,15:50:19.435,77.1800,100
57019435366351,15:50:19.435,77.1800,100
57019435366351,15:50:19.435,77.1800,12
57065377675123,15:51:05.377,77.1700,150
57065377675123,15:51:05.377,77.1700,100
57065377675123,15:51:05.377,77.1700,1
57065377721088,15:51:05.377,77.1600,3
57065378578840,15:51:05.378,77.1600,97
57066020377031,15:51:06.020,77.1500,94
57066020979320,15:51:06.020,77.1500,6
57066021046703,15:51:06.021,77.1500,100
57066021046703,15:51:06.021,77.1600,30
57075992613197,15:51:15.992,77.1500,1
57094542539272,15:51:34.542,77.1600,36
57096350064768,15:51:36.350,77.1700,100
57096360725493,15:51:36.360,77.1700,100
57096360886202,15:51:36.360,77.1700,100
57096360886202,15:51:36.360,77.1700,4
57096360946668,15:51:36.360,77.1700,10
57114475505084,15:51:54.475,77.1600,100
57114475505084,15:51:54.475,77.1600,49
57114475537860,15:51:54.475,77.1600,14
57114475537860,15:51:54.475,77.1600,91
57114476346663,15:51:54.476,77.1500,100
57114476346663,15:51:54.476,77.1500,6
57114476407488,15:51:54.476,77.1500,94
57114484852982,15:51:54.484,77.1400,53
57114486239426,15:51:54.486,77.1400,47
57116447455515,15:51:56.447,77.1500,100
57116447455515,15:51:56.447,77.1500,100
57122020637570,15:52:02.020,77.1300,100
57122023665351,15:52:02.023,77.1400,8
57122129511976,15:52:02.129,77.1300,100
57124706618067,15:52:04.706,77.1400,100
57124706986073,15:52:04.706,77.1400,100
57140006870221,15:52:20.006,77.1200,6
57140006899106,15:52:20.006,77.1200,105
57140006899106,15:52:20.006,77.1200,100
57140006923934,15:52:20.006,77.1200,100
57141057076546,15:52:21.057,77.1000,80
57141057135861,15:52:21.057,77.1000,20
57143778019226,15:52:23.778,77.1000,89
57143778060267,15:52:23.778,77.1000,11
57143778759453,15:52:23.778,77.1000,100
57146739904750,15:52:26.739,77.0800,3
57160735931148,15:52:40.735,77.0700,100
57180740245232,15:53:00.740,77.0500,55
57186669770445,15:53:06.669,77.0500,45
57186669770445,15:53:06.669,77.0500,100
57190417723018,15:53:10.417,77.0400,100
57190417811976,15:53:10.417,77.0400,83
57208017774935,15:53:28.017,77.0300,100
57208017799915,15:53:28.017,77.0300,1
57215518695412,15:53:35.518,77.0300,100
57215518742633,15:53:35.518,77.0300,100
57215518746358,15:53:35.518,77.0300,108
57215518750505,15:53:35.518,77.0300,92
57215518750505,15:53:35.518,77.0300,8
57215518763453,15:53:35.518,77.0300,92
57215519997417,15:53:35.519,77.0400,100
57216171770915,15:53:36.171,77.0500,100
57218236827599,15:53:38.236,77.0500,28
57218236827599,15:53:38.236,77.0500,72
57225587954680,15:53:45.587,77.0300,100
57225588594378,15:53:45.588,77.0300,100
57240003207955,15:54:00.003,77.0500,100
57240033212815,15:54:00.033,77.0500,1
57247457140837,15:54:07.457,77.0700,100
57247457511917,15:54:07.457,77.0700,15
57248457701880,15:54:08.457,77.0800,100
57248457757025,15:54:08.457,77.0800,100
57248457812661,15:54:08.457,77.0900,55
57254994196321,15:54:14.994,77.0900,100
57266627494285,15:54:26.627,77.0800,3
57266627852578,15:54:26.627,77.0800,97
57266627852578,15:54:26.627,77.0800,100
57266628291934,15:54:26.628,77.0700,100
57270713981400,15:54:30.713,77.0800,100
57270714598306,15:54:30.714,77.0800,50
57270715943634,15:54:30.715,77.0800,50
57287006952050,15:54:47.006,77.0500,100
57287007490472,15:54:47.007,77.0400,100
57287009092366,15:54:47.009,77.0400,100
57287557981109,15:54:47.557,77.0300,6
57288010413672,15:54:48.010,77.0300,94
57288010905185,15:54:48.010,77.0200,100
57300075860210,15:55:00.075,77.0500,100
57301028249673,15:55:01.028,77.0700,100
57310149612420,15:55:10.149,77.1000,100
57313105161134,15:55:13.105,77.1400,100
57320259888419,15:55:20.259,77.1300,100
57350340760381,15:55:50.340,77.1500,100
57352275258492,15:55:52.275,77.1600,100
57352275286953,15:55:52.275,77.1600,10
57361824467021,15:56:01.824,77.1700,100
57361825217330,15:56:01.825,77.1700,100
57363713118360,15:56:03.713,77.1600,100
57363713724873,15:56:03.713,77.1500,9
57363862584163,15:56:03.862,77.1500,100
57389474562943,15:56:29.474,77.1800,100
57389474562943,15:56:29.474,77.1800,3
57389474562943,15:56:29.474,77.1800,100
57411363824460,15:56:51.363,77.1900,6
57411363824460,15:56:51.363,77.1900,14
57412961558744,15:56:52.961,77.1700,42
57412961683371,15:56:52.961,77.1700,58
57420050050398,15:57:00.050,77.1600,100
57420050715431,15:57:00.050,77.1600,100
57420300679945,15:57:00.300,77.1700,100
57421529223467,15:57:01.529,77.1800,100
57423203011542,15:57:03.203,77.1400,10
57429839833147,15:57:09.839,77.1600,100
57430153735029,15:57:10.153,77.1700,100
57430153812163,15:57:10.153,77.1700,100
57436005826169,15:57:16.005,77.1800,100
57461098487446,15:57:41.098,77.1600,100
57461856723496,15:57:41.856,77.1600,27
57462574614367,15:57:42.574,77.1500,1
57480196290344,15:58:00.196,77.1500,100
57480949121006,15:58:00.949,77.1400,90
57480949121006,15:58:00.949,77.1400,10
57480949147832,15:58:00.949,77.1400,1
57480949187677,15:58:00.949,77.1400,89
57480949187677,15:58:00.949,77.1400,100
57480949187677,15:58:00.949,77.1400,10
57480949914920,15:58:00.949,77.1400,90
57480949914920,15:58:00.949,77.1400,8
57485687501928,15:58:05.687,77.1300,100
57488378450458,15:58:08.378,77.1300,17
57502585445892,15:58:22.585,77.0600,100
57515384929095,15:58:35.384,77.0900,21
57515384929095,15:58:35.384,77.0900,79
57515385738857,15:58:35.385,77.1000,100
57515385775125,15:58:35.385,77.1000,82
57515385778356,15:58:35.385,77.1000,70
57515497362167,15:58:35.497,77.1300,100
57524743492864,15:58:44.743,77.1800,2
57539668865279,15:58:59.668,77.1300,100
57556640523582,15:59:16.640,77.0600,87
57556640550727,15:59:16.640,77.0600,26
57556640622933,15:59:16.640,77.0600,66
57556640870256,15:59:16.640,77.0600,178
57560280634588,15:59:20.280,77.0500,100
57579811201338,15:59:39.811,76.9900,100
57580417047191,15:59:40.417,76.9800,10
57582017989484,15:59:42.017,77.0300,7
57582298673737,15:59:42.298,76.9800,90
57582298673737,15:59:42.298,76.9800,10
57583973370168,15:59:43.973,76.9800,390
57583973370168,15:59:43.973,76.9800,500
57583973370168,15:59:43.973,76.9800,310
57583973402454,15:59:43.973,76.9800,90
57589493726652,15:59:49.493,77.0000,5
57600233452205,16:00:00.233,0.0000,0
